3100 5175
531 347 712 452 auaro,
732 392 788 453 vr.
815 401 934 458 ie—u.
1032 479 1034 482 Ι

1238 391 1300 457 245

160 563 311 652 αίρὲουσι
325 558 399 631 κατ’
415 559 519 653 ἄκρης
533 566 618 657 ἕκτῳ
631 569 701 634 ἔτει·
712 561 779 634 ἀπὸ
793 570 850 655 τής
864 563 1064 648 ἀποστάσιος
1076 572 1133 655 τής
1150 564 1298 656 Ἀριστα-

160 668 285 755 γόρεω,
304 668 361 735 καλ
375 663 666 755 ἠνδραποδίσαντο
680 665 742 757 τήν
755 667 872 756 πόλιν,
887 666 971 739 ὥστε
985 687 1171 759 συμπεσεῖν
1183 669 1220 741 τὸ
1235 671 1297 742 ποί-

158 783 220 850 sog
233 775 280 863 τῷ
293 777 482 862 χρηστηρίῳ
494 776 541 863 τῳ
555 773 587 850 ἐς
600 779 756 860 Μίλητον
773 776 953 866 γενομένῳ.
993 775 1220 862 Χρεωμίνοισι
1234 773 1298 867 γὰρ
1307 785 1344 847 19

156 871 333 962 Ἀργείοισι
349 876 386 942 ἐν
401 882 566 961 Δελφοῖσι
582 876 658 962 περὶ
673 883 839 963 σωτηρίης
860 881 917 963 τῆς
933 874 1045 957 πόλιος
1059 882 1117 966 τῆς
1135 879 1298 968 σφετέρης

158 976 306 1065 ἐχρήσθη
321 978 493 1045 ἐπίκοινον
506 977 717 1067 χρηστήριον,
732 976 769 1048 τὸ
782 979 845 1067 μὲν
859 982 892 1059 ἐς
904 976 1027 1060 αὐτοὺς
1040 978 1118 1061 τοὺς
1128 977 1299 1070 Ἀργείους

159 1082 281 1168 φέρον,
305 1076 368 1167 τήν
384 1079 421 1149 δὲ
441 1079 663 1169 παρενθήκην
683 1088 803 1170 ἔχρησε
820 1084 853 1161 ἐς
867 1089 1067 1170 Μιλησίους.
1095 1081 1132 1154 τό
1150 1086 1213 1173 μέν
1231 1113 1298 1157 νυν

157 1186 190 1262 ἐς
203 1179 281 1262 τούς
298 1177 470 1270 Ἀργείους
491 1190 585 1271 ἔχον,
613 1182 715 1253 ἐπεὰν
733 1183 819 1254 κατὰ
833 1191 930 1256 τοῦτο
945 1187 1094 1275 γένωμαι
1107 1193 1168 1256 τοῦ
1181 1186 1295 1275 λόγου,

157 1285 228 1355 τότε
242 1284 495 1374 μνησθήσομαι·
515 1284 556 1356 το]
570 1286 607 1356 ὄλ
617 1302 702 1358 τοῖσι
718 1295 917 1376 Μιλησίοισι
933 1287 974 1358 οὐ
989 1294 1149 1380 παρεοῦσι
1165 1296 1294 1381 ἔχρησε,

157 1395 223 1476 ἔχει
237 1378 321 1458 ὦδε·

331 1627 397 1678 Cur.
417 1628 521 1679 xv111.

189 1724 260 1797 ἕκτῳ
283 1725 340 1781 ἔτεϊ
366 1722 423 1780 ἆπὸ
450 1728 500 1794 τῆς
523 1723 698 1789 ἀποστάσιος

156 1799 207 1866 τῆς
228 1792 445 1866 Ἀρισταγόρεω]
481 1802 573 1864 Ηεοο,
595 1807 698 1867 tempo·

154 1888 211 1922 urm
226 1872 349 1921 rationes
364 1871 389 1919 si
406 1886 567 1935 sequamur,
587 1873 697 1921 coniun-

156 1948 199 1992 cta
213 1944 280 1991 suut
296 1957 358 1992 cum
371 1941 419 1997 iis,
434 1956 503 2005 qmae
516 1956 600 2005 supra
613 1940 648 1990 ad
662 1941 696 2004 V,

156 2012 204 2062 100
221 2011 426 2063 annotavimus.
460 2010 569 2060 Etenim
591 2010 616 2060 si
635 2010 697 2060 Sar-

155 2080 211 2143 des,
225 2086 257 2130 ut
271 2081 310 2130 ibi
323 2080 474 2144 posuimus,
487 2095 558 2130 anuo
570 2079 622 2131 499
632 2086 696 2130 aute

154 2149 215 2199 Chr.
232 2166 258 2199 n.
277 2154 377 2214 captae
391 2153 456 2199 sunt
475 2147 550 2212 (inde
568 2150 640 2199 euim
653 2149 697 2200 vel

153 2220 243 2284 potius
256 2220 292 2269 ab
306 2218 479 2283 expeditione
489 2220 585 2269 Ionum
599 2224 697 2269 contra

59 2291 64 2301 '
153 2289 252 2340 Sardes
264 2288 341 2339 iacta
351 2292 507 2338 numeratur
519 2289 696 2354 Aristagorae

153 2356 299 2423 deiectio),
312 2373 481 2423 consequens
495 2358 558 2408 inde
574 2364 632 2419 est,
646 2359 697 2408 Mi·

153 2429 234 2479 letum
256 2443 304 2477 sex
321 2427 402 2478 aunis
421 2431 484 2491 post
502 2432 611 2490 captam
627 2428 695 2476 inci-

153 2500 214 2549 dere
237 2499 265 2548 in
279 2512 381 2547 anuum
393 2497 446 2548 494
463 2497 523 2546 sive
537 2495 692 2560 Olympiad.

152 2568 256 2631 LXXI,
275 2567 306 2619 3:
332 2565 405 2632 quod
424 2581 484 2616 cum
503 2580 575 2616 auno
589 2566 641 2618 496
653 2565 695 2616 iu·

151 2644 223 2689 ctum
236 2654 296 2689 esse
317 2641 396 2702 putet
409 2636 604 2687 Weissenborn
619 2635 694 2699 (Hel-

149 2708 190 2758 las
200 2724 227 2773 p.
244 2709 294 2759 124
308 2721 384 2771 seqq.
398 2705 446 2754 127
457 2714 544 2770 seqq,
558 2721 637 2770 quem
653 2722 694 2757 se·

150 2779 241 2842 quitur
256 2777 286 2826 Ο.
298 2776 330 2827 G.
341 2774 480 2825 Schmidt:
500 2776 542 2824 De
557 2775 631 2825 rebb.
645 2790 695 2839 ρο-

149 2848 229 2898 blico.
238 2845 383 2896 Milesiorr.
394 2859 456 2909 pag.
468 2844 513 2909 58)
528 2860 589 2894 cum
596 2843 692 2894 Schul-

148 2917 218 2978 tzio‚
234 2919 307 2967 sexti
319 2915 385 2964 anni
404 2914 533 2964 inlocum
549 2913 623 2978 apud
638 2914 694 2964 Ho-

149 2986 273 3036 rodotum
284 2983 415 3035 substitui
424 2984 483 3034 vult
495 2992 616 3047 quorsum,
627 2999 692 3033 cou-

148 3055 257 3106 fusione
277 3057 339 3104 orta
363 3053 434 3103 iuter
456 3053 549 3102 literas
567 3054 588 3102 Z
610 3057 637 3102 st
656 3055 691 3114 Δ,

148 3125 248 3190 quibus
265 3123 292 3172 hi
304 3123 409 3174 numeri
423 3122 488 3173 olim
504 3121 621 3173 iudicati
635 3121 692 3172 lue-

148 3195 214 3244 rint.
236 3193 287 3243 Cui
300 3194 451 3242 assentitur
464 3192 548 3242 Grote
560 3192 577 3243 l.
592 3190 610 3243 l.
625 3207 688 3256 pag.

147 3264 195 3315 411
212 3278 299 3328 seqq,
319 3266 351 3311 ut
371 3261 414 3313 vel
427 3261 480 3311 496
494 3260 538 3312 uel
553 3260 605 3312 495
615 3259 692 3310 Milo·

147 3338 205 3383 tuns
218 3337 330 3397 captam
343 3347 402 3383 esse
416 3335 531 3382 statuat.
556 3331 689 3395 Equidem

147 3402 217 3454 hanc
237 3418 319 3452 unam
333 3417 432 3467 sequor
450 3402 600 3463 rationem,
619 3415 690 3464 quae

147 3488 206 3523 oum
221 3472 273 3534 iis,
293 3487 364 3536 quae
377 3470 412 3521 ad
425 3473 463 3533 V,
479 3470 528 3521 100
541 3470 690 3532 posuimus,

148 3541 277 3592 convenit
292 3556 417 3606 quaeque
434 3555 489 3589 una
506 3538 571 3588 mihi
582 3538 690 3588 videtur

147 3618 224 3662 recta
245 3625 316 3661 esse.

179 3675 310 3740 αι’ρίουσι
333 3667 397 3726 κατ’
424 3663 531 3739 ἄκρης]
572 3675 688 3725 Locutio

146 3748 217 3800 haud
231 3749 389 3814 infrequens
399 3746 433 3797 dc
445 3746 521 3807 urbe,
531 3759 602 3810 quae
614 3744 690 3809 peni·

147 3825 190 3871 lus
208 3836 231 3869 a.
254 3818 329 3868 omui
341 3834 374 3867 ex
389 3820 468 3882 parto
487 3815 609 3879 cupitur,
628 3830 688 3864 cum

146 3889 257 3954 propris
270 3886 377 3939 valeat:
402 3887 460 3935 iude
474 3902 490 3933 u
503 3900 593 3934 sruuuro
612 3888 688 3935 uerti·

146 3974 182 4017 cc,
194 3976 211 4008 a
224 3959 318 4020 cupite.
339 3958 419 4017 Nam,
434 3959 463 4004 ut
474 3954 513 4003 ait
522 3953 686 4017 Schweigh„

145 4031 228 4093 caput
241 4032 270 4078 et
280 4027 423 4077 summitas
433 4024 507 4074 urbis
517 4024 539 4073 si
550 4038 687 4088 expugua-

146 4102 174 4146 ta
182 4102 234 4157 est,
242 4112 339 4162 parum
349 4095 383 4144 de
394 4094 510 4144 caeteris
521 4093 686 4143 laboramus.

146 4168 188 4216 Tu
200 4167 258 4219 vicl.
274 4164 377 4217 Herod.
393 4165 441 4224 Vl,
455 4163 498 4215 82,
514 4163 624 4213 Homer.
641 4160 685 4213 lli.

146 4237 297 4297 xr11‚772
317 4235 382 4299 ibiq.
407 4231 534 4284 Eustath.
553 4236 580 4283 et
595 4231 686 4297 Heyn.

147 4306 177 4355 T.
190 4307 239 4356 VI.
262 4323 288 4370 ρ.
306 4306 367 4356 595.
393 4304 457 4366 XV,
471 4303 529 4353 557.
549 4301 687 4353 Lambort.

147 4375 208 4426 Bos.
224 4375 337 4439 Ellipss.
351 4374 381 4426 L.
396 4373 442 4424 Gr.
456 4387 519 4437 pag.
532 4370 593 4423 399.
606 4370 685 4421 Heus.

146 4445 172 4493 iu
188 4443 329 4495 Plutarch.
345 4441 443 4493 Timol.
460 4442 578 4508 Specim.
598 4455 624 4505 ρ.
644 4441 687 4491 84.

748 1597 817 1648 aad.
837 1597 919 1662 Apitz
945 1597 981 1647 ad
1002 1597 1125 1662 Euripid.
1148 1599 1290 1655 Phoeniss.

751 1668 827 1721 1192.
841 1683 868 1731 ρ.
885 1666 943 1730 196,
959 1666 1109 1718 Blomfield.
1124 1667 1247 1723 Glossar.
1262 1670 1291 1720 in

748 1735 1219 1801 AeschyliChoiiph.679,Ameisin:
1234 1739 1292 1787 Mii-

747 1805 836 1856 tzell's
852 1804 1012 1856 Zeitschrift
1034 1805 1054 1855 1.
1073 1806 1202 1869 Gymnas.
1216 1808 1292 1858 Vlll.

749 1892 774 1940 p.
790 1875 855 1937 659,
871 1875 956 1940 quiin
972 1874 1052 1926 huius
1063 1874 1211 1925 locutionis
1223 1877 1291 1927 rati·

748 1961 827 1995 onem
847 1944 979 2008 inquirit,
997 1959 1078 2008 quam
1096 1944 1209 1995 eandem
1223 1960 1290 2010 quo·

747 2030 799 2080 que
813 2014 908 2078 attigit
922 2013 1018 2064 Grote:
1036 2013 1152 2078 History
1166 2013 1196 2063 of
1208 2013 1292 2066 Gree-

747 2099 778 2134 ce
798 2083 845 2133 IV.
864 2098 890 2147 p.
908 2082 959 2133 434
976 2097 1032 2148 seq.
1054 2087 1111 2132 nol.
1146 2083 1210 2133 Mox
1228 2099 1289 2134 cum

747 2151 899 2231 Schweigh.
914 2156 942 2203 et
954 2151 1043 2234 Gaisfli.
1056 2152 1147 2202 abieci
1160 2152 1244 2204 verba
1257 2144 1288 2202 ίν

745 2215 1288 2355 919914λέ19ῗέᾒῖἷέἷεῗῗέἑὲἒ

745 2361 870 2425 sequitur
888 2360 1003 2422 Matth,
1024 2363 1231 2436 prgeposucrat.
1252 2387 1287 2398 -

745 2431 779 2481 ln
796 2429 849 2479 fine
868 2444 930 2493 cap.
948 2428 1032 2478 verba
1048 2441 1118 2475 ωστε
1132 2430 1287 2491 συμπεσεῖν

744 2491 776 2547 τὸ
795 2491 893 2554 πάθος
904 2512 929 2547 κ.
944 2513 966 2545 τ.
980 2497 1003 2547 λ.
1016 2496 1168 2561 Schweigh.
1188 2498 1228 2547 ita
1246 2500 1286 2548 in-

744 2572 924 2633 terpretatur:
943 2574 978 2630 υι,
992 2567 1059 2633 quod
1068 2568 1162 2617 occidit
1174 2566 1238 2627 orti,
1251 2571 1285 2618 si·

742 2642 792 2688 mul
807 2639 939 2697 inciderit,
958 2639 1103 2701 coupruerr't
1121 2653 1173 2685 cum
1188 2641 1288 2688 oraculi

743 2711 900 2771 τετρακοσία
914 2709 980 2757 illum
990 2708 1066 2757 edito.
1085 2704 1168 2755 Edidi
1181 2717 1286 2768 συμπε-

744 2780 804 2826 σεῖν
820 2792 868 2841 ρτο
881 2775 986 2839 vulgat.
999 2771 1173 2838 συμπεσέειν,
1187 2778 1218 2824 ut
1235 2774 1285 2839 lIi,

744 2847 803 2905 129,
825 2845 871 2896 ubi
890 2845 946 2898 vid.
974 2843 1207 2894 nostrumnon:
1234 2838 1285 2893 αἱ·

743 2906 1284 2977 ρέουσι-καὶήνδραποδίσαν-

741 2999 778 3033 το
796 2976 850 3048 τήν
866 2975 949 3032 πόλιν
963 2983 999 3034 cf.
1013 2981 1099 3032 allata
1113 2981 1147 3031 ad
1159 2982 1192 3045 V,
1205 2983 1248 3034 55.

931 3153 998 3203 Cur.
1014 3153 1088 3203 XIX.

775 3248 829 3320 τήν
844 3248 875 3304 δὲ
890 3251 1092 3321 παρενθήκην]
1110 3254 1128 3306 i.
1144 3270 1167 3306 e.
1183 3256 1284 3305 addila-

740 3336 852 3390 mentun,
861 3327 1029 3388 corollarium,
1040 3330 1070 3375 ut
1081 3324 1165 3390 vulgo
1178 3324 1281 3376 dicunt.

741 3398 782 3447 De
795 3397 846 3446 hac
858 3412 926 3446 voce
941 3394 1057 3445 Wessel.
1070 3396 1171 3445 excitat
1184 3396 1207 3453 I,
1222 3395 1280 3448 186.

740 3465 805 3525 Vll,
818 3467 844 3515 5.
861 3466 916 3517 ill.
940 3464 1002 3515 Alia
1015 3481 1047 3516 ex
1061 3463 1219 3525 Plutarcho,
1234 3464 1283 3513 Di-

741 3534 835 3597 odoro,
851 3534 921 3595 aliis,
935 3550 984 3585 nec
996 3539 1090 3585 nostro
1104 3533 1164 3584 loco
1180 3533 1282 3583 omisso

741 3605 820 3654 dabit
839 3620 856 3654 a
876 3605 923 3654 Cr.
942 3603 1071 3655 laudatus
1086 3603 1282 3669 Wyttenbach.

739 3674 774 3724 ad
786 3674 925 3724 Plutarch.
936 3675 1006 3725 Mor.
1020 3674 1041 3737 1,
1053 3677 1078 3723 2.
1092 3688 1155 3738 pag.
1168 3672 1228 3724 946.
1248 3672 1282 3723 Ia

738 3745 861 3808 proxime
879 3760 954 3809 seqq.
983 3759 1042 3794 cum
1062 3742 1280 3806 Schweighaeus.

740 3818 768 3863 et
780 3813 866 3865 (laiss¹
881 3812 997 3878 praetuli
1013 3805 1041 3871 ίς
1057 3804 1280 3875 τούςἈργείους,

738 3885 818 3934 cuius
842 3882 902 3933 loco
919 3882 1073 3946 Mediceus,
1094 3881 1280 3941 Florentiuas,

738 3952 786 4002 alii
819 3941 847 4008 ἐς
880 3943 986 4007 αὐτοὺς
1021 3942 1175 4013 Ἀργείους,
1208 3949 1279 4014 quod

737 4023 827 4086 ipsum
840 4020 974 4071 dederuut
984 4019 1121 4081 Schaefer,
1134 4018 1279 4079 Matthiae,

738 4090 863 4143 Diotsch.
873 4117 905 4125 -
917 4088 958 4140 Ad
972 4080 1070 4151 ἔχρησε
1082 4093 1108 4138 et
1120 4086 1240 4137 hocloco
1252 4091 1279 4137 ot

737 4159 819 4226 paulo
833 4164 896 4224 post
910 4157 1027 4223 intelligi
1040 4162 1131 4221 potest
1144 4148 1162 4219 ἡ
1176 4151 1277 4220 Πυθίη

739 4227 781 4296 (ut
797 4228 825 4290 1,
838 4229 880 4279 67.
897 4227 937 4281 19,
952 4229 1009 4278 174.
1022 4228 1065 4278 55.
1081 4226 1132 4285 1v‚
1148 4224 1208 4288 164)
1218 4225 1278 4277 sive

738 4301 823 4352 eliam
834 4288 866 4346 τὸ
879 4291 1029 4361 μαντήϊον,
1042 4301 1073 4345 ut
1087 4297 1109 4353 Ι,
1122 4294 1165 4348 49.

772 4359 835 4418 τότε
848 4361 1064 4433 μνησθήσομαι]
1096 4365 1158 4417 vid.
1172 4365 1219 4425 VI,
1233 4365 1276 4426 77,

738 4439 787 4491 ubi
800 4437 887 4489 altera
900 4436 1005 4491 oraculi
1023 4452 1087 4502 pars
1109 4435 1144 4487 ad
1160 4434 1277 4501 Argivos
