3100 5175
294 412 356 481 (558
730 416 997 483 HERODOTI

294 598 367 668 τότε
376 597 618 683 Θεμιστοκλέης
631 592 802 683 ἀνέγνωσε
817 592 1028 685 Ἀθηναίους,
1042 603 1099 687 τῆς
1112 599 1295 686 διαιρέσιος
1304 597 1429 686 ταύτης
1434 627 1477 677 570

294 704 548 789 παυσαμένους,
570 703 647 780 νέας
667 699 796 769 τούτων
814 707 883 769 τῶν
896 701 1074 789 χρημάτων
1091 703 1299 789 ποιήσασθαι
1319 709 1432 789 διηκο-

295 815 386 889 σίας,
409 808 441 883 ἐς
463 802 522 873 τὸν
536 803 683 892 πόλεμον
696 802 755 873 τὸν
768 802 851 893 πρὸς
866 804 1047 893 Αἰγινήτας
1061 809 1180 892 λέγων.
1215 796 1315 886 οὗτος
1336 803 1432 894 pepi

293 1008 407 1068 mimus,
429 965 490 1070 ipso
508 1007 620 1055 auctore
638 1005 780 1056 Herodoto
799 1004 833 1060 V,
885 1006 1069 1071 quattuorvir.
1089 1023 1116 1071 p.
1132 1006 1181 1057 187
1196 1007 1274 1057 lebb.
1297 1013 1326 1056 ct
1341 1007 1430 1057 schol,
1524 1027 1525 1042 ι

292 1077 342 1137 97,
363 1076 410 1126 ubi
422 1075 477 1124 vid.
493 1080 579 1136 nott,
603 1076 713 1125 exsistit
729 1088 834 1124 summa
884 1075 997 1125 Aristid.
1011 1075 1058 1138 (ud
1071 1092 1096 1140 p.
1109 1074 1213 1140 309A.)
1229 1092 1293 1140 pag.
1304 1077 1359 1127 230
1374 1093 1431 1142 seq.

292 1147 471 1211 quinquaqinta
483 1145 648 1194 talentorum
667 1146 726 1195 sive
737 1143 835 1207 draibi)
885 1145 1001 1194 Fromm.
1033 1146 1170 1196 Dissentit
1182 1147 1306 1196 nonnihil
1321 1147 1430 1198 Cornel.

292 1216 403 1266 thelerr.
424 1215 531 1279 (72,38t
548 1214 656 1264 thaleri.
677 1217 693 1263 '2
711 1228 834 1278 grosse
885 1214 976 1278 Nepos
997 1214 1025 1263 in
1043 1215 1206 1265 Thenete
1226 1216 1286 1279 (ubi
1305 1216 1430 1267 sidean
1524 1225 1526 1306 ρ

292 1283 833 1348 Wurmiiretione);vigintimillecives
885 1283 1197 1349 Stareren),quiidem
1210 1301 1270 1336 cum
1285 1285 1430 1337 Plutarcho
1525 1317 1526 1344 ,

293 1357 379 1405 fuisse
399 1356 535 1419 alpense,
556 1353 661 1403 talenta
679 1353 836 1403 efficiuntur
880 1358 913 1473 gt
927 1353 1065 1418 Polyaeno
1084 1363 1178 1404 centem
1193 1356 1274 1405 modo
1293 1359 1374 1420 ponit
1387 1372 1431 1405 na·
1525 1391 1526 1396 ,

291 1422 663 1491 334aive48125tithalerr.
684 1422 695 1471 Ι
716 1438 832 1488 grosse
904 1440 949 1484 ee,
968 1424 1016 1473 uhi
1027 1424 1149 1474 draccum
1166 1425 1247 1476 affert
1264 1426 1430 1478 Herodotus.
1525 1427 1526 1434 ’

292 1495 408 1544 Wurmii
423 1491 544 1544 calculis.
580 1492 678 1557 ltaque
690 1491 831 1557 probabile
882 1493 1007 1543 Pluribus
1025 1493 1092 1543 haec
1111 1497 1287 1559 persequitur
1308 1496 1429 1559 Krueger

293 1572 348 1626 est,
374 1577 493 1613 annuum
507 1562 638 1620 reditum,
658 1568 688 1611 ut
704 1561 832 1624 diximus,
882 1563 967 1627 (Hiet.
987 1562 1112 1628 philolog.
1128 1565 1206 1614 Stud.
1223 1579 1286 1630 pag.
1301 1567 1429 1628 ‘ei-ee),

291 1635 365 1683 intra
379 1634 494 1698 triginta
512 1638 559 1682 aut
572 1630 753 1696 qnadraginta
768 1647 834 1681 con·
883 1633 928 1697 qui
949 1648 1019 1698 quae
1043 1632 1078 1682 ab
1099 1634 1241 1684 Herodoto
1270 1635 1429 1697 traduntur,

292 1705 398 1754 stitisse
412 1701 524 1753 talenta.
556 1702 675 1751 Dubitat
694 1709 785 1751 tamen
798 1701 831 1751 de
881 1706 1131 1766 vcraesseuegat‚
1149 1704 1204 1753 nisi
1222 1718 1293 1768 qnae
1312 1720 1427 1771 sequun-
1526 1743 1527 1752 ,

291 1775 344 1824 hac
367 1772 578 1823 ratiocinatione
596 1773 681 1822 Grote
703 1772 831 1834 (History
882 1776 927 1821 tur
939 1772 1059 1822 eiusdem
1073 1772 1157 1823 verba
1171 1771 1244 1823 hunc
1260 1774 1360 1824 sercin
1374 1791 1427 1825 mo·

292 1844 322 1894 ol
335 1844 437 1892 Greece
452 1842 483 1889 V.
497 1858 560 1907 pag.
576 1840 609 1891 73
620 1841 707 1905 seq),
723 1857 783 1890 cnm
799 1856 831 1890 ex
883 1841 945 1890 dnm
960 1846 1111 1892 mutentur:
1132 1827 1257 1892 αὖταίτε
1269 1839 1307 1907 δή
1322 1839 1356 1893 αι’
1369 1843 1426 1900 νέες

291 1913 426 1963 Herodoti
448 1911 509 1961 loco
536 1911 582 1962 vix
602 1909 728 1960 concludi
751 1925 831 1975 posse
882 1904 920 1959 αἴ
933 1904 998 1972 μὲν
1012 1913 1086 1960 τοῖσι
1099 1904 1426 1990 Ἀθηναίοισιιτροκοιη-

290 1984 454 2043 arbitretur,
475 1997 566 2034 ornnem
585 1980 756 2030 metallorum
771 1996 832 2043 pro·

290 2061 399 2105 ventum
408 2053 478 2102 iuter
487 2052 562 2102 cives
570 2051 745 2100 distributum
756 2065 830 2109 ουτος

287 2132 386 2185 partem
399 2123 490 2186 potius
502 2136 609 2182 eornm,
623 2136 693 2185 quae
708 2136 722 2170 e
735 2120 832 2168 metal-

289 2193 323 2242 lis
335 2195 363 2241 iu
373 2192 507 2242 aerarium
518 2192 628 2240 omnino
637 2190 769 2240 redierint
778 2190 830 2239 ibi-

291 2278 344 2327 que
360 2273 506 2311 asservata
522 2261 639 2322 inerint,
658 2261 685 2309 iu
701 2259 830 2308 distribu-

290 2335 392 2381 tionem
406 2332 514 2381 veuisse
532 2337 609 2395 putat
630 2345 663 2379 ac
674 2329 828 2379 Themisto·

292 2401 343 2451 clis
357 2402 538 2458 sententiam,
558 2415 639 2464 quam
659 2399 758 2463 populo
773 2414 833 2463 per·

291 2469 425 2530 suaserit,
451 2484 483 2518 eo
505 2473 660 2532 spectasse,
687 2474 718 2518 ut
741 2470 832 2529 sirmia,

291 2555 361 2606 quaa
375 2541 403 2588 in
414 2538 520 2589 aerario
534 2543 626 2588 esseut
638 2538 778 2602 deposita,
797 2538 834 2597 ad

290 2625 376 2660 naves
401 2609 575 2660 fabricandas
599 2616 832 2669 consumerentur,

291 2678 420 2744 nullaque
430 2680 515 2730 stiam
528 2678 592 2728 inde
610 2678 769 2728 distributio
786 2695 832 2744 pe-

291 2751 433 2800 cuniarum
452 2750 523 2799 inter
534 2750 609 2799 cives
622 2748 708 2798 fieret.
737 2750 834 2799 Caete-

290 2835 349 2870 rum
357 2820 428 2870 hanc
437 2819 610 2884 pecuniarum
622 2834 637 2868 e
647 2818 764 2868 metallis
774 2834 832 2883 pro·

291 2891 457 2941 venientium
477 2889 698 2939 distributionum
718 2890 834 2953 antiquo

291 2975 324 3011 ex
342 2976 415 3010 more
433 2959 535 3009 factam
554 2974 613 3009 esse
635 2958 740 3009 indicat
761 2958 833 3008 idem

289 3029 410 3080 Bocclrh.
423 3029 448 3077 h.
462 3028 479 3077 l.
494 3043 519 3091 p.
534 3028 593 3079 tlt,

325 3089 476 3162 ἀνέγνωσε]
498 3098 516 3145 i.
537 3098 715 3163 apereruerit.
751 3095 832 3145 Cous.

291 3168 313 3230 1,
328 3169 363 3219 68
379 3174 407 3218 et
419 3183 488 3234 qnae
501 3167 642 3233 plurimae
656 3167 756 3215 Nostro
768 3180 833 3215 con-

289 3241 376 3301 gessit
388 3236 504 3288 Bredor.
525 3252 587 3301 pag.
601 3237 662 3288 35⁶2.
700 3236 778 3297 Quod
796 3234 832 3284 sd

289 3308 377 3371 ipsam
396 3323 450 3357 rem
471 3307 585 3369 attinet,
608 3310 703 3354 narrat
722 3319 832 3370 qnoque

202 3379 206 3386 '
290 3377 445 3440 Polyaenus
457 3375 480 3437 Ι,
490 3375 531 3425 30.
543 3379 567 3437 5.
579 3376 605 3437 5,
620 3374 830 3425 Themistoclem

290 3448 319 3494 in
339 3445 410 3496 bello
428 3445 560 3495 adversus
578 3445 741 3509 Aeginetae,
770 3459 831 3494 curn

289 3515 469 3565 Athenienses
484 3513 587 3564 reditus
605 3530 638 3564 ex
653 3514 831 3578 argentifodi-

289 3587 343 3647 nis,
356 3589 465 3635 centum
477 3582 591 3647 talentu,
603 3584 766 3633 distribuere
776 3583 832 3633 vel·

289 3655 361 3716 lent,
376 3654 404 3704 id
418 3653 593 3719 impedivisse
603 3653 758 3719 populoque
772 3668 830 3717 per·

289 3727 426 3786 suasisss,
446 3729 477 3775 ut
488 3730 597 3775 centum
607 3724 673 3773 viris
686 3722 830 3774 ditissimis

288 3795 402 3859 singulis
419 3795 553 3845 talentum
575 3793 687 3843 daretur
703 3792 737 3843 ad
758 3808 830 3844 anm-

289 3870 351 3928 ptus
368 3866 396 3914 in
415 3865 529 3916 classem
550 3862 700 3913 faciendos.
738 3862 829 3927 Atque

289 3934 338 3984 hos
349 3934 420 3985 viros
429 3933 549 3998 singulos
560 3931 637 3983 addit
645 3933 779 3982 triremem
789 3933 830 3982 ei·

289 4004 389 4055 iecisse
404 4004 605 4067 maximumque
618 4001 669 4052 hac
683 4003 710 4051 in
724 4018 753 4051 re
770 4007 829 4053 stu·

288 4073 361 4125 dium
372 4074 532 4139 praebentes
541 4071 751 4123 Atheniensibus
759 4071 829 4122 clas·

289 4160 344 4193 sem
363 4159 489 4208 parasse,
513 4158 567 4208 qua
585 4156 638 4192 non
658 4145 763 4191 tantum
784 4140 832 4191 ad·

289 4227 385 4263 versus
395 4213 551 4277 Aeginetae,
564 4211 611 4264 sed
623 4218 719 4261 contra
732 4212 831 4261 Persas

288 4283 372 4333 etiam
382 4284 426 4332 usi
439 4283 505 4331 sint.
533 4283 609 4344 Quae
620 4281 654 4331 ah
665 4281 829 4331 Herodoteis

288 4351 413 4401 nonnihil
431 4352 570 4403 differunt.
605 4349 777 4400 Herodotum
801 4350 830 4400 in

289 4420 341 4470 lrac
365 4422 522 4470 narratione
546 4421 670 4485 sequitur
687 4419 828 4470 Plutarch.

288 4489 488 4541 Themistocli
504 4490 565 4540 init.
577 4489 689 4542 Aristid.
703 4490 782 4541 Oret.
794 4489 827 4541 de

880 1979 977 2029 θεῖσαι
1004 1972 1150 2044 ὑπῆρχον,
1175 1978 1272 2044 ετὲρας
1302 1975 1340 2031 δὲ
1366 1984 1425 2048 (pro

880 2049 954 2114 vulg.
973 2052 1012 2114 τε)
1035 2044 1094 2098 ἔδεε
1116 2047 1423 2115 προσναυπηγέεσθαιι

880 2120 953 2184 quod
968 2121 1021 2169 nisi
1032 2120 1152 2184 placeat,
1166 2136 1260 2172 vocem
1273 2120 1422 2184 διηκοσίας

880 2205 991 2253 prorsus
1004 2191 1064 2240 tolli
1080 2191 1150 2241 idem
1165 2191 1234 2242 vult.
1274 2193 1345 2242 Mihi
1359 2209 1424 2244 nen·

879 2266 950 2309 trum
972 2259 1080 2324 placet:
1110 2261 1139 2310 iu
1166 2260 1280 2325 vulgata
1310 2261 1425 2312 lectione

881 2345 941 2379 cunr
956 2328 1016 2382 edd.
1035 2335 1151 2382 recentt.
1174 2331 1355 2396 acquiescere
1374 2349 1425 2381 ma·

881 2397 921 2447 lui
938 2414 1017 2463 qnam
1038 2414 1112 2450 nova
1128 2415 1257 2465 quaerere
1277 2417 1367 2467 eaque
1384 2403 1426 2452 ad·

883 2469 990 2518 modum
1012 2468 1120 2519 incerta
1140 2485 1189 2520 nec
1212 2469 1292 2520 libris
1316 2473 1424 2537 scriptis

882 2539 1007 2603 probata.
1035 2539 1067 2589 Id
1080 2555 1162 2591 uuum
1175 2539 1319 2591 adiiciam:
1341 2543 1424 2607 ipsum

882 2608 1069 2671 Thucydidem
1077 2609 1236 2660 confirmare
1247 2627 1297 2673 ea,
1311 2628 1382 2676 quae
1393 2613 1424 2661 ab

882 2678 1022 2728 Herodoto
1035 2679 1194 2742 traduntur,
1214 2695 1276 2730 cum
1291 2684 1319 2731 in
1330 2698 1427 2747 prooe-

882 2749 937 2797 rnio
951 2750 979 2806 I,
993 2748 1025 2797 14
1040 2749 1250 2800 Atheniensium
1267 2759 1297 2801 et
1311 2754 1426 2817 Aegine—

884 2824 973 2867 tarnm
999 2834 1055 2867 rem
1079 2820 1206 2871 navalem
1230 2820 1296 2871 olim
1321 2828 1426 2873 tenuem

884 2902 945 2938 esse
971 2888 1075 2938 scribat
1099 2895 1183 2953 atque
1205 2890 1274 2941 haec
1297 2893 1425 2941 contiuuo

884 2957 983 3008 addat:
1005 2950 1060 3019 ὀψέ
1077 2971 1106 3007 τε
1129 2950 1184 3022 ἀφ’
1203 2947 1238 3008 οὗ
1257 2955 1447 3025 Ἀθηναίους

883 3023 1075 3091 Θεμιστοκλῆς
1083 3021 1194 3078 ἔπεισεν
1200 3024 1371 3095 Αἰγινήταις
1381 3044 1424 3079 zu

883 3095 1038 3159 λεμοῦντας
1056 3093 1104 3145 καὶ
1125 3087 1184 3162 ἅμα
1208 3097 1260 3149 τοῦ
1281 3096 1425 3167 βαρβάρου

881 3164 1080 3229 προσδοκίμον
1092 3157 1177 3225 ὄντος
1193 3163 1243 3227 τοὶς
1253 3169 1329 3227 ναῦς
1347 3164 1427 3233 ποιή-

882 3234 1006 3297 σασθαι,
1027 3230 1128 3299 αἷσπερ
1149 3234 1198 3287 ναι
1213 3230 1424 3303 ἐναυμάχησαν.

880 3305 949 3355 Inde
969 3307 1064 3356 eodem
1082 3312 1154 3359 teate
1171 3308 1210 3371 (1,
1231 3308 1276 3373 18)
1297 3302 1329 3357 ol
1348 3307 1426 3372 Ἀθη-

882 3375 960 3423 ναῖοι
973 3367 1114 3425 ἐπιόντων
1124 3374 1182 3426 τῶν
1194 3374 1311 3442 Μήδων
1319 3406 1352 3415 -—
1361 3394 1427 3428 ναο-

881 3440 956 3493 venel
974 3435 1114 3508 ἐγένοντο.
1156 3447 1198 3497 De
1220 3450 1348 3512 genitivo
1366 3442 1426 3498 τον-

881 3529 938 3562 τοιν
958 3513 1011 3577 (sic
1031 3515 1106 3566 edidi
1128 3531 1177 3581 pro
1204 3513 1344 3581 τουτέων)
1371 3515 1426 3568 teir

880 3581 1033 3704 ἔδημῖτων
1052 3588 1126 3639 conf.
1149 3587 1249 3639 Matth.
1265 3587 1315 3639 Gr.
1332 3590 1379 3639 Gr.
1400 3591 1424 3651 ξ.

916 3656 941 3713 4,
978 3688 985 3701 .

915 3714 967 3771 τὸν
984 3716 1058 3785 πρὸς
1073 3715 1224 3788 Αἰγινήτας
1242 3724 1344 3791 λέγων]
1368 3729 1384 3776 i.
1402 3741 1426 3776 e.

879 3793 967 3844 helisea
979 3794 1119 3857 intelligens
1131 3795 1215 3859 (quod
1229 3810 1269 3846 sc.
1284 3796 1424 3859 instabat)

879 3878 932 3913 carn
945 3864 1082 3927 Aeginetis.
1111 3866 1181 3928 Apte
1196 3864 1331 3916 Valcken.
1344 3867 1426 3916 affert

879 3934 995 3984 Isocrat.
1013 3932 1043 3981 in
1058 3932 1173 3983 Panath.
1189 3950 1216 3998 p.
1234 3936 1329 3985 2771).
1350 3935 1425 4002 [cap.

879 4003 922 4053 85.
933 4006 957 4066 §-
969 3999 1030 4065 215]
1040 4038 1047 4063 ,
1064 4002 1110 4052 ubi
1122 4003 1249 4054 similiter
1260 4006 1374 4055 verbnm
1384 4000 1426 4053 λέ·

879 4086 937 4136 γον
948 4077 1105 4135 usurpatur.
1143 4075 1183 4124 Ac
1199 4075 1301 4127 dicendi
1312 4077 1425 4127 verbum

882 4143 921 4191 ita
937 4141 1050 4192 adhibet
1064 4142 1158 4196 Cicero
1172 4144 1214 4193 De
1226 4144 1293 4195 flnn.
1307 4149 1339 4205 V,
1354 4146 1380 4195 3.
1393 4173 1425 4181 -—

881 4212 922 4261 De
932 4212 992 4275 ipso
1004 4211 1074 4262 bello
1086 4214 1244 4278 Aeginetico
1254 4215 1313 4264 vid.
1321 4214 1426 4265 Herod.

881 4282 921 4343 V,
936 4284 970 4332 82
990 4297 1048 4347 seq.
1069 4284 1122 4345 Vl,
1140 4284 1173 4332 87
1192 4299 1268 4349 seqq.
1286 4282 1348 4334 co'll.
1362 4283 1428 4335 Plu·

881 4350 1033 4404 tarch.l.l.

915 4409 1000 4478 οὗτος
1018 4411 1070 4485 γὰρ
1089 4413 1104 4467 ὁ
1124 4410 1248 4484 πόλεμος
1272 4412 1378 4478 συστὰς
1395 4436 1423 4469 ιι.

878 4505 903 4539 τ.
923 4488 959 4556 L]
984 4490 1027 4540 Ad
1049 4488 1215 4541 locutionem
1241 4479 1269 4554 (ὁ
1298 4484 1426 4554 πόλεμος
