3100 5175
493 416 863 479 TERPSIOHORE.
885 420 923 478 V.
949 430 973 482 l.
1283 416 1302 477 3

157 596 279 677 βολον,
307 590 365 658 καὶ
386 587 476 659 κύνα
497 598 584 661 κυνί.
625 590 798 662 νικώντων
819 592 856 661 δὲ
876 589 916 661 τὰ
938 590 998 661 δύο
1012 596 1081 660 των
1093 597 1302 679 Περινθίων,

160 688 202 772 ὡς
222 691 425 778 ἐπαιώνιζον
443 695 681 784 κεχαρηκότες,
703 694 929 785 συνεβάλοντο
949 701 984 766 ot
1000 702 1146 776 Παίονες
1166 693 1203 764 τὸ
1222 722 1301 784 χρη-

112 794 304 886 373στήριον
316 795 401 868 αὐτὸ
415 802 517 867 τοῦτο
532 798 636 888 εἶναι,
657 803 714 870 καὶ
734 798 832 870 εἶπάν
853 828 916 870 κου
936 799 1026 888 παρὰ
1046 807 1141 888 σφίσι
1156 796 1301 869 αὐτοῖσι·

159 905 224 969 νῦν
242 897 288 970 ἄν
302 912 355 991 είη
368 898 386 970 ὁ
400 899 547 992 χρησμὸς
561 904 809 994 ἐπιτελεόμενος
824 900 922 994 ἡμῖν,
944 909 1010 973 νῦν
1023 899 1183 992 ἡμέτερον
1196 900 1232 971 τὸ
1247 912 1300 990 ἔρ-

158 1032 229 1093 γον,
264 1004 355 1075 οὕτω
369 1022 455 1076 τοῖσι
470 1014 685 1097 Περινθίοισι
699 1017 901 1079 παιωνίσασι
915 1010 1137 1097 ἐπιχειρέουσι
1151 1011 1186 1076 οί
1195 1014 1300 1075 Παίο-

160 1210 263 1266 misere,
285 1206 368 1272 plane
389 1213 421 1258 ut
440 1208 499 1270 111,
517 1208 560 1260 32.
599 1209 635 1261 At
653 1225 707 1260 rne-

160 1277 232 1327 dium
250 1278 364 1328 verbum
380 1272 576 1343 συμβαλέσθαι
590 1284 632 1330 eat
648 1294 707 1330 cou-

159 1350 237 1398 iicere
247 1347 367 1412 indeque
380 1350 465 1400 etiam
477 1351 625 1414 intelligere,
639 1356 669 1400 ut
679 1344 705 1412 Ἰ,

159 1417 271 1480 68,α1)1
288 1419 343 1467 rid.
358 1423 428 1469 nott.
444 1418 509 1481 Vll,
524 1419 576 1470 209
588 1419 651 1471 aliie
668 1418 704 1469 lo·

159 1488 207 1537 cie.
238 1489 272 1537 In
291 1503 368 1553 seqq.
385 1504 435 1553 pro
455 1488 520 1538 olim
540 1488 604 1555 vulg
627 1485 706 1554 παρὰ

159 1552 229 1619 σφὶν
237 1552 351 1606 αὐτοῖσι
362 1574 424 1608 cum
432 1558 594 1624 Schweigli„
606 1557 705 1623 (laist,

158 1626 257 1677 Matth.
271 1632 300 1677 et
311 1643 365 1681 rec.
381 1628 443 1678 cdd.
457 1628 520 1678 dedi
533 1620 611 1691 παρὰ
624 1628 705 1692 σφίσι

158 1687 282 1747 αὖτοῐσι.
324 1698 404 1760 Quod
427 1699 457 1748 iu
476 1699 616 1749 Sanoroiti
633 1698 704 1750 libro

158 1782 190 1817 ac
209 1767 421 1818 vindobonensi
437 1767 537 1834 legitur
560 1782 644 1832 σφιν,
668 1769 704 1819 ab

159 1836 279 1888 hocloco
290 1835 411 1888 alienum
420 1844 477 1889 eat:
493 1839 588 1904 dequo
599 1840 704 1890 monuit

158 1908 273 1957 Bredor.
286 1909 402 1970 Quacet.
420 1909 525 1959 critico.
541 1908 574 1959 de
589 1908 703 1961 dialect.

158 1977 289 2028 Herodot.
310 1993 375 2043 pag.
395 1978 458 2031 282.
503 1978 534 2028 Iu
550 1979 642 2030 verbis
662 1995 703 2031 eo·

159 2048 304 2112 quentibue
328 2046 384 2097 νῦν
407 2038 544 2112 ἡμέτερον
563 2041 595 2098 τὸ
621 2043 704 2112 ἔργον

159 2116 289 2168 articulus
299 2110 332 2166 τὸ
342 2117 423 2169 abeat
436 2134 454 2168 a
462 2119 621 2169 Florentino
634 2118 704 2170 libro

158 2186 297 2252 alteroque
307 2188 470 2251 Parieieuei,
480 2187 561 2254 plane
572 2190 640 2238 utin
649 2190 704 2240 Eu·

158 2257 236 2322 ripid.
247 2258 465 2310 PhoeniceAM:
486 2253 538 2307 σὸν
548 2251 640 2322 ἔργον,
651 2260 669 2310 1.
677 2274 702 2309 e.

159 2332 265 2378 maia
276 2343 298 2377 e.
312 2328 394 2389 officii
405 2332 442 2379 ίαι·
451 2337 491 2379 eat
498 2366 504 2391 ‚
519 2328 565 2379 ubi
577 2329 655 2394 plura
668 2330 704 2380 ai-

160 2397 231 2447 milia
241 2396 337 2448 attulit
345 2397 512 2449 Valckenar.
539 2399 600 2449 Hoc
610 2404 703 2448 tamen

158 2467 217 2518 loco
228 2468 388 2519 Herodoteo
408 2467 481 2519 haud
503 2468 560 2519 ecio
577 2484 614 2519 au
629 2474 703 2519 recte

157 2539 309 2589 retineatur
317 2537 460 2603 articulus,
470 2553 524 2590 uon
532 2537 592 2590 aine
600 2540 629 2591 vi
640 2555 704 2607 que-

157 2610 217 2660 dam
230 2608 359 2672 additne‚
373 2614 405 2658 ut
418 2610 447 2659 ln
460 2609 634 2674 Xenophont.
645 2612 703 2659 Me-

158 2679 278 2730 morabb.
299 2679 357 2740 111,
371 2678 397 2729 3.
417 2682 441 2743 9.
463 2679 494 2742 3,
519 2679 566 2729 ubi
586 2680 703 2731 beneda

157 2748 199 2799 hie
216 2749 325 2799 monuit
344 2748 480 2801 Kuehner.
517 2750 618 2816 Attigit
637 2766 704 2815 quo·

757 1226 811 1276 que
826 1210 967 1261 enuntiato
984 1224 1014 1261 ee
1032 1209 1107 1274 ipeoe
1128 1208 1163 1259 ad
1182 1223 1301 1274 pugnam

757 1282 891 1331 invitatos
901 1279 1080 1331 audivissent.
1099 1280 1225 1329 Paeanem
1234 1294 1301 1329 vero

757 1351 894 1402 canebant
906 1349 1037 1402 Perinthii
1053 1349 1087 1400 ob
1100 1350 1244 1399 victoriam
1259 1364 1302 1398 re-

757 1426 895 1486 portatam
917 1419 1102 1471 exclamantes
1121 1411 1160 1483 Ἰὴ
1188 1411 1300 1467 παιὰν

757 1506 779 1541 e.
794 1487 887 1540 nutui
895 1505 911 1538 ν
931 1484 975 1555 (τὸ
989 1481 1145 1538 παιανικὸν
1157 1478 1300 1551 ἐπίρρημα

757 1575 780 1610 e.
801 1552 966 1624 ἐπίφθεγμα
983 1577 1006 1610 e.
1024 1550 1181 1608 παιανικὸν
1194 1553 1299 1620 ἰδίωμα

758 1632 831 1696 quod
852 1635 936 1682 vocat
952 1629 1110 1681 Athenione
1131 1628 1198 1690 XV,
1217 1627 1253 1677 62
1272 1632 1300 1677 et

756 1703 800 1752 62.
820 1718 846 1766 p.
869 1700 929 1751 666.
950 1700 1000 1749 761
1023 1700 1051 1749 in
1066 1697 1222 1748 huiusmodi
1238 1712 1298 1748 car·

755 1772 829 1821 mine
854 1769 1003 1821 exclamari
1027 1767 1152 1830 solitum,
1186 1768 1219 1818 de
1245 1782 1298 1833 quo

756 1840 836 1905 plura
861 1840 918 1892 vid.
943 1838 1014 1904 apud
1032 1839 1121 1889 Bodc:
1150 1835 1248 1887 Geeoh.
1271 1838 1296 1886 d.

755 1908 1047 1961 HellenDichtkuuet
1067 1909 1110 1969 ΙΙ,
1132 1909 1156 1959 l.
1181 1922 1243 1971 pag.
1267 1904 1300 1956 16

756 1980 859 2046 eeqq.):
892 1979 990 2045 quibua
1016 1977 1131 2029 vocibus
1161 1991 1216 2026 non
1243 1981 1298 2024 tam

755 2049 836 2100 deum
849 2045 1027 2115 (Apollinem)
1039 2062 1120 2113 quam
1131 2046 1247 2096 Paeones
1258 2045 1299 2094 in-

755 2121 849 2170 vocari
870 2136 903 2170 ex
922 2117 1026 2169 oraculi
1048 2121 1137 2167 mente
1159 2116 1300 2165 existima-

753 2188 823 2239 bant
843 2190 975 2238 Paeones.
1018 2188 1061 2236 De
1086 2188 1147 2251 ipeo
1167 2186 1298 2247 carmine,

755 2259 826 2325 quod
840 2260 952 2310 Paeanis
967 2257 1074 2308 nomine
1090 2255 1164 2322 apud
1178 2256 1298 2306 Graecos

754 2329 924 2391 declaretur,
943 2327 1024 2393 plura
1036 2326 1133 2376 afferre
1148 2325 1228 2376 huius
1244 2324 1298 2375 loci

754 2414 810 2449 non
825 2404 868 2449 est
880 2406 943 2463 post
957 2413 1005 2459 ea,
1026 2411 1097 2461 quae
1116 2398 1143 2445 et
1154 2396 1231 2446 Bodc
1244 2394 1263 2443 l.
1279 2394 1296 2443 l.

753 2484 818 2535 pag.
837 2469 941 2534 uscqq.
962 2472 990 2519 et
1007 2466 1037 2518 C.
1051 2466 1084 2518 Ο.
1098 2465 1225 2516 Mueller:
1244 2466 1298 2514 Die

754 2538 965 2604 Dorer1.p.·2i)l
977 2535 1162 2604 protulerunt:
1176 2535 1205 2584 id
1214 2549 1297 2584 unum

755 2625 864 2672 moneo,
883 2609 909 2663 h.
924 2608 940 2658 l.
957 2609 991 2659 de
1006 2622 1037 2658 eo
1051 2621 1157 2672 paeane
1173 2607 1298 2670 cogitan-

754 2680 818 2730 dum
831 2695 907 2741 eece,
931 2679 979 2744 qui
991 2682 1055 2742 poet
1069 2691 1189 2742 pugnarn
1206 2674 1296 2725 felici·

754 2755 796 2801 ter
820 2749 925 2799 linitam
949 2747 1148 2812 victoriamque
1171 2750 1296 2810 reporta-

157 2834 209 2885 que
220 2818 361 2870 Matthiae
375 2818 422 2872 Gr.
436 2820 482 2870 Gr.
497 2822 521 2883 ξ.
535 2819 594 2871 264.
623 2820 701 2882 Quae

158 2890 210 2939 iarn
232 2890 357 2954 sequitur
376 2890 516 2952 narratio,
544 2904 603 2940 eam
627 2890 702 2955 inge·
752 2890 853 2940 liaatae
870 2888 906 2939 ad
917 2887 1071 2952 Thucydid.
1094 2886 1122 2942 l,
1137 2885 1172 2936 50
1184 2883 1297 2934 afferam

157 2975 226 3010 uuae
245 2959 437 3023 simplicitatis
454 2974 515 3011 esec
533 2963 562 3009 et
574 2959 610 3010 ad
621 2966 702 3010 natu·
750 2960 851 3021 verba,
870 2949 925 3007 δύο
939 2955 1062 3012 παιᾶνας
1075 2940 1148 3019 ᾖδον
1161 2945 1191 3000 οἶ
1199 2940 1299 3016 Ἕλλη-

156 3045 211 3078 ram
222 3033 314 3093 ipearn
326 3032 445 3081 maxime
456 3030 702 3093 accommodatam,
753 3043 814 3087 νες,
830 3021 887 3091 πρὸ
901 3021 953 3090 μὲν
965 3021 1017 3072 τοῦ
1030 3017 1154 3102 πολέμου
1172 3020 1202 3104 [ἰ.
1213 3038 1238 3073 e.
1248 3019 1299 3099 ρης

156 3105 310 3150 nonetraro
320 3100 414 3149 etudet
423 3100 646 3165 Waardeuburg:
660 3102 703 3150 De
752 3092 857 3163 μάχης]
870 3095 909 3159 τῷ
918 3088 1006 3157 Ἀρει,
1027 3085 1140 3158 uecordi
1153 3106 1205 3141 ιον
1217 3092 1298 3140 πολι·

155 3170 250 3220 natira
265 3168 410 3235 simplicit.
425 3169 560 3220 Herodoti
571 3185 634 3236 pag.
654 3169 703 3220 180
752 3182 809 3233 μον
824 3165 863 3233 τῷ
872 3158 1039 3224 Ἀπόλλωνα
1064 3162 1120 3214 vid.
1134 3163 1297 3228 interpretes

157 3255 213 3305 aeq.
753 3238 790 3288 ad
802 3237 829 3287 h.
840 3235 858 3287 1,
870 3241 898 3286 et
908 3234 1069 3300 Weeaeling.
1083 3233 1118 3283 ad
1130 3232 1244 3284 Diodor.
1255 3232 1297 3282 Si·

190 3307 245 3358 νῦν
264 3294 305 3356 ἂν
321 3303 368 3370 εἴη
387 3299 404 3357 ὁ
423 3299 549 3372 χρησμὸς
568 3295 704 3355 lmzctm‘·
754 3307 905 3368 οα1.Χ11Ι,
922 3305 963 3359 16.

156 3392 241 3442 μενος
252 3369 337 3443 ἡμῖν]
352 3378 498 3428 Oraculum
509 3378 633 3427 Paeones
646 3382 703 3426 tum
802 3374 986 3442 παιωνίσασι]
1015 3374 1093 3424 Haec
1119 3372 1204 3423 verba
1224 3372 1297 3422 exci-

156 3447 262 3515 impleri
275 3453 384 3512 putant,
399 3448 507 3513 quaudo
518 3447 643 3498 Paeanem
652 3448 704 3498 Pe·
755 3452 819 3498 tane
832 3446 959 3497 Euatath.
978 3444 1013 3495 ad
1024 3445 1135 3494 Homer.
1154 3441 1197 3491 Ili.
1212 3442 1248 3492 11.
1268 3457 1297 3505 p.

156 3519 271 3570 riothioa
288 3516 474 3569 exclamantes
490 3517 620 3569 audiunt:
648 3533 703 3582 qua
754 3517 821 3581 ³59,
836 3518 870 3569 36
883 3515 927 3567 ed.
940 3518 1018 3567 Rom.
1036 3531 1062 3579 p.
1074 3515 1142 3573 272,
1161 3513 1195 3561 22
1210 3511 1297 3562 Basil.

157 3590 283 3640 nimirum
293 3603 363 3639 voce
373 3604 403 3639 ae
413 3589 490 3654 ipeoa
501 3589 594 3653 potine
608 3586 702 3653 (Paeo
755 3587 818 3638 coll.
833 3586 968 3651 indyee.
984 3585 1032 3645 IX,
1048 3599 1073 3648 p.
1089 3581 1148 3644 366,
1164 3582 1204 3633 18.
1215 3579 1242 3645 *)
1262 3580 1296 3630 ob

157 3660 210 3722 aes)
227 3658 393 3709 nominatim
411 3658 545 3723 appellari
565 3661 647 3722 atquo
665 3656 700 3707 ad
753 3651 915 3721 παρήχησιν
929 3656 957 3704 in
970 3653 1063 3707 verbis
1077 3650 1249 3699 παιωνίσασι
1263 3678 1296 3688 -

157 3729 330 3795 pugnandum
354 3728 499 3794 provocari
525 3727 699 3787 exietimant3
753 3726 879 3784 Παίονες
903 3726 982 3776 affert
1006 3718 1189 3782 παιωνίσασι,
1218 3721 1297 3771 cuiue

157 3800 190 3849 ab
216 3798 331 3851 oraculo
357 3804 449 3849 autem
473 3797 565 3849 hoetee
590 3797 703 3864 aggredi
751 3797 813 3849 loco
839 3798 867 3848 in
897 3796 939 3846 ed.
958 3793 1045 3845 Basil.
1071 3791 1204 3856 scriptum
1228 3790 1297 3841 adeo

157 3870 337 3932 insuerent,
356 3869 466 3935 quaudo
485 3884 561 3920 cuum
582 3868 703 3932 ipsorum
753 3872 845 3919 exstat
870 3865 1049 3915 παιονίσασιι
1082 3862 1136 3911 niei
1153 3866 1298 3925 utrumqne

155 3956 250 3992 nornen
266 3957 284 3991 a
296 3939 450 3991 Perinthiie
465 3938 646 3990 exclamatum
660 3953 703 3988 eo·
753 3938 807 3989 hoc
825 3954 839 3987 e
863 3937 932 3987 vitio
952 3940 1046 3986 natum
1060 3933 1215 3995 existimes,
1237 3945 1297 3980 cum

754 2825 811 2869 tam
823 2819 888 2869 ceni
898 2817 1017 2877 colebat3
1036 2831 1161 2882 namque,
1173 2820 1204 2865 ut
1214 2814 1298 2867 Scho-

203 4128 223 4177 ⁴l
239 4126 367 4178 „Studiose
382 4120 494 4176 quaesitae
508 4123 663 4164 recenlioribus
677 4123 814 4165 commodum
825 4121 909 4162 oblatae
924 4118 1079 4159 ollitcmtionea
1093 4124 1239 4174 uon-prorsa}
1250 4111 1296 4152 evi·

155 4184 224 4219 larum
244 4184 343 4219 veteres:
364 4178 452 4229 practer
470 4176 566 4213 eactcroa
582 4174 683 4215 lleiskius
701 4181 752 4229 epta
771 4173 878 4226 quaedem
899 4183 945 4211 eom
965 4170 987 4209 in
1006 4180 1050 4207 rem
1069 4167 1160 4218 collegit
1174 4178 1196 4204 ru
1209 4163 1298 4205 ltlreccll.

154 4239 210 4294 ιίρι,
224 4239 282 4281 σοι,
301 4237 341 4277 vt,
356 4249 380 4289 ρ.
393 4233 448 4275 rw
468 4229 595 4274 Valcken.
622 4236 676 4276 Ριιι.
691 4236 785 4275 Conviv.
800 4246 822 4286 p.
837 4232 881 4271 165.
895 4242 943 4282 cap.
957 4228 993 4269 ιιι
1008 4214 1218 4272 Πανσανίοοδὲ
1228 4235 1299 4269 παν·

153 4296 290 4363 uenirem,
305 4304 346 4345 nbi
366 4300 396 4341 dc
410 4295 520 4341 eiusmodi
538 4296 684 4341 alliteratione
705 4299 762 4340 houd
778 4296 910 4349 infrequenti
928 4295 1040 4337 veteribus
1054 4294 1117 4348 plura
1131 4294 1234 4336 excitavit
1248 4295 1297 4332 Asi.

152 4352 200 4433 pag..
214 4378 261 4420 237.
289 4372 352 4415 lnl'ru
373 4364 527 4422 apudllerod.
549 4365 599 4417 Vll,
617 4370 657 4410 229
679 4369 773 4421 legimus
796 4352 1078 4423 λειποψυχὲοντα
1100 4353 1297 4421 λειφθῆναι.

151 4446 181 4486 Τιι
194 4446 241 4489 vid.
256 4442 398 4490 llermogen·
413 4423 481 4493 περὶ
492 4419 582 4492 εὖρίσ.
597 4436 634 4488 lv,
650 4436 670 4477 7.
692 4438 726 4489 (Τ.
742 4438 781 4478 lll.
801 4449 824 4490 p.
839 4436 876 4476 166
890 4432 962 4475 Rhett.
978 4436 1063 4476 Graece.
1082 4433 1118 4475 ed.
1133 4432 1214 4480 Wala.)
1234 4442 1296 4483 prac-

149 4510 266 4565 eipieruem
282 4498 353 4568 περὶ
366 4493 565 4566 παρηγήσεως.
1130 4576 1147 4614 *

1106 4580 1120 4641 1
