3100 5175
485 463 853 532 TERPSIOHORE.
877 469 915 534 V.
938 479 981 537 65.
1241 471 1299 534 115

159 637 214 705 καί
236 640 447 727 Μέλανθον,
476 649 511 709 ol
530 640 693 731 πρότερον
711 643 873 733 ἐπήλυδες
894 644 1003 725 έόντες
1022 648 1175 733 ἐγένοντο
1200 644 1297 736 Ἀθη-

154 749 263 810 ναίων
283 747 449 829 βασιλέες.
482 746 537 813 ἐπὶ
556 746 676 815 τούτου
696 747 733 816 δὲ
757 750 812 817 καί
834 745 940 817 τωύτὸ
960 748 1088 838 οὕνομα
1107 747 1296 839 άτεμνημό·

153 866 254 913 υευσε
269 840 491 935 Ἱπποκράτης
504 853 551 941 τῷ
565 852 660 919 παιδὶ
673 855 799 920 θέσθαι
813 850 872 920 τὸν
885 859 1144 940 Πεισίστρατον,
1169 856 1223 922 ἐπὶ
1236 858 1297 922 τοῦ

152 950 327 1036 Νέστορος
340 951 585 1039 Πεισιστράτου
598 953 794 1043 ποιεύμενος
809 954 869 1043 τὴν
883 960 1085 1044 ἐπωνυμίην.
1122 953 1221 1024 Οὕτω
1234 957 1297 1045 μὲν

150 1048 327 1138 Ἀθηναῖοι
347 1052 526 1141 τυράννων
548 1052 828 1145 ἀπηλλάχθησαν
856 1056 918 1126 ὅσα
946 1059 982 1127 δέ
1008 1063 1295 1148 ἐλευθερωθέντες

150 1158 251 1242 ἔρξαν
272 1151 296 1243 ἢ
316 1162 448 1239 ἔπαθον
467 1153 619 1246 άξιόχρεα
639 1156 839 1248 ἀπηγήσιος,
866 1164 946 1248 πρὶν
968 1158 1135 1250 ἦῚωνίην
1156 1190 1191 1231 τε
1211 1158 1292 1231 iino-

150 1263 271 1345 στῆναι
291 1254 357 1326 άττό
372 1268 522 1348 Δαρείου
541 1263 598 1329 καὶ
616 1259 849 1353 Ἀρισταγόρεα
869 1263 928 1333 τὸν
947 1264 1116 1353 Μιλήσιον
1134 1263 1292 1354 άιτικόμε-

150 1387 211 1429 νον
226 1365 261 1441 ές
282 1359 428 1449 Ἀθήνας
441 1372 573 1458 χρηίσαι
588 1369 703 1453 σφέων
716 1370 892 1455 βοηθέειν,
915 1372 1020 1436 ταῦτα
1034 1373 1148 1457 πρώτα
1163 1368 1290 1456 φράσω.

150 1528 245 1592 quinto
258 1527 399 1593 gradu-ab
415 1529 474 1594 ipso
488 1529 571 1580 Neleo
587 1530 642 1581 filio
656 1548 699 1582 or·
748 1541 845 1598 gente,
858 1549 951 1599 parem
962 1534 1148 1585 Pisistratidis
1161 1535 1291 1586 interces-

150 1607 193 1647 tus
213 1606 294 1661 arat,
320 1599 399 1650 cuius
418 1598 489 1648 alter
509 1598 581 1649 filius
599 1601 699 1652 Nestor
748 1604 819 1653 sisse
829 1604 1016 1668 cognationem
1024 1603 1071 1668 (cl.
1080 1605 1164 1653 Besso
1176 1604 1218 1655 1.1.
1226 1620 1288 1669 pag.

149 1667 361 1732 (Periclymenia
374 1668 457 1733 igitur
468 1668 563 1733 freter)
581 1673 637 1721 tres
652 1671 698 1721 ha·
750 1671 803 1739 16).
820 1674 843 1723 E
856 1688 911 1738 qus
920 1675 980 1738 ipsa
988 1674 1152 1738 cognatione
1165 1679 1193 1722 et
1202 1679 1290 1724 ortam

149 1737 241 1788 tuisse
263 1738 355 1787 fertur
373 1739 462 1801 filios,
486 1738 697 1802 Thrasymedem
748 1748 776 1792 et
808 1751 917 1792 auctam
951 1758 1011 1793 esse
1041 1742 1200 1792 crediderim
1228 1759 1289 1808 gra-

149 1805 239 1870 (cuius
260 1823 347 1872 nepos
363 1807 527 1869 Alcmaeon,
548 1808 620 1861 unde
636 1810 697 1861 Alc-
746 1827 807 1862 vem
822 1812 1006 1874 inimicitiam,
1024 1827 1094 1876 quae
1109 1818 1206 1877 postca
1219 1814 1290 1862 inter

148 1878 337 1941 maeonidac)‚
349 1876 523 1927 Antilochum
535 1878 618 1941 (unde
628 1880 696 1930 Pae·
745 1883 887 1947 utramque
901 1887 1010 1946 gentem
1025 1896 1111 1945 aeque
1124 1881 1241 1931 nobilem
1255 1897 1289 1930 ac

148 1948 258 2010 onidae)
281 1953 310 1997 et
329 1948 506 1997 Pisistratum
527 1946 611 2012 (unde
625 1950 697 1998 Pisi·
746 1952 800 2001 sibi
820 1951 1016 2016 quodammodo
1035 1965 1127 2015 parem
1141 1951 1244 2014 erupit,
1264 1951 1289 2001 si

148 2015 695 2080 stratidae):vid.Besse:hlcmaeonidd¹
746 2022 855 2085 quidem
869 2017 1073 2085 ‚potentissima
1102 2024 1129 2068 et
1152 2019 1287 2070 ditissima

148 2086 234 2151 pagii
247 2102 325 2151 seqq.
348 2086 695 2140 NelidaeeMesseniaeie·
745 2089 1000 2140 Alcmaeonidarum
1018 2104 1084 2154 gens
1101 2089 1287 2140 Pisistratida-

148 2157 185 2206 cti
198 2158 226 2205 in
238 2157 362 2205 Atticam
376 2156 575 2221 confugerunt,
591 2158 637 2207 ubi
649 2158 694 2208 be·
745 2175 804 2209 rum
818 2159 933 2224 irnperio
949 2175 978 2209 se
994 2159 1129 2208 subiicere
1146 2159 1234 2208 noluit
1245 2161 1286 2208 in-

148 2227 311 2290 uiguissime
320 2227 430 2290 excepti
441 2226 581 2276 civitatem
592 2230 695 2276 omnia·
746 2229 833 2294 deque
846 2230 935 2279 eiecta
945 2233 995 2281 est.
1007 2254 1039 2263 -
1050 2228 1092 2277 Ad
1102 2244 1195 2278 vocem
1208 2220 1221 2276 ἕ
1228 2222 1286 2292 τή-

149 2312 198 2360 qoe
217 2294 357 2346 nobilium
374 2296 435 2345 iura
451 2297 526 2345 nacti
547 2302 626 2347 sunt:
653 2301 695 2346 at·
746 2298 850 2355 λνόες
878 2296 1020 2362 (silvanae,
1047 2297 1093 2360 qni
1114 2304 1287 2362 opponuntur

149 2382 199 2430 que
222 2366 336 2416 videtur
358 2380 425 2415 sane
451 2366 505 2414 iam
528 2364 576 2414 illa
602 2371 695 2416 aetate
745 2369 806 2424 τοῖς
824 2359 997 2431 αὐτόχθοσι,
1022 2371 1054 2416 ut
1072 2366 1126 2429 IV,
1150 2369 1198 2419 1117
1221 2367 1284 2422 οοΙΙ.

148 2435 406 2486 Alcmaeonidarum
423 2435 528 2484 familia
548 2451 614 2499 prae
631 2451 694 2486 cae·
744 2438 827 2500 VIII,
844 2436 889 2501 73)
907 2437 979 2488 conl.
1000 2435 1148 2490 Blomfiald.
1167 2436 1195 2485 iu
1207 2436 1286 2487 Glos-

149 2507 213 2555 teris
235 2506 343 2555 Nelidis
368 2511 397 2554 et
418 2520 529 2554 nurnero
551 2510 578 2553 et
596 2505 693 2569 opibus
744 2523 799 2561 sar,
816 2508 851 2556 ad
867 2506 996 2572 Aeschyli
1011 2507 1038 2558 S.
1051 2521 1075 2555 c.
1090 2506 1141 2556 Th.
1160 2505 1203 2556 31.
1230 2507 1285 2557 Cur

149 2574 283 2626 valuisse:
300 2573 338 2625 σί.
347 2575 432 2626 Besse
441 2573 458 2625 l.
468 2574 485 2624 l.
498 2591 558 2639 pag.
567 2574 593 2626 9.
615 2574 695 2626 Unde
744 2582 837 2629 autem
849 2577 889 2628 sic
902 2580 1045 2637 vocentur,
1061 2581 1177 2641 apparet
1189 2592 1204 2625 e
1214 2576 1284 2626 Pau·

148 2661 255 2711 quoque
269 2646 389 2703 lactum,
403 2652 435 2695 ut
445 2645 555 2706 lonurn,
572 2645 617 2710 qni
629 2650 692 2710 post
744 2649 840 2698 suniae
852 2646 913 2697 loco
929 2662 1011 2711 supra
1022 2645 1116 2695 allato.
1143 2646 1197 2695 Pro
1207 2642 1285 2711 βασι-

148 2716 265 2765 Codrum
274 2722 494 2765 mortuumanno
505 2714 693 2765 ll3tlinrtsiae
743 2714 808 2780 λῆες
832 2716 942 2766 exhibui
962 2706 1099 2781 βασιλέες,
1125 2718 1154 2764 et
1170 2729 1219 2779 pro
1234 2708 1284 2763 αὖ·

148 2787 294 2850 oppositae
306 2800 381 2834 oram
393 2784 619 2848 commigrarunt,
637 2784 692 2834 dux
742 2783 813 2836 τέων
826 2786 887 2836 dedi
898 2780 1001 2834 αὐτῶν.
1150 2842 1157 2859 ,

147 2858 362 2905 constitueretur
383 2854 500 2916 Neleus,
527 2853 621 2903 eadem
643 2854 692 2904 illa
778 2847 823 2905 έπλ
840 2847 942 2904 τούτου
961 2847 1054 2902 δὲκαὶ
1069 2841 1159 2929 ordino
1174 2841 1285 2914 οὔνομα

148 2933 300 2991 prognatus
314 2925 410 2989 stirpe.
435 2925 548 2974 Praeter
561 2923 691 2973 harcheri
741 2914 1282 2989 dnepvnpo‘veooe‘lmrosputncact]

147 3004 239 3044 notam
257 2994 339 3045 adh.
357 2994 374 3043 1.
390 2994 446 3044 vid.
465 2991 495 3042 C.
514 2994 545 3043 O.
560 2991 690 3044 Mueller:
740 2995 923 3059 Hippocrates
947 2997 1018 3042 teste
1035 2989 1176 3040 Herodoto
1199 2989 1227 3050 I,
1249 2991 1284 3039 511

147 3064 308 3116 Orchomen.
328 3078 391 3128 pag.
404 3063 464 3114 366.
496 3063 689 3114 Pisistratidae
739 3060 1101 3127 Pisistrati,arhenieneium
1111 3059 1231 3122 tyranni,
1238 3075 1284 3123 pa·

146 3150 205 3185 curn
218 3136 339 3185 caeteris
355 3131 459 3183 Nelidis
472 3148 526 3182 non
538 3147 592 3182 una
604 3133 632 3181 in
643 3132 691 3181 Ar·
740 3138 784 3183 ter
797 3138 851 3191 est3
865 3134 912 3197 qui
924 3133 982 3197 ipse
992 3131 1021 3179 iu
1030 3143 1097 3178 suae
1107 3128 1219 3193 originis
1229 3144 1282 3177 me-

147 3204 226 3254 ticam
240 3202 400 3269 confugisse
410 3202 546 3262 ridentur,
560 3202 608 3252 sed
617 3207 691 3266 post·
740 3203 857 3253 moriam
874 3201 931 3251 filio
943 3215 1040 3251 nornen
1056 3198 1130 3248 dedit
1143 3199 1282 3261 Pisistrati,

148 3291 178 3324 es
204 3275 314 3324 demum
339 3272 462 3322 Athenas
488 3272 690 3337 commigrasse,
741 3272 853 3323 ductum
870 3272 904 3322 ab
924 3271 969 3319 illo
984 3268 1147 3329 Pisistrato,
1170 3267 1283 3330 quiNe-

147 3344 191 3393 nhi
203 3344 315 3396 cosdem
328 3341 444 3392 honores
465 3346 548 3406 atque
567 3342 629 3391 iura
642 3342 690 3390 ad·
741 3344 824 3393 storis
841 3342 912 3391 filius
927 3340 995 3406 Pylo
1014 3337 1136 3388 Athenas
1152 3336 1284 3411 coninge-

147 3418 203 3479 epti
224 3417 307 3472 sunt3
334 3412 431 3462 scribit
449 3414 520 3460 enirn
537 3412 690 3461 Pausanias
740 3420 793 3464 rat.
821 3397 1282 3476 Nsmqnererbstulroocoomox

146 3483 188 3545 ll,
207 3484 238 3534 18
257 3483 320 3532 tim:
351 3473 382 3529 οί
404 3475 436 3530 δὲ
455 3477 596 3544 Νηλεῖδαι
614 3473 690 3542 πλὴν
740 3482 912 3547 explicantur
926 3475 1223 3545 quodammodoverhis
1235 3465 1281 3523 int

150 3543 354 3615 Πισιστράτον,
370 3548 474 3600 τοῦτον
489 3544 541 3614 γὰρ
556 3539 609 3597 οὖν
623 3541 689 3598 οἶδα
738 3554 793 3601 τοῦ
806 3548 951 3613 Νέστορος
963 3540 1166 3609 Πεισιστράτου
1186 3543 1282 3594 ποιεί-

147 3613 222 3687 παρ’
255 3611 389 3676 οὕστινας
420 3610 623 3684 ἆπεχώρησεν,
662 3609 690 3676 ές
739 3635 824 3686 μενος
842 3617 894 3685 την
915 3611 1093 3681 ἐπωνυμίην,
1114 3615 1211 3665 ubido
1231 3631 1282 3664 usn

144 3683 265 3755 Ἀθηνας
280 3683 422 3753 ἀφίκοντο
438 3683 468 3738 οἱ
479 3684 577 3737 λοιποὶ
594 3683 643 3737 καὶ
655 3681 688 3736 τὸ
738 3691 951 3758 praepositionis
968 3682 1014 3738 ἐπὶ
1028 3686 1083 3738 vid.
1099 3690 1170 3735 nott.
1185 3684 1220 3734 ad
1232 3685 1281 3744 lv,

148 3757 316 3811 Παιονιδῶν
337 3752 417 3823 γένος
443 3754 490 3807 καὶ
511 3752 688 3822 Ἀλκμαιωνι-
740 3764 772 3812 45
785 3766 813 3811 et
825 3761 860 3811 cl.
874 3761 908 3822 V,
920 3760 963 3810 68.
973 3758 1016 3819 69,
1030 3757 1063 3805 de
1079 3753 1281 3818 significatione

147 3829 204 3880 θῶν
235 3822 296 3881 ἀπὸ
328 3820 438 3878 τούτων
464 3818 687 3892 ὠνομάσθησαν.
738 3832 815 3882 vocis
830 3822 976 3893 ἐπωνυμίη
989 3832 1060 3875 nott.
1076 3825 1111 3874 ad
1124 3825 1147 3885 1,
1166 3824 1206 3875 14.
1231 3824 1280 3872 Cr.

147 3897 303 3957 Μέλανθος
328 3894 359 3949 δὲ
384 3894 434 3948 καὶ
460 3890 514 3962 τὴν
543 3894 688 3964 βασιλείαν
739 3902 774 3951 ad
790 3902 856 3952 haec
870 3894 1098 3950 Herodotivcrba
1112 3893 1218 3944 confert
1229 3893 1282 3941 llu-

148 3964 242 4036 ἔσχεν,
267 3960 446 4034 ἀφελόμενος
467 3965 613 4032 Θυμοίτην
636 3958 688 4016 τὸν
739 3970 825 4024 stath,
842 3970 876 4020 ad
888 3969 987 4034 Odyss.
1002 3965 1060 4026 Ill,
1074 3965 1136 4013 415.
1153 3978 1214 4041 pag.
1232 3960 1281 4036 135

143 4033 292 4101 Ὀξύντου·
329 4036 475 4104 Θυμοίτης
507 4030 559 4102 γάρ
588 4035 687 4101 Θησει-
739 4040 874 4091 Basil-
899 4038 932 4087 ln
950 4050 1025 4098 seqq.
1042 4033 1139 4096 scripsi
1157 4029 1281 4093 αιτηλλα-

147 4108 203 4161 θῶν
245 4104 363 4174 ἔσχατος
395 4101 573 4174 ἐβασίλευσεν
607 4101 689 4171 Ἀθη-
739 4108 854 4173 χθησαν
871 4122 932 4157 cnm
951 4102 1087 4153 Bredovio
1104 4115 1167 4165 pag.
1186 4100 1236 4150 294
1253 4102 1281 4148 et

147 4180 242 4231 ναίων.
280 4181 354 4231 Hinc
373 4181 459 4240 satia,
481 4178 593 4243 opinor,
613 4184 689 4241 pate·
739 4178 896 4238 Dietschio,
928 4189 989 4225 curn
1017 4175 1046 4221 in
1068 4171 1171 4219 aoristo
1200 4168 1280 4217 huius

146 4249 555 4317 tit‚quse1³isistratidiscum
569 4248 689 4312 antiquis
739 4249 816 4298 verbi
837 4250 937 4299 Noster
957 4244 1132 4307 augmentum
1152 4238 1280 4289 adhibere

147 4322 253 4373 Atticae
270 4325 359 4371 terrae
378 4320 489 4385 regibus
507 4323 535 4367 et
552 4320 689 4382 cumipse
739 4318 843 4378 soleat,
875 4314 948 4381 qnod
973 4314 1001 4361 in
1027 4310 1185 4376 imperfecto
1211 4307 1281 4373 (vid.

147 4392 226 4444 Neleo
243 4395 417 4456 Nestoreque
437 4388 625 4438 intercesserit
644 4402 689 4437 co·
737 4379 951 4437 ἀπαλλάσσοντο
970 4382 1049 4431 initio
1070 4380 1169 4447 cepitis
1187 4378 1280 4444 huius)

148 4464 249 4526 gnatio:
284 4462 393 4528 patebit
415 4474 480 4510 vero
503 4457 602 4517 ctiam,
627 4472 689 4507 cum
739 4457 899 4524 negligitur,
917 4469 978 4505 mox
994 4466 1055 4503 cnm
1072 4451 1165 4502 eodem
1181 4448 1281 4500 Bredo-

149 4527 689 4600 lpsisAlunraeonidis‚potentissimailla
739 4529 784 4580 vio
799 4546 825 4597 p.
842 4528 889 4581 137
906 4525 1034 4577 librorum
1051 4523 1215 4588 scriptorum
1234 4535 1281 4569 au-

1036 4605 1080 4671 8*
