3100 5175
263 382 324 446 718

695 385 964 446 HERODO'PI

262 564 363 631 ἐοῦσα
383 553 538 648 ἁμαξιτὸς
556 557 682 648 μούνη,
708 562 766 630 scal
785 565 956 649 ἔμπροσθε
977 563 1060 630 aurci
1082 566 1225 630 Φοίνικα
1246 558 1396 649 ποταμὸν

262 662 366 752 ἀγχοῦ
381 660 544 750 Ἀνθηλῆς
564 663 678 745 πόλιος
697 659 852 753 ἁμαξιτὸς
871 662 956 753 ἄλλη
976 665 1096 753 μούνη.
1130 670 1198 734 τῶν
1213 665 1251 734 tii
1265 675 1393 753 Θερμο-

263 772 398 838 πυλέων
411 765 448 835 τὸ
462 766 524 856 μὲν
538 767 619 857 πρὸς
637 769 775 856 ἑσπέρης
790 760 889 853 οὖρος
901 766 1028 856 ἄβατόν
1046 795 1081 837 τε
1096 770 1153 837 καὶ
1167 767 1396 858 ἀπόκρημνον,

262 868 409 960 ὑψηλὸν,
431 867 609 941 ἀνατεῖνον
630 875 663 951 ἐς
676 870 737 960 τὴν
753 876 875 960 Οῖτην·
903 871 940 942 τὸ
956 875 992 942 δὲ
1007 872 1089 960 πρὸς
1104 872 1165 962 την
1180 871 1229 962 ἠοῖ
1242 878 1300 962 τῆς
1313 869 1397 943 odori

262 976 416 1046 θάλασσα
434 970 635 1045 ὑποδέκεται
652 977 708 1044 recl
722 976 873 1064 τενάγεα.
909 974 1000 1046 Ἔστι
1015 977 1052 1046 ol
1066 980 1104 1046 ἐν
1117 982 1157 1066 τῇ
1172 977 1276 1070 ἐσόδῳ
1292 977 1397 1066 ταύτη

262 1177 341 1228 Atlas
358 1177 405 1228 des
419 1182 508 1227 cartes
521 1175 649 1227 relatives
659 1177 680 1226 >h
692 1178 720 1228 la
734 1178 805 1230 Geo-

263 1248 375 1314 graphie
395 1247 562 1298 d'Herorlote
586 1263 626 1300 nr.
644 1249 687 1298 20.
722 1248 806 1298 Exhi-

263 1319 323 1369 buit
337 1332 443 1383 qnoque
453 1318 565 1382 Kiopert
576 1318 666 1380 (Atlas
677 1335 730 1369 von
740 1318 804 1367 Hel·

262 1388 313 1442 las,
334 1387 433 1440 Berlin.
453 1386 528 1438 1840.
550 1388 605 1440 lah.
625 1388 706 1452 Xlll)
726 1390 805 1438 item-

263 1476 314 1524 que
324 1459 406 1509 Grote
416 1457 541 1522 (History
551 1457 581 1508 oi
586 1458 688 1509 Greece
701 1461 732 1508 V.
739 1474 802 1525 ρος.

262 1530 308 1595 00)
334 1528 543 1578 delineationem
567 1527 646 1578 huius
673 1530 803 1594 regionis,

263 1599 353 1667 qualis
372 1597 434 1648 olim
450 1597 503 1647 suit
520 1605 547 1649 et
559 1597 648 1663 qualis
666 1614 737 1649 nunc
749 1602 803 1662 est,

262 1669 341 1721 valde
356 1672 475 1731 mutata,
496 1669 638 1718 fluviorum
650 1685 731 1720 cursu
745 1684 802 1718 mu·

262 1745 335 1802 tato,
351 1755 410 1788 cum
423 1744 496 1788 terra
504 1737 612 1804 longius
625 1745 752 1804 porrecta
765 1742 803 1789 sit

262 1824 388 1874 mareque
399 1809 556 1860 recesserim
580 1824 630 1857 nos
642 1807 712 1859 hauc
724 1809 804 1859 tabu·

262 1879 315 1930 lam
341 1879 393 1929 hoo
416 1878 475 1928 locu
499 1878 674 1945 repetendam
696 1880 804 1929 censui·

263 1965 338 2007 mus,
354 1964 408 2013 quo
420 1949 529 2012 melius,
542 1964 610 2014 quae
623 1948 656 1998 de
670 1949 750 2000 huius
760 1965 802 1999 re·

261 2020 351 2083 pionis
365 2025 462 2068 natura
476 2019 616 2083 disputata
628 2025 707 2080 sunt,
724 2018 804 2069 intel·

262 2089 397 2152 ligantur:
428 2089 545 2154 antiqua
564 2104 612 2139 ora
629 2091 708 2154 nigri
730 2090 802 2139 lines

261 2159 386 2208 iudicata
398 2163 453 2221 est,
472 2159 606 2209 recentior
622 2160 731 2224 punctis
745 2160 802 2209 sin-

261 2227 348 2294 gulis,
366 2228 464 2293 quihus
482 2228 576 2278 iisdem
588 2231 669 2277 etiem
685 2231 712 2278 in
728 2235 801 2279 terra

262 2300 414 2349 continenti
436 2301 535 2348 semila
558 2296 605 2347 illa
623 2297 803 2364 significatur,

262 2386 316 2433 qua
330 2369 428 2417 Persae
441 2383 488 2433 per
501 2373 617 2417 montem
630 2368 803 2432 proticiscen-

262 2446 303 2490 tes
317 2437 513 2503 Thermopylas
526 2440 601 2503 ipsas
617 2440 803 2490 circumvene-

261 2513 333 2559 runt.

301 2569 373 2627 κατά
392 2590 421 2625 τε
444 2566 598 2641 ’λλπηνούς
616 2566 723 2627 ὄπισθε
741 2566 801 2628 ἐόν-

261 2648 321 2714 τας]
347 2651 459 2711 Alpenos
474 2649 574 2698 Noster
597 2648 669 2698 inira
695 2664 802 2713 quoque

261 2719 589 2781 commemorarvlhrru.
607 2719 711 2768 Κοίοιο
721 2734 803 2784 qnas-

261 2790 323 2839 darn
345 2789 438 2854 oppidi
454 2788 560 2838 invenit
575 2788 688 2839 Vischer
703 2788 720 2843 l.
736 2787 754 2838 l.
773 2802 801 2853 p.

260 2860 326 2910 637:
350 2875 367 2908 u
386 2857 481 2924 quibus
504 2860 549 2923 qui
567 2858 723 2921 discedunt,
746 2874 801 2909 uno

260 2929 401 2994 alteroque
417 2928 500 2979 borae
517 2929 669 2994 quadrante
686 2930 738 2978 iter
758 2929 801 2978 fa-

260 3001 364 3051 cientes
380 3001 407 3047 in
425 2998 520 3048 mediis
532 2998 722 3064 Thermopylis
741 3013 801 3048 esse

261 3071 397 3121 dicuutur.
421 3069 461 3118 De
472 3068 581 3119 Anthela
591 3069 645 3119 vid.
656 3068 728 3117 infre
737 3067 800 3132 VII,

260 3140 312 3191 200
323 3140 413 3204 ibique
432 3142 500 3189 nott.
527 3140 616 3201 Quam
631 3140 703 3187 viam
721 3138 801 3188 estis-

260 3211 355 3260 simam
375 3211 474 3261 Noster
497 3208 577 3269 dicit,
602 3208 649 3257 uui
675 3207 800 3259 vehiculo

260 3286 366 3329 tantum
376 3279 495 3343 spatium
508 3278 696 3343 praebentem,
711 3277 800 3328 adhuc

259 3350 387 3415 cognosci
402 3364 481 3414 posse
497 3364 551 3398 οοο
570 3348 650 3414 longe
668 3353 800 3400 remotum

259 3436 277 3469 a
300 3419 422 3469 fontibus
446 3418 544 3468 calidis
571 3418 711 3484 rivuloqus
737 3419 800 3467 inde

259 3489 356 3541 effecto
379 3487 529 3554 molamque
555 3494 653 3554 agente
680 3487 800 3538 affirmat

258 3559 329 3609 idem
342 3557 457 3610 Vischer
458 3573 541 3636 pag
559 3558 610 3609 639
625 3573 680 3623 seq
709 3558 801 3608 Verbo

258 3620 396 3693 ἁμαξιτὸς
408 3618 502 3693 μούνη
514 3643 577 3693 perr
569 3628 682 3679 ''modo
675 3629 800 3679 invenias

259 3700 321 3763 οΙΙ,
336 3699 396 3749 200.

293 3766 350 3817 τιόν
362 3761 393 3817 tt
406 3758 650 3848 Θερμοπυλέιον
622 3782 653 3817 το
666 3758 718 3830 μὸν
728 3759 801 3850 πρὸς

258 3830 377 3903 ἑσπέρης
394 3826 480 3919 οὖρος
495 3826 613 3921 ἄβατόν
618 3851 647 3887 τε
662 3831 747 3886 ιιαΙ’
730 3830 801 3887 από·

258 3923 404 3992 κρημνον,
434 3899 562 3971 ὑψηλὸν,
595 3895 749 3955 ανατοῐνον
771 3897 801 3964 ἐς

257 3994 310 4043 την
324 3977 377 4029 Olr
381 3976 427 4044 ην]
437 3977 478 4029 Ad
488 3976 597 4029 dicendi
606 3976 714 4027 modum
724 3978 758 4027 ll
759 3993 801 4027 es-

258 4051 354 4131 seliug
369 4049 475 4099 confert
486 4046 588 4099 Herod
601 4048 663 4111 οΙΙ,
677 4046 726 4099 108
740 4044 800 4110 (ubi

258 4109 346 4182 ούρεα
359 4110 457 4183 ὑψηλοὶ
468 4114 516 4167 ιιαλ
525 4106 627 4195 ύβατα)
639 4086 666 4167 el
681 4117 734 4176 ΙΙΙ,
751 4118 797 4168 ΙΙΙ

258 4189 454 4265 (ubilegimus.
468 4178 680 4266 ἀποκρήμνοισι
692 4180 798 4250 oripesr,

257 4256 332 4313 ivea
358 4252 515 4323 πρόσβασιν
544 4249 691 4323 ανθρύπῳ
718 4251 799 4306 oriele-

257 4327 326 4396 μιαν
340 4323 441 4393 εἶναι),
465 4330 582 4393 itemque
598 4328 681 4377 etiarn
696 4327 797 4392 Sopho·

257 4400 343 4451 clsa'
337 4416 364 4448 ιο
384 4399 513 4448 Trachin
531 4396 582 4449 034
606 4396 668 4461 (002
688 4396 797 4475 Both):

257 4487 279 4522 ω
272 4458 420 4533 ναύλοχα
435 4464 480 4517 καλ
493 4469 612 4531 πετραῖα
627 4458 721 4533 θερμαὶ
734 4467 798 4516 λον·

855 1172 906 1258 τρὸ
927 1173 975 1226 sul
1000 1170 1108 1240 πόνους
1132 1175 1221 1235 Οἴτας
1243 1193 1397 1242 καραναιε

854 1241 978 1308 τύοντεςζ
988 1248 1150 1313 quibuscum
1161 1249 1330 1299 contendunt
1340 1250 1397 1299 Ho·
1421 1255 1425 1267 '

855 1333 920 1368 ruer.
933 1318 985 1367 Od
1003 1319 1039 1376 0
1054 1319 1114 1372 405.
1131 1319 1192 1370 «ili.
1225 1322 1264 1369 Ac
1278 1326 1398 1370 testatur

854 1388 985 1437 Dorlwell.
1000 1387 1018 1437 Ι.
1032 1356 1050 1438 l.
1065 1404 1092 1454 p.
1112 1390 1158 1438 142
1173 1390 1249 1439 stati·
1252 1407 1267 1438 u
1284 1406 1302 1440 a
1313 1389 1398 1440 fonti-

854 1457 905 1507 bus
925 1457 1021 1509 calidis
1035 1459 1123 1509 Oetae
1140 1460 1241 1509 moniis
1259 1476 1341 1524 rupes
1363 1477 1397 1509 ac

853 1543 922 1577 saxa
931 1529 959 1577 in
968 1528 1053 1578 ultum
1064 1529 1181 1580 maxime
1194 1536 1288 1579 erecta
1299 1535 1328 1579 et
1337 1545 1396 1578 ma-

853 1599 924 1659 xime
934 1599 1098 1663 praecipitia
1110 1599 1241 1663 conspici.
1274 1600 1398 1650 Herodo-

853 1677 910 1718 tum
921 1669 1004 1733 igitur
1014 1669 1037 1718 si
1046 1683 1198 1734 sequemur,
1209 1669 1243 1719 ab
1252 1671 1396 1720 occidente

853 1737 1094 1803 Thermopylarum
1117 1745 1267 1803 exsurgunt
1289 1746 1397 1789 montes

852 1809 1002 1869 inaccessi,
1015 1809 1195 1874 praecipites,
1213 1808 1277 1868 alti,
1292 1809 1329 1859 ad
1344 1811 1396 1858 Oe·

853 1886 908 1929 tem
924 1883 1057 1943 porrecti;
1076 1880 1104 1928 in
1120 1893 1172 1944 quo
1188 1880 1319 1929 convenit
1335 1895 1395 1929 curn

852 1949 986 1999 Strabone
995 1964 1028 1997 ac
1038 1948 1117 1998 Livio
1129 1948 1146 1998 l.
1157 1946 1175 1999 l.
1197 1951 1324 2014 Namque
1332 1965 1395 1999 cou-

854 2020 931 2069 tiuus
944 2019 1001 2069 lere
1015 2023 1058 2068 est
1069 2019 1200 2069 montium
1215 2020 1311 2078 series,
1325 2034 1394 2084 quae

853 2104 870 2138 a
882 2090 1003 2139 Leucate
1017 2091 1132 2153 sinuque
1144 2089 1290 2140 Ambracio
1306 2091 1394 2138 orien-

853 2165 907 2208 tem
933 2174 1027 2209 versus
1052 2163 1178 2225 porrecta
1202 2157 1237 2208 ed
1254 2161 1393 2224 Aegaeum

852 2243 938 2294 usque
958 2243 1032 2279 mere
1049 2244 1133 2294 prope
1147 2228 1347 2293 Thermopylas
1367 2231 1394 2278 iu

852 2299 1017 2364 praecipites
1031 2303 1148 2349 maxime
1162 2314 1244 2364 rupes
1258 2306 1394 2364 acuteque

852 2371 933 2434 iuga,
952 2369 1049 2434 quibua
1062 2367 1140 2418 Oetae
1153 2384 1263 2431 nornen,
1280 2368 1392 2426 desiuit;

852 2453 1015 2505 quemquam
1034 2438 1130 2488 latiori
1149 2454 1231 2490 sensu
1257 2441 1344 2490 etiam
1363 2440 1390 2488 ds

853 2509 927 2559 omni
936 2508 986 2558 hoc
999 2510 1130 2558 montium
1140 2514 1231 2559 tractu
1244 2508 1333 2561 Oetam
1344 2509 1390 2559 diri

853 2579 982 2630 observat
1001 2578 1153 2632 Tsschucls.
1171 2578 1206 2629 ad
1224 2579 1288 2630 Mel·
1308 2581 1352 2642 ΙΙ,
1370 2581 1394 2631 3.

854 2652 878 2713 §-
893 2651 908 2698 2
924 2655 993 2702 nott.
1013 2665 1106 2715 excgg.
1125 2665 1150 2714 μ.
1167 2651 1215 2700 Ιλλ
1237 2650 1300 2704 coll.
1320 2652 1394 2701 hlau-

854 2725 922 2770 nert.
936 2719 999 2769 VII.
1021 2736 1046 2784 p,
1063 2720 1116 2771 020
1134 2726 1161 2769 et
1175 2720 1277 2771 Kruse:
1300 2719 1393 2772 Helles

853 2790 874 2841 Ι.
886 2805 912 2855 p.
924 2790 981 2839 234.
1002 2788 1133 2840 Dodwcll.
1145 2789 1162 2841 l.
1176 2788 1193 2844 l.
1204 2806 1232 2854 p.
1246 2791 1295 2841 144
1309 2806 1392 2855 seqq,

852 2858 898 2923 qui
923 2858 1127 2924 pulcherrimam
1156 2875 1190 2910 ac
1214 2859 1390 2910 laetissimam

852 2931 952 2979 montis
970 2931 1088 2994 speciem
1108 2944 1168 2979 esse
1180 2932 1288 2980 usserit.
1319 2928 1387 2979 eud.

852 2997 916 3048 ibid.
926 3014 987 3064 cap.
1003 2999 1041 3048 ll).
1053 3016 1078 3064 p.
1089 3001 1139 3049 214
1151 3015 1209 3064 seq.
1224 3009 1252 3049 ot
1264 2999 1316 3049 vid.
1327 3014 1391 3064 quo-

852 3083 904 3134 que
915 3068 947 3117 L.
959 3069 1041 3118 Ross:
1062 3068 1265 3134 ll'anderungg.
1282 3070 1309 3118 in
1319 3071 1391 3119 (irie-

851 3137 985 3189 chenland
998 3139 1035 3188 ΙΙ.
1045 3141 1076 3204 p.
1089 3139 1152 3200 184,
1168 3140 1215 3205 qui
1227 3140 1286 3203 ipse
1295 3138 1390 3189 Oetam

850 3207 994 3258 adscendit
1012 3209 1164 3273 montisque
1181 3220 1308 3259 naturam
1324 3208 1391 3259 indi-

851 3278 934 3328 cavit.
970 3280 1050 3328 Nunc
1069 3278 1161 3343 Oetae,
1189 3280 1286 3329 artiori
1310 3294 1390 3330 sensu
1436 3288 1439 3292 ’

851 3349 875 3397 si
888 3352 1006 3399 montem
1019 3348 1184 3414 accipimus,
1203 3365 1300 3401 nomen
1311 3350 1392 3400 Kato·

850 3416 947 3469 sotira.

886 3483 919 3536 τὸ
934 3480 965 3536 δὲ
978 3483 1052 3549 πρὸς
1065 3481 1119 3551 την
1137 3476 1180 3551 ἠῶ
1192 3503 1242 3552 της
1253 3477 1325 3537 ὸδοα
1339 3480 1392 3536 θαὲ

850 3556 938 3605 λασσα
949 3549 1118 3606 ὑποδέκεται
1131 3572 1177 3606 ιιαι
1169 3549 1343 3623 Μτενύηεα]
1335 3574 1352 3606 ι.
1365 3573 1389 3607 e.

851 3628 990 3678 oboriente
1000 3630 1063 3678 viera
1076 3630 1173 3707 ιποίρίλ
1185 3644 1254 3677 ποτε
1274 3643 1306 3677 ao
1316 3630 1391 3692 puls·

851 3694 935 3749 dees
946 3706 1047 3762 scapua.
1063 3693 1334 3762 τενύηεαλιοοιοοαο
1350 3698 1389 3746 in·

851 3767 1011 3831 venimusl,
1028 3769 1078 3817 202
1094 3767 1139 3818 fin.
1153 3767 1233 3829 VIII,
1244 3766 1302 3819 120
1322 3767 1388 3818 Cum

851 3837 993 3888 Herodoto
1012 3838 1150 3888 consentit
1162 3805 1304 3922 Appieuus
1324 3836 1340 3887 l
1355 3837 1387 3888 l.=

851 3921 885 3973 τη
876 3898 950 3970 μὲν
968 3901 1100 3957 θάλασσα
1119 3909 1235 3988 τραχεια
1258 3902 1306 3956 sul
1330 3897 1388 3956 eii(

850 3989 945 4040 μενος,
961 3992 994 4043 τη
985 3972 1040 4026 rt
1053 3966 1268 4044 ἕλοςαβιιιόντι
1281 3973 1387 4043 καλβα

852 4044 1017 4110 ραθριόδες,
1041 4048 1160 4113 itemque
1182 4048 1294 4109 Livius,
1315 4047 1387 4112 apud

850 4132 928 4182 quem
949 4117 1073 4181 XXXVI,
1094 4118 1126 4169 18
1151 4117 1220 4168 haec
1244 4116 1385 4182 leguntur:

852 4186 932 4249 „loca
942 4203 1027 4254 usque
1037 4188 1074 4238 sd
1086 4203 1160 4239 mare
1179 4187 1255 4237 invia
1270 4187 1386 4253 palustri

849 4223 914 4307 limo
927 4262 956 4308 et
971 4257 1156 4340 voraginibus.
1160 4258 1177 4283 “
1207 4257 1281 4319 Quin
1293 4259 1386 4308 etism-

850 4343 912 4376 num
928 4333 1028 4393 stagna
1045 4328 1119 4377 viem
1133 4328 1167 4377 sh
1183 4328 1288 4378 oriente
1302 4327 1385 4377 inclu-

849 4396 912 4447 dere
932 4397 967 4447 ad
988 4413 1062 4447 mare
1078 4413 1163 4463 usque
1181 4402 1305 4462 porrecta
1326 4413 1384 4447 uar-

848 4473 912 4519 rent
914 4468 1382 4534 wqrtamquamereuhmultiemou
