3100 5175
270 399 331 464 378
703 400 967 465 HERODOTI

269 607 320 660 τις
334 574 459 667 γίνοιτ’
476 572 519 647 ὐν
533 579 709 668 ἐπικουρίη
723 577 853 668 ψυχρή·
882 582 1029 667 φθαίητε
1044 573 1109 666 γὰρ
1122 571 1166 654 ἂν
1179 572 1339 656 πολλάκις
1353 577 1400 658 ἐξ·

271 684 600 772 ανδρατισδισθέντες
615 681 635 772 ἦ
650 712 725 753 τινα
739 685 912 753 πυθέσθαι
926 677 1047 770 ἡμέων.
1076 680 1352 769 συμβουλεύομεν
1367 680 1402 748 δὲ

270 786 352 878 ὑμίν
368 793 486 858 δοῦναι
506 782 608 876 ὑμέας
629 784 750 867 αὐτούς
765 784 990 876 Ἀθηναίοισι,
1014 784 1277 874 τιλησισχσύοοισί
1294 811 1329 853 τε
1343 781 1400 852 dv·

272 891 370 979 δράσι
390 894 447 961 καί
467 896 643 979 τιμωρέειν
665 895 756 960 ἐοῦσι
779 889 819 960 οὐ
838 906 979 960 κακοῖσι.
1023 895 1134 959 Ταῦτα
1153 887 1403 977 συνεβούλευον

271 1003 306 1066 σί
317 995 593 1085 Λακεδαιμόνιοι,
615 992 656 1063 οὐ
670 993 753 1064 κατὰ
773 992 910 1083 εὐνοίην
929 991 1017 1064 οὕτω
1042 999 1110 1062 τῶν
1123 995 1339 1077 Πλαταιέων,
1361 988 1404 1072 ὡς

271 1102 469 1189 βουλόμενοι
484 1097 561 1178 τούς
575 1096 776 1187 Ἀθηναίους
791 1106 880 1187 ἔχειν
894 1097 1034 1181 πόνους,
1058 1101 1284 1176 συνεστεῶτας
1299 1105 1402 1165 Βοιω·

270 1220 366 1274 τοῖσι.
411 1202 670 1292 Λακεδαιμόνιοι
695 1205 757 1291 μέν
790 1230 856 1273 νυν
876 1206 1080 1272 Πλαταιεῦσι
1108 1207 1213 1270 ταῦτα
1241 1198 1403 1289 συνεβού-

272 1406 404 1457 dedernnt
418 1405 539 1459 Erfurdt.
559 1404 594 1454 ad
614 1403 741 1469 Sophocl.
760 1409 814 1455 An·
864 1413 903 1456 tor
922 1420 975 1454 cren
992 1404 1109 1464 Boeotis,
1131 1407 1162 1453 ut
1183 1406 1257 1454 recte
1273 1401 1405 1467 explicuit

273 1478 359 1542 tigon.
373 1477 406 1526 88
425 1480 452 1526 et
465 1477 564 1527 Bonita
584 1476 618 1525 ad
633 1476 746 1527 eundem
765 1476 815 1525 So·
863 1474 1081 1539 Schweighaeus.
1097 1474 1124 1522 in
1138 1474 1229 1525 Lexic.
1247 1473 1351 1523 Herod.
1366 1472 1403 1526 Π.

271 1546 375 1612 phoelis
395 1545 483 1595 locum
505 1545 545 1595 in:
566 1544 811 1610 Sitsnngsbericht.
863 1560 888 1609 p.
902 1544 966 1604 3053
986 1550 1015 1594 tu
1028 1543 1082 1593 vid.
1095 1548 1164 1593 nott.
1180 1543 1215 1593 ad
1227 1543 1287 1604 tlt,
1304 1540 1405 1592 170,-

272 1617 298 1667 d.
320 1616 409 1666 Akad.
427 1616 475 1665 der
490 1615 658 1666 Wisscnsclr.
680 1632 703 1664 a.
722 1615 812 1677 Wien,
863 1607 981 1677 εὐνοίην
1000 1614 1101 1666 retinui
1118 1628 1178 1663 cum
1192 1613 1328 1663 Bredovio
1342 1628 1403 1677 pag.

272 1686 338 1738 hist.
357 1685 423 1752 phil.
442 1685 538 1736 Classe
555 1686 659 1735 XXIII.
680 1700 741 1749 pag.
760 1685 812 1734 322
866 1685 928 1740 1273
953 1671 1071 1731 εὔνοιαν
1092 1683 1216 1734 exhibuit
1234 1683 1402 1733 Dietschins.

272 1771 347 1820 seqq.
375 1756 493 1821 itemque
515 1754 616 1805 Obbar.
643 1754 678 1804 ad
702 1755 812 1803 Horatii
898 1747 932 1801 οὐ
951 1746 1023 1801 κατὰ
1040 1743 1158 1816 εὐνοίην
1180 1741 1254 1801 οὕτω
1273 1768 1299 1805 ιι,
1323 1768 1346 1801 τ.
1366 1750 1402 1816 λ.]

271 1827 360 1891 Epist.
375 1827 396 1888 l,
406 1826 431 1877 3.
444 1825 572 1890 papatu.
590 1824 730 1875 ludicatur
741 1825 812 1875 enirn

272 1895 403 1946 auxilium
418 1896 548 1960 sulpitium,
568 1894 585 1943 i.
599 1912 623 1946 e·
641 1903 715 1945 terrac
729 1900 812 1959 atque

271 1967 333 2017 inde
346 1967 445 2024 inutile,
460 1981 556 2015 υσοαυι.

306 2033 433 2098 φθαίητε
448 2028 501 2099 γὰρ
522 2024 558 2084 ἄν
578 2049 602 2083 ιι.
624 2049 648 2084 τ,
667 2032 705 2100 λ.]
731 2037 813 2097 „plac

270 2109 346 2155 semel
361 2109 421 2156 enim
434 2108 496 2169 fleri
508 2113 610 2168 posset,
626 2114 654 2155 at
664 2107 689 2154 iu
704 2107 811 2155 seruitu-

270 2183 315 2225 tem
333 2177 407 2237 prius
426 2175 645 2232 alrrtralrerenrim',
670 2191 742 2239 ηυαυι
766 2190 811 2224 no·

269 2246 346 2294 sertim
361 2246 489 2310 quisquam
505 2245 588 2308 suado
605 2246 736 2296 aridiretf‘
766 2245 811 2294 Ita

270 2314 388 2365 reddidit
412 2314 696 2378 Schweighaeuserus.
735 2313 812 2364 Stru-

269 2388 374 2433 cturam
389 2383 465 2433 verbi
480 2382 606 2446 φθαίητε
625 2400 686 2434 oum
699 2386 811 2445 partici-

269 2453 316 2518 pio
329 2468 412 2516 snpra
422 2453 475 2502 lam
490 2454 632 2514 attigimus
645 2454 679 2502 ad
693 2455 746 2512 IV,
761 2453 810 2505 136

270 2528 297 2572 el
312 2524 367 2584 Vl,
381 2523 430 2582 913
449 2522 513 2575 add.
527 2523 583 2584 Vl,
599 2523 662 2586 116,
676 2523 724 2572 ubi
737 2523 810 2586 quod

269 2594 338 2643 idem
348 2594 459 2644 verbum
472 2595 575 2658 excipit
587 2589 656 2652 τισίν
667 2581 688 2657 ἢ
697 2610 811 2672 sequen-

269 2670 296 2714 te
305 2663 442 2715 infinitivo
454 2659 537 2729 (πρὶν
547 2656 566 2728 ἢ
573 2658 641 2721 τούς
650 2660 811 2730 βασβαρους

268 2723 370 2797 ἥκειν),
387 2733 510 2785 hocloco
524 2749 634 2799 prorsus
648 2733 731 2784 simili
746 2734 811 2783 orni·

269 2805 306 2855 sit
317 2806 418 2854 Noster
433 2800 503 2865 πρὶν
522 2809 606 2870 atque
623 2820 706 2855 unam
726 2805 811 2868 perti·

268 2873 357 2924 culam
370 2863 390 2937 ἢ
402 2875 496 2939 posuit
512 2879 643 2939 sequente
663 2873 809 2935 infinitivo,

268 2961 330 2994 cnm
343 2961 376 2995 ca
389 2945 447 3008 vis,
465 2960 535 3009 quae
549 2946 576 2995 in
589 2943 724 3009 particula
739 2939 809 3007 πρίν

269 3015 353 3072 inest,
382 3015 435 3063 inm
453 3016 629 3066 contineatur
652 3015 713 3080 ipsa
731 3014 809 3064 verbi

268 3083 394 3146 φθαίητε
416 3086 537 3138 notione.
567 3086 647 3136 Unde
664 3101 730 3135 sane
743 3100 810 3134 non·

268 3153 335 3205 nihil
349 3154 479 3204 differunt
491 3156 511 3204 ii
521 3154 583 3217 loci,
596 3156 624 3204 in
637 3155 734 3219 quibus
747 3170 808 3204 curn

268 3224 324 3274 tale
338 3225 448 3274 verbum
466 3225 538 3274 haud
553 3226 714 3287 praecedat,
731 3225 810 3274 abso·

268 3292 325 3343 lute
338 3295 450 3357 ponitur
465 3289 534 3355 πρὶν
547 3291 567 3359 ἢ
579 3300 710 3359 sequente
723 3294 810 3343 infini-

268 3364 341 3421 tivo,
359 3366 389 3412 ut
402 3363 442 3426 11,
457 3366 481 3413 2.
504 3364 555 3426 IV,
570 3363 628 3413 167.
648 3364 686 3425 V,
699 3363 732 3413 65
746 3361 809 3412 coll.

271 3431 327 3482 118.
336 3432 384 3492 lx,
395 3431 434 3483 13.
444 3458 476 3467 —
483 3433 516 3481 In
523 3433 613 3485 verbis
622 3433 810 3498 subsequenti·

267 3503 318 3552 bus
333 3496 380 3549 καί
393 3495 540 3565 τιμωρέειν
554 3493 631 3551 ἐοῦσι
647 3493 681 3552 οὐ
697 3503 809 3551 κακοῖσι

267 3573 314 3622 vix
326 3586 394 3635 opus
409 3586 530 3627 monere.
544 3572 707 3623 infinitivum
727 3587 811 3635 τιμω-

267 3640 342 3701 ρέειν
353 3641 469 3704 pendere
485 3641 520 3691 ab
530 3642 669 3693 adiectivo
681 3644 809 3701 κακοῖσι;

266 3711 446 3762 Athenienses
458 3712 528 3761 enirn
540 3711 668 3762 dicuntur
682 3713 750 3764 laud
758 3729 810 3762 nra·

266 3783 286 3832 li
298 3780 327 3843 (i.
342 3798 364 3831 e.
379 3781 449 3831 satis
460 3781 557 3847 velidi)
571 3799 627 3833 csse
638 3784 675 3833 ad
687 3785 808 3833 ancilium

266 3851 708 3917 voor'sserendumvosquetutandos.
729 3852 808 3916 Quod

863 1823 939 1873 Haec
964 1828 994 1872 ut
1015 1825 1067 1873 rite
1088 1823 1276 1887 intelligantur
1299 1823 1404 1887 riteque

862 1893 1059 1954 diiudicentur,
1082 1893 1225 1943 tenendum
1245 1898 1300 1950 est,
1318 1894 1404 1942 Hero·

863 1964 920 2012 doti
939 1964 1057 2012 animum
1075 1979 1142 2013 sane
1161 1963 1246 2027 magis
1264 1962 1300 2012 ad
1320 1962 1403 2014 sthe-

863 2035 971 2083 nienses
993 2032 1163 2098 (quibuscum
1185 2034 1267 2083 etism
1284 2032 1404 2082 Thurios

863 2104 1002 2168 profectus
1022 2102 1076 2168 est)
1101 2107 1184 2166 atque
1206 2102 1242 2153 ad
1263 2102 1403 2167 imperium

863 2173 1009 2238 populere,
1031 2172 1102 2239 quod
1124 2173 1162 2221 ibi
1181 2188 1261 2237 quern
1287 2174 1402 2222 maxime

863 2249 927 2293 tunc
945 2243 1076 2308 temporis
1096 2242 1188 2293 floruit
1208 2241 1256 2304 (cl.
1278 2248 1348 2293 nott.
1368 2241 1403 2292 ad

861 2315 894 2372 V,
911 2313 965 2378 uo),
982 2313 1127 2363 inclinasse
1140 2316 1167 2362 et
1179 2313 1402 2375 aSpsrtanorum

861 2383 943 2433 rebus
968 2383 1151 2433 abhorruisse.
1186 2382 1248 2434 Vid.
1271 2382 1402 2433 Hoffmei-

861 2458 918 2502 ster
934 2452 951 2501 l.
967 2452 986 2503 l.
1007 2468 1033 2518 p.
1056 2453 1113 2503 106,
1143 2453 1215 2502 Hinc
1231 2467 1340 2517 quoque
1355 2453 1402 2512 Vl,

863 2523 912 2573 112
932 2521 1049 2586 aliisque
1069 2523 1137 2573 locis
1155 2522 1337 2573 Athenienses
1359 2539 1402 2573 oo·

861 2595 972 2644 cesione
989 2594 1083 2644 oblata
1099 2593 1199 2645 debitis
1219 2593 1346 2645 laudibus
1357 2610 1402 2644 ex·

862 2663 934 2715 tulit.
958 2664 1052 2730 Neque
1068 2679 1132 2714 vero
1144 2664 1208 2714 hinc
1220 2664 1360 2729 sequitur,
1371 2669 1403 2713 ut

862 2733 972 2799 quidam
1001 2733 1166 2793 voluerunt,
1192 2733 1402 2784 Atheniensibus

860 2809 965 2869 patrem
987 2803 1119 2855 historiae
1143 2803 1293 2854 blanditum
1319 2809 1401 2868 atque

860 2873 999 2924 adulatum
1025 2890 1099 2935 esse,
1132 2889 1185 2939 qua
1209 2875 1401 2924 criminatione

859 2944 1028 2994 Herodotum
1050 2943 1176 2995 liberavit
1188 2941 1352 2995 Dahlmaun.
1373 2959 1399 3008 p.
1432 2974 1437 2982 ·

860 3014 910 3064 118
924 3029 980 3078 seq.
994 3014 1124 3080 singulos,
1134 3015 1180 3079 qui
1192 3013 1236 3063 hic
1249 3015 1276 3062 in
1292 3028 1402 3064 censum

859 3084 987 3145 veniunt,
1002 3084 1077 3134 locos
1090 3089 1217 3133 accurate
1237 3098 1401 3148 persequens

859 3169 909 3204 nec
923 3152 978 3204 ullo
992 3155 1161 3205 Herodotum
1176 3154 1345 3217 praeiudicio
1358 3170 1400 3202 ca·

859 3229 935 3288 ptum
952 3223 1040 3274 fuisse
1053 3228 1278 3274 commonstrans.
1308 3224 1401 3275 Tuci.

860 3294 1030 3357 potissimum
1047 3295 1113 3356 Vll,
1137 3292 1186 3345 138
1197 3308 1273 3359 seqq.
1307 3294 1401 3358 Neque

859 3364 953 3413 dehita
964 3363 1045 3414 laude
1063 3363 1107 3414 ille
1122 3364 1272 3426 Spartanos
1286 3359 1401 3414 frustra-

859 3438 904 3482 tus
917 3437 959 3484 cst
972 3434 1034 3495 Vll,
1051 3434 1109 3493 102,
1123 3434 1169 3483 uhi
1184 3433 1255 3483 coni.
1268 3438 1339 3485 nott.
1363 3434 1402 3483 Iit

859 3504 893 3553 ad
911 3509 1033 3553 nostrum
1043 3504 1131 3553 locum
1144 3504 1261 3563 redeam,
1272 3504 1319 3553 va
1334 3503 1400 3552 haec

859 3573 886 3622 in
902 3574 1053 3638 Spartanos
1068 3575 1167 3624 Noster
1180 3572 1350 3637 protulisset,
1364 3574 1401 3621 ni-

860 3646 884 3692 si
899 3642 967 3693 haec
979 3645 1128 3693 communis
1144 3643 1243 3692 suisset
1262 3644 1399 3693 sententia

859 3714 1023 3764 Graecorum
1045 3713 1091 3762 illa
1110 3718 1202 3763 aetate
1220 3711 1301 3777 vulgo
1324 3729 1397 3763 rece·

858 3788 920 3848 pte,
937 3784 1035 3848 quibus
1048 3784 1177 3848 Spartani
1195 3782 1352 3847 plerumque
1364 3785 1399 3833 ab

859 3854 930 3903 omni
943 3853 1054 3904 cultiori
1067 3854 1124 3902 vita
1135 3852 1234 3914 alieni,
1249 3851 1322 3915 duri,
1343 3852 1399 3903 cal·

266 3937 331 3972 vero
354 3921 565 3974 Plataeensibus
590 3922 659 3975 haec
685 3924 807 3974 suasisse
857 3923 905 3974 lidi
921 3939 1008 3989 neque
1020 3924 1109 3988 aperti
1122 3922 1332 3988 simplicesque,
1353 3922 1400 3972 sed

266 3992 392 4044 dicuntur
406 3992 629 4059 Lacedaemonii,
649 3986 687 4050 ὥς
708 3986 808 4059 βουλό·
858 3995 886 4044 in
901 3994 970 4046 alios
988 3994 1077 4044 dolosi
1092 3994 1264 4045 videbantur.
1293 3992 1335 4042 Oi.
1351 3993 1399 4054 lx,

265 4078 346 4127 μενοι
369 4054 436 4120 τούς
459 4056 628 4127 Ἀθηναίους
655 4058 730 4127 ἔχειν
758 4058 808 4113 τιό-
859 4067 891 4113 54
906 4069 933 4113 et
943 4064 1066 4128 Euripid.
1083 4062 1263 4114 Andromach.
1279 4064 1330 4114 tto
1342 4079 1398 4128 seq.

266 4148 350 4193 τους,
364 4131 551 4190 συνεστεῶτας
563 4134 727 4191 Βοιωτοῖσι,
740 4134 808 4185 indi·
859 4132 1051 4184 Wachsnruth:
1077 4134 1182 4185 Hellen.
1201 4132 1398 4185 Alterthnmslr.

265 4209 312 4253 cat
324 4204 431 4267 Noster,
443 4205 675 4257 Lacedaemonios
688 4205 808 4257 voluisse
857 4205 880 4253 1.
894 4220 956 4269 pag.
973 4206 1021 4256 175
1036 4220 1093 4268 seq.
1107 4203 1170 4257 coll.
1184 4204 1215 4253 C.
1230 4203 1262 4253 0.
1277 4203 1400 4254 Mueller.

263 4274 398 4322 scelestium
406 4275 713 4339 parurcAtJecuicuridus,
726 4284 754 4324 ut
766 4276 810 4339 qui
858 4275 925 4323 Dor.
943 4274 979 4324 ll.
993 4290 1054 4339 pag.
1071 4274 1132 4335 408,
1144 4276 1192 4338 qni
1203 4272 1271 4322 haec
1283 4273 1399 4322 crimine

264 4350 312 4391 turn
327 4347 408 4393 coacti
417 4354 501 4394 errent
511 4346 637 4395 bellacum
647 4347 751 4395 Boeotis
761 4360 807 4407 pc·
857 4344 976 4393 Doribus
987 4344 1131 4408 Spartanis
1141 4343 1223 4407 vulgo
1235 4342 1399 4406 exprobrata

264 4427 323 4460 rere
332 4429 342 4467 ,·
364 4427 427 4460 narn
448 4412 636 4471 συνεστεῶτας
657 4413 806 4463 Βοιωτοῖσι
858 4412 995 4477 explicare
1018 4413 1061 4464 vel
1081 4413 1175 4478 potius
1194 4426 1326 4462 excusare
1343 4420 1400 4463 stu·

264 4480 353 4531 valet:
372 4483 567 4534 contentionibus
581 4493 606 4534 et
622 4484 693 4534 bellis
705 4484 807 4546 triplici·
858 4482 903 4534 det
923 4500 955 4535 ex
973 4482 1022 4533 illa
1035 4483 1139 4534 Dorum
1159 4484 1267 4534 ratione
1280 4482 1420 4548 vivendi·
