3100 5175
506 435 780 498 POLYMNIA.
803 435 874 494 V11.
896 444 956 497 153.
1236 432 1298 493 675

159 637 219 678 τευ
234 614 303 698 τῶν
316 607 494 696 τρυγόνων
512 610 722 697 κτησαμένου
736 606 849 700 τρόπῳ
862 610 991 700 τοιῷδε.
1031 604 1078 686 Ἐς
1092 603 1299 694 Μακτώριον

160 712 261 783 πόλιν
279 710 340 802 τήν
359 709 447 799 ὑπὲρ
458 714 563 799 Γίλης
576 714 758 800 οἰκημένην
772 718 903 798 ἔφυγον
923 707 1046 797 ἄνδρες
1059 707 1221 794 Γελοίων,
1244 712 1296 778 ἕσ·

159 819 330 896 σωθέντες
351 814 457 885 στάσι.
494 816 634 895 τούτους
657 805 705 883 ὧν
724 811 741 883 d
768 821 912 902 Τηλίνης
933 814 1099 902 κατήγαγε
1124 818 1157 893 ἐς
1177 815 1297 900 Γέλην,

160 926 248 1006 ἔχων
267 916 432 1008 οὐδεμίαν
449 917 586 1009 ἀνδρῶν
608 918 771 1005 δύναμιν,
794 914 868 987 ἀλλ’
885 915 940 1003 ted
960 917 1094 986 rodran-
1110 921 1178 984 τῶν
1191 921 1295 985 θεῶν.

158 1019 246 1091 ὅθεν
265 1023 302 1092 δὲ
323 1020 408 1092 αὐτοὶ
424 1029 522 1112 ἔλαβε
542 1016 564 1111 ἦ
585 1019 684 1101 αὐτὸς
705 1021 881 1109 ἐκτήσατο,
904 1024 1002 1091 τοῦτο
1024 1016 1086 1090 οὐκ
1108 1025 1172 1107 ἔχω
1194 1019 1295 1089 εἷται.
1319 1019 1335 1028 ’

159 1126 306 1195 τούτοισι
329 1124 362 1196 d’
380 1118 429 1196 ὦν
448 1134 588 1206 πίσυνος
608 1123 674 1195 ἐών
693 1126 878 1214 κατήγαγε,
905 1121 959 1193 ἐπ’
982 1114 1009 1217 ᾧ
1029 1152 1064 1193 τε
1087 1127 1120 1192 ol
1135 1120 1296 1210 ἀπόγονοι

159 1226 267 1300 αὐτοῦ
282 1229 459 1318 ἱροφάνται
474 1236 542 1300 τῶν
557 1234 650 1298 θεῶν
665 1235 808 1300 ἔσονται.
843 1226 968 1317 θαῦμά
979 1256 1035 1314 μοι
1058 1217 1106 1296 ὧν
1121 1229 1177 1295 καὶ
1198 1233 1296 1296 τοῦτο

158 1336 279 1420 γέγονε
294 1333 378 1423 τρός
390 1331 430 1403 τὰ
445 1332 663 1419 πυνθάνομαι
676 1331 946 1422 κατεργάσασθαι
966 1339 1113 1420 Τηλίνην
1127 1336 1227 1419 ἔργον
1239 1359 1294 1400 το·

158 1442 303 1506 σοῦτον·
338 1436 379 1507 τὰ
406 1432 545 1506 τοιαῦτα
566 1435 631 1525 γοὶρ
651 1441 732 1526 ἔργα
754 1433 796 1506 οὐ
818 1432 900 1522 πρὸς
920 1439 981 1505 τοῦ
1005 1432 1152 1514 ἅπαντος
1172 1430 1296 1524 ἀνδρὸς

158 1643 210 1693 bna
228 1645 291 1692 utut
310 1641 426 1704 statuis,
446 1641 511 1691 milri
529 1641 574 1692 vix
592 1642 703 1693 dubium
753 1642 821 1707 fuit,
845 1641 999 1692 huiusmodi
1026 1632 1075 1704 ἱρὰ
1099 1640 1127 1690 in
1156 1640 1293 1692 homiuum

158 1712 282 1772 ridetur,
304 1713 369 1777 quin
393 1711 420 1762 lr.
443 1710 461 1761 l.
491 1711 524 1762 de
549 1713 647 1764 Cerere
674 1720 703 1762 et
753 1719 929 1777 conspectum
946 1711 1070 1762 conferre
1086 1726 1118 1761 ae
1141 1716 1294 1763 monstrare

157 1783 325 1847 Proserpina
346 1783 459 1847 eiusque
483 1782 570 1833 saeris
593 1784 702 1833 areanis
754 1776 801 1847 (roi
827 1774 889 1842 ίεραὶ
914 1774 1075 1830 δεικνύναιε
1103 1780 1159 1831 vid.
1182 1781 1293 1832 Lobeok

159 1851 322 1917 quibusdam
336 1852 373 1901 sit
383 1851 569 1917 eogitandnm.
752 1851 932 1916 Aglaopham.
948 1852 970 1904 l.
985 1849 1091 1916 p'ag.50
1104 1853 1195 1916 seqq.)
1210 1850 1295 1901 homi·

196 1919 323 1985 Τηλίνεω
333 1911 397 1978 ἕνός
408 1934 456 1971 τεν
467 1918 525 1969 τῶν
537 1914 702 1986 προγόνων]
751 1923 847 1984 uibus,
868 1924 895 1970 in
916 1935 1027 1985 quorum
1042 1921 1148 1971 animos
1168 1936 1293 1986 magnam

157 1991 190 2042 In
216 1990 359 2042 Sanorofti
382 1991 444 2041 cod.
460 1996 552 2042 exstat
569 1981 632 2048 ἕνός
651 1989 703 2040 τοῦ
752 1993 807 2042 vim
819 1991 865 2040 illa
884 1994 1041 2041 exercerent
1056 1991 1115 2041 sive
1127 1990 1234 2055 publice
1248 2007 1294 2041 ex-

156 2059 224 2114 τιίν.
268 2058 394 2124 Τηλίνης
417 2060 491 2111 haud
516 2061 573 2112 seio
593 2076 629 2110 au
650 2060 701 2111 hoe
753 2063 846 2126 posita
858 2061 886 2110 in
898 2060 967 2125 ipsis
979 2060 1205 2125 templis,sivein
1220 2076 1295 2125 pom·

156 2131 218 2181 loeo
240 2145 337 2181 nomen
358 2133 396 2179 sit
415 2129 627 2196 appellativum,
648 2146 701 2196 quo
753 2132 794 2196 pis
803 2130 967 2183 solemnibus
979 2129 1149 2180 circumlata.
1162 2130 1240 2181 Unde
1250 2147 1293 2180 sa-

165 2200 221 2252 ΤτΙι·
243 2202 341 2250 insulan
353 2201 436 2250 incolo
458 2215 480 2249 s.
506 2202 565 2252 Telo
582 2201 702 2251 oriundus
753 2203 791 2252 tis
804 2201 899 2267 opinor
910 2199 1077 2266 explicatur,
1098 2199 1169 2265 quod
1181 2199 1293 2251 Telines

157 2271 304 2319 indicetur.
329 2270 702 2335 Mucton'umoppidumunus
752 2270 848 2323 horum
879 2285 1032 2332 sacrorum,
1059 2284 1128 2334 qnae
1151 2270 1180 2320 in
1205 2270 1293 2335 ipsius

157 2344 292 2389 memorat
329 2338 484 2404 Stephanus
520 2341 699 2403 Byzantinus.
752 2345 917 2407 potestatem
936 2339 1118 2402 devenerant,
1137 2353 1189 2405 ope
1206 2355 1294 2405 neque

157 2411 296 2460 Mannert.
317 2407 334 2459 l.
355 2409 372 2460 l.
392 2409 446 2470 IX,
464 2413 492 2460 λ.
510 2424 573 2475 pag.
593 2411 643 2459 ast
669 2425 701 2459 eo
752 2410 809 2461 ulla
827 2416 992 2461 armatorum
1008 2410 1146 2460 hominum
1165 2410 1194 2459 vi
1214 2425 1294 2462 exsu-

157 2480 219 2531 loeo
232 2477 410 2543 probabiliter
427 2478 494 2530 illud
513 2480 594 2528 situm
614 2479 700 2529 tuisse
750 2480 791 2531 les
811 2483 955 2531 restituere
984 2480 1105 2545 potuerit
1129 2485 1212 2546 utque
1239 2479 1292 2532 hoo

157 2554 253 2616 putat,
268 2549 315 2600 ubi
332 2564 405 2600 nuno
423 2548 578 2616 oppidulum
594 2549 700 2600 Morza-
753 2552 840 2616 ipsum
855 2550 1038 2602 secerdotium
1051 2565 1184 2601 summum
1195 2549 1249 2601 sibi
1260 2566 1293 2601 ao

158 2624 225 2672 rino.
249 2619 292 2673 cf.
303 2621 385 2669 etiam
393 2619 528 2671 Dorville:
544 2618 699 2686 Siculpag.
751 2623 870 2689 posteris
884 2622 941 2671 suis
953 2621 1105 2671 retinuerit.
1121 2620 1199 2671 Conl.
1210 2621 1292 2671 etiam

162 2690 219 2742 137.
257 2689 289 2739 ln
314 2705 389 2755 seqq.
410 2690 443 2739 ad
470 2688 559 2739 dativi
586 2689 700 2739 formam
752 2692 850 2743 Grote:
874 2691 989 2754 History
1009 2691 1039 2741 of
1058 2691 1159 2741 Greece
1178 2691 1210 2740 V.
1228 2706 1292 2757 pag.

157 2754 241 2809 στάσι
255 2759 311 2809 vid.
327 2765 396 2809 nott.
411 2758 492 2820 ad'V,
506 2758 549 2809 28.
751 2761 803 2811 279
829 2776 886 2825 seq.
916 2759 948 2810 de
972 2760 1014 2809 his
1033 2760 1220 2809 disserentem.
1259 2761 1291 2810 In

192 2823 265 2893 ἔχων
281 2819 419 2891 οὐδεμίαν
436 2820 552 2891 ἀνδρῶν
566 2818 700 2892 δύναμιν,
751 2831 843 2882 verbis
867 2830 1044 2894 sequentibus
1075 2819 1120 2877 ἐπ’
1152 2817 1175 2894 ᾦ
1206 2841 1236 2877 τε
1264 2825 1295 2878 οἵ

155 2888 216 2948 ἀλλ’
239 2892 287 2960 teu
307 2893 416 2948 τούτων
436 2895 494 2946 τῶν
514 2895 605 2962 θεῶν]
633 2899 652 2950 i.
675 2913 699 2947 e.
749 2889 1292 2964 ἀπόγονοιαὖτοῦίροφιὶνταιτοῐνθειίν

155 2968 251 3019 labens
275 2970 366 3019 nullam
388 2970 498 3018 virorum
516 2983 627 3031 numm,
654 2968 702 3017 red
750 2962 865 3019 ἔσονται
882 2967 955 3018 haud
974 2968 1156 3020 necessarium
1173 2966 1292 3030 videtur,

154 3052 235 3089 roera
251 3038 337 3089 horson
353 3042 481 3090 nursinum.
510 3033 619 3087 τούτων
638 3053 699 3087 euro
750 3055 811 3089 oum
821 3037 1290 3104 Naberofflnenrosyu.IlI.p.483)

156 3108 346 3160 reeeunt.edd.
356 3112 383 3158 et
393 3107 612 3173 h.l.eteap.154
625 3106 701 3157 exiri-
750 3109 901 3161 rescribere
919 3105 976 3158 τῶν
990 3106 1153 3172 χθονίων
1169 3105 1247 3156 θεῶν
1267 3125 1291 3157 s.

155 3178 203 3228 bui
218 3194 267 3243 pro
280 3175 411 3227 ποντίων.
429 3204 462 3214 —-
476 3177 554 3240 Quod
566 3177 698 3242 adipsum
750 3171 889 3227 τούτων
905 3175 962 3227 τῶν
974 3174 1067 3228 reue:
1081 3178 1109 3227 id
1121 3178 1192 3228 enim
1203 3178 1290 3243 ipsum

154 3247 379 3299 loeisententiam
390 3247 518 3313 pertinet,
533 3263 587 3313 qua
600 3247 700 3297 dicitur
749 3249 922 3314 intelligitur.
941 3249 984 3299 De
993 3248 1110 3299 formula
1123 3247 1230 3298 dicendi
1242 3238 1290 3296 ἐπ’

155 3317 267 3369 Telines
278 3317 478 3368 nullavirorum
486 3334 568 3367 manu
578 3316 699 3379 adiutus,
750 3305 772 3380 ὦ
782 3332 810 3368 τε
819 3324 949 3384 sequente
961 3318 1048 3369 futuri
1059 3318 1208 3369 indicativo
1216 3316 1290 3370 conf.

155 3386 420 3453 sedsolaprolerons
429 3378 699 3452 remanseramus
749 3388 851 3439 Herod.
875 3388 941 3448 vll,
967 3389 1024 3439 154.
1046 3388 1094 3439 158
1114 3392 1143 3439 et
1164 3387 1292 3438 Kuehuer

153 3458 324 3520 restituisse,
346 3458 373 3508 id
388 3459 474 3522 ipsum
490 3457 524 3508 ad
539 3471 640 3506 areana
654 3473 698 3507 aa·
750 3458 794 3508 Gr.
813 3459 859 3510 Gr.
879 3462 904 3521 §-
918 3459 984 3520 828,
1007 3459 1038 3519 23
1061 3458 1117 3509 alis
1135 3457 1291 3509 notavimus

154 3542 202 3578 ors
220 3542 244 3579 s.
258 3528 389 3591 mysteria
406 3542 476 3591 quae
499 3532 634 3577 vocantur
654 3542 698 3576 eo·
749 3528 784 3578 ad
800 3529 857 3590 Ill,
872 3530 916 3579 83.
986 3583 996 3603 ,

152 3612 267 3664 rumque
288 3596 389 3647 oultum
412 3601 553 3662 spectasse
571 3597 696 3647 videtur:
783 3589 888 3661 θαῦμά
909 3611 957 3659 μοι
975 3611 1015 3645 ων
1030 3592 1078 3646 καλ
1095 3595 1181 3646 τοῦτο
1194 3595 1290 3661 γέγονε

154 3667 227 3717 unde
241 3682 349 3732 quoque
360 3668 462 3717 Noster
475 3684 537 3718 mox
551 3683 580 3717 se
592 3667 698 3717 nescire
747 3696 783 3705 —
794 3661 877 3730 ἔργον
887 3664 1037 3731 τοσοῦτον]
1054 3668 1072 3716 i.
1080 3683 1104 3717 e.
1117 3670 1203 3717 nstrum
1215 3668 1292 3731 ipilor

153 3738 239 3799 dicit,
257 3737 330 3787 uude
343 3736 445 3788 hseoee
463 3728 512 3800 ίρὰ
527 3730 637 3787 Tsliues
656 3751 698 3787 oe·
747 3739 805 3789 milri
815 3753 910 3804 quoque
922 3737 968 3786 loc
980 3739 1083 3798 αοείσίι,
1103 3737 1170 3801 quod
1183 3735 1291 3800 (secuu-

154 3808 229 3872 perit
246 3810 295 3857 aut
309 3821 362 3873 quo
381 3808 460 3858 modo
474 3822 508 3857 ea
522 3806 575 3857 sibi
588 3821 697 3872 oompa-
748 3808 811 3858 dum
830 3823 877 3871 ea,
892 3805 973 3872 quae)
988 3807 1064 3856 audio
1082 3813 1177 3855 tantum
1188 3806 1291 3868 sueinus

154 3877 265 3928 raverit.
286 3878 426 3940 Quaenam
437 3892 502 3927 vero
516 3876 617 3926 suerint
628 3875 697 3925 haee
748 3895 765 3928 a
780 3877 864 3928 Tetr'ne
874 3877 1013 3940 perfeetum
1024 3891 1088 3925 esse.
1103 3877 1157 3926 Pro
1169 3870 1216 3924 καλ
1227 3876 1290 3925 Eltz

152 3940 218 4009 ίρὰ,
230 3947 254 3997 si
264 3960 396 4011 quaeras,
410 3947 553 3997 tenendum
566 3950 621 4008 est,
636 3938 694 4009 ίρὰ,
746 3946 873 4012 (Jahrbb.
888 3944 1010 3996 f.Philol.
1022 3945 1176 4008 u.Paedsg.
1190 3943 1287 4011 Suppl.

153 4014 695 4082 quaele.l.virorumeopiisopponuntnr,
746 4015 807 4068 Vol.
817 4017 865 4066 lx.
879 4031 907 4081 p.
915 4015 978 4077 337)
995 4015 1058 4080 poni
1068 4014 1129 4066 vult
1142 4017 1210 4075 κἰἧις
1223 4015 1290 4064 milri

151 4086 247 4137 vocari
260 4100 304 4137 res
316 4086 695 4150 socrasadiisconseoratas,
745 4086 846 4137 rocula
867 4080 931 4146 nni,
956 4100 1026 4149 quae
1046 4099 1106 4135 enm
1126 4086 1154 4136 vi
1170 4083 1289 4151 quadam

152 4154 370 4208 nivssimulaers
383 4157 696 4211 deornmsiverusasa-
748 4156 775 4209 h.
788 4155 807 4207 l.
824 4156 951 4221 ponitur,
970 4153 1042 4204 lrsud
1061 4154 1238 4206 sollicitanda
1249 4154 1291 4205 vi·

152 4243 201 4277 era
220 4225 332 4292 aliaque
352 4227 458 4291 priseae
479 4226 620 4291 religionis
643 4241 697 4276 mo·
749 4225 837 4276 detur.
850 4225 891 4275 ad
903 4239 979 4274 usum
991 4226 1204 4290 praepositionis
1216 4215 1290 4289 πρὸς

152 4300 284 4347 numento
301 4298 361 4347 sive
380 4297 576 4359 instrumenta,
602 4294 697 4361 qualia
746 4297 775 4346 in
800 4295 892 4347 verbis
914 4288 1002 4355 πρὸς
1028 4290 1069 4344 τὰ
1099 4287 1287 4359 πυνθάνομαι

152 4368 181 4416 in
206 4364 318 4430 templis
343 4366 481 4418 asservari
509 4382 543 4416 ae
569 4366 614 4431 pie
642 4365 695 4415 ooli
746 4366 803 4418 vid.
819 4364 904 4415 allata
921 4364 1057 4427 adl,38.

151 4436 295 4488 solebante
322 4434 522 4501 hierophantae
553 4451 576 4486 s.
605 4450 697 4486 saner·
783 4425 818 4484 οὖ
839 4428 912 4497 πρὸς
937 4430 990 4483 τοῦ
1015 4421 1145 4490 ἅπαντας
1170 4422 1289 4499 deusde]

148 4507 225 4560 dotis
272 4510 365 4559 autem
388 4522 486 4557 munus
519 4505 695 4571 praeeipuam
745 4504 929 4557 Valckenario
957 4508 1070 4556 auctore
1089 4501 1135 4554 vel
1157 4500 1290 4555 dolendus

1022 4588 1092 4653 43*
