3100 5175
257 359 320 423 680
692 361 956 425 HERODOTI

193 534 293 609 156‘0
311 537 349 608 δὲ
368 539 445 607 ίιτιί
455 564 492 607 τε
514 539 683 628 παρέλαβε
702 537 760 620 τὰς
782 539 1020 628 Συρηκούσας,
1046 542 1151 628 Γέλης
1172 540 1235 628 μὲν
1254 541 1404 627 iusso«-

260 645 346 713 τίων
360 641 460 729 λόγον
474 641 602 712 ἐλάσσω
616 646 779 728 ἐποιέετο,
795 647 974 734 ἐπιτρίψας
986 640 1090 733 αύτήν
1098 639 1223 733 Ἱέρωνι
1238 641 1407 737 ἀδελφεῷ
1474 675 1478 680 ·

260 750 405 818 ἑαυτοῦ·
432 741 503 816 ddi
523 744 581 827 τὰς
595 747 818 837 Συρηκούσας
832 747 1012 836 ἐκράτυνε,
1033 749 1090 817 καί
1110 737 1197 837 ἦσαν
1213 744 1350 817 ἅπαντα
1365 752 1409 817 αί

260 849 489 940 Συρήκουσαι.
517 854 555 920 ol
566 850 604 920 δὲ
618 857 806 939 παραυτίκα
820 849 885 923 ύνύ
898 849 928 922 τ’
945 858 1093 941 ἔδραμον
1106 852 1163 920 καὶ
1177 848 1406 941 ἆυέβλαστον.

260 959 358 1025 τοῦτο
372 954 434 1043 μὲν
447 952 512 1042 γὰρ
525 961 779 1043 Καμαριναίους
792 952 940 1037 ἅπαντας
956 959 989 1036 ἐς
1005 954 1062 1035 τὰς
1076 955 1300 1044 Συρηκούσας
1312 952 1406 1044 ἄγα-

261 1056 333 1148 γιδν
358 1058 516 1147 πολιήτας
542 1060 694 1148 ἐποίησε,
728 1068 925 1149 Καμαρίνης
952 1061 990 1130 δὲ
1015 1057 1052 1130 τὸ
1084 1056 1169 1128 ἄστυ
1189 1062 1405 1142 κατέσκαψε·

261 1167 361 1234 τούτο
380 1162 419 1232 δὲ
432 1159 578 1232 Γείύων
591 1158 817 1252 ὑπερημίσεας
834 1170 902 1234 τῶν
915 1161 1027 1233 desole
1047 1159 1154 1233 τώυτὸ
1170 1179 1256 1234 τοῖσι
1270 1171 1456 1252 napa-err

263 1272 421 1356 ριναίοισι
442 1268 587 1356 ίιτοίηοε.
632 1271 813 1357 Μεγαρέας
826 1296 861 1337 τε
874 1265 952 1348 τούς
967 1271 1004 1337 ἐν
1017 1273 1173 1357 Σικελίη,
1200 1263 1244 1349 ὥς
1258 1275 1409 1357 πολιορ-

265 1439 370 1491 diamus
386 1438 478 1504 (Polit.
488 1441 522 1490 V.
536 1439 583 1506 [al.
598 1439 682 1507 VIII]
698 1440 771 1507 2,0),
787 1432 803 1489 δ
854 1439 874 1491 ἰ.
890 1455 914 1492 e.
933 1448 958 1491 el
968 1443 1048 1489 οουιιά
1062 1443 1087 1490 τι·
1098 1448 1172 1490 erm
1184 1439 1351 1504 Syracusae,
1376 1444 1410 1491 nt

264 1508 355 1575 δῆμον
366 1510 611 1575 Syracusanorum,
624 1512 670 1576 qui
682 1511 804 1577 expulsis
853 1510 954 1562 Latine
980 1513 1115 1574 expressit
1132 1509 1245 1575 Bergler
1264 1510 1301 1560 ad
1327 1508 1411 1561 slei·

264 1581 390 1632 Gamoris
401 1595 488 1630 rerum
500 1584 605 1645 potitus
615 1586 665 1646 est,
674 1582 729 1632 iam
739 1585 806 1632 ante
855 1579 951 1645 phron.
963 1593 1026 1644 pag.
1039 1579 1100 1640 237,
1115 1579 1344 1644 quemadmodum
1357 1581 1411 1630 Li·

265 1650 395 1702 Gelonem
412 1642 480 1712 (πρὸ
498 1648 549 1715 τής
560 1644 689 1708 Γέλωνος
703 1667 806 1713 τυραν-
856 1648 1039 1710 viusXL,ll
1057 1649 1141 1700 dixit:
1170 1650 1348 1712 „Demetrius
1369 1650 1410 1700 iis

267 1718 360 1784 νίδος)
375 1719 426 1771 sud
443 1720 529 1783 ipsius
543 1720 624 1785 oulpd
634 1721 750 1785 cecidit,
766 1714 807 1780 είς
857 1734 927 1770 unus
948 1721 1028 1769 οοοιία
1050 1720 1122 1768 est.“
1161 1721 1203 1769 Tu
1217 1718 1280 1769 vide
1304 1720 1344 1769 sis
1372 1719 1410 1771 de

266 1783 409 1854 ἀναρχίαν
436 1784 484 1837 καί
504 1783 626 1851 denelae
652 1792 807 1856 prolapsus.
857 1789 911 1839 hae
930 1788 1070 1839 locutione
1087 1794 1157 1839 nott.
1171 1789 1208 1838 ad
1225 1789 1255 1850 1,
1273 1790 1333 1841 122.
1349 1789 1410 1852 111,

267 1860 344 1924 Quod
354 1876 412 1912 eum
421 1859 496 1910 hisee
503 1860 637 1910 Herodoti
646 1862 737 1911 verbis
746 1878 808 1912 con·
861 1860 920 1910 157.
934 1857 1073 1908 Theocrit.
1089 1859 1163 1918 XIV,
1176 1860 1209 1908 47
1223 1858 1318 1923 ibique
1328 1860 1410 1908 Frit-

267 1930 359 1982 oilisri
378 1944 457 1994 posse
478 1935 561 1993 negat
579 1929 664 1980 Grote
679 1931 808 1995 (History
857 1927 1041 1992 sche‚Viger.
1052 1944 1079 1992 p.
1091 1929 1151 1978 727.
1174 1931 1261 1990 Quam
1273 1928 1349 1992 quod
1363 1929 1410 1979 ita

268 2001 299 2051 ol
308 1999 410 2051 Greece
422 2001 455 2050 V.
463 2015 489 2062 p.
498 1999 572 2063 286),
585 2000 654 2051 eden
669 2006 699 2051 ut
712 2002 809 2054 iatri·
857 1997 987 2063 refingere
1001 1996 1105 2060 placuit
1116 1996 1230 2048 Reislsio
1241 1999 1410 2049 etPauwio:

267 2069 377 2122 stotclis
394 2068 454 2119 loco
468 2069 585 2133 Dionysii
600 2086 697 2121 nomen
713 2071 809 2122 Geloni
858 2059 926 2115 ἔσαν
941 2055 1056 2116 ἅπαντα
1071 2058 1102 2115 οἱ
1114 2060 1147 2115 αἶ
1158 2059 1363 2131 Συρήκουσαι,
1381 2068 1410 2118 id

269 2140 401 2192 substitui
411 2138 492 2200 velit,
504 2154 565 2189 enm
578 2155 593 2188 e
606 2141 703 2190 maiori
716 2146 810 2206 poten·
858 2137 918 2188 iure
929 2136 1002 2186 haud
1011 2137 1195 2187 necessaium
1206 2137 1318 2189 ridetur
1327 2139 1411 2190 Wes-

268 2210 325 2273 tia‚
344 2224 425 2274 quam
444 2210 608 2260 erevocstis
626 2211 752 2262 Gamoris
764 2226 810 2261 ec-

268 2279 373 2343 ceperit
383 2277 464 2339 Gelo,
481 2278 551 2329 setis
567 2280 698 2344 expliesri
711 2282 809 2345 possit,

268 2348 340 2413 qnod
358 2348 434 2411 plebs
448 2362 478 2397 se
491 2348 646 2401 subiecerit.
682 2350 737 2402 Sed
757 2345 830 2416 ple?

270 2418 330 2469 bem
348 2416 376 2466 id
393 2418 482 2480 ipsum
502 2417 601 2469 fecisse
615 2425 766 2486 sponteque
782 2436 812 2470 se

270 2486 418 2538 tradidisse
435 2484 532 2535 Geloni
551 2492 662 2552 putem,
677 2489 749 2553 quod
767 2506 813 2541 ss-

271 2557 308 2608 tis
325 2554 520 2619 intellexisset,
534 2572 564 2607 se
579 2558 653 2609 urbis
668 2559 811 2625 imperium

272 2627 396 2679 obtinere
413 2626 598 2678 diutiusheud
613 2644 694 2693 posse
712 2629 812 2682 inveli-

272 2698 387 2762 damque
411 2712 485 2759 esse,
515 2712 585 2762 quae
615 2698 811 2763 rempublicam

272 2772 396 2819 tueretur
414 2771 442 2817 et
459 2767 493 2817 sb
512 2768 586 2818 omui
601 2784 689 2819 rerum
705 2775 813 2833 pertur-

273 2837 539 2891 bationeserveret:
556 2838 627 2889 unde
649 2839 762 2900 Geloni,
796 2855 814 2890 a

273 2923 327 2974 quo
339 2906 454 2957 meliore
468 2908 624 2971 sperabant.
641 2909 758 2960 tradidit
770 2925 815 2959 ur·

272 2979 333 3029 bem
359 2976 445 3039 plebs.
485 2976 564 3027 Ocni.
588 2979 671 3029 etiam
688 2979 812 3032 Mueller.

273 3049 339 3098 Dor.
354 3047 393 3096 11.
408 3063 433 3111 p.
447 3047 572 3114 ldiseq„
586 3048 677 3100 Plsss:
694 3050 745 3100 Die
759 3050 814 3115 Ty-

273 3117 368 3169 rannio
382 3116 405 3166 Ι.
421 3117 517 3183 pseu.

453 3288 519 3338 Car.
540 3288 635 3340 CLVI.

310 3386 399 3452 Γέλης
408 3384 459 3454 μὲν
470 3380 640 3452 ἐπικρατέων
647 3384 733 3457 λόγον
742 3384 819 3442 tiolo·

276 3473 315 3510 σω
326 3452 462 3525 ἐποιέετο]
480 3460 498 3511 i.
512 3477 536 3511 e.
550 3463 651 3524 Gelam,
664 3479 737 3529 quam
749 3472 817 3513 tens·

274 3531 328 3592 dac,
340 3529 460 3580 Hieronis
471 3529 565 3592 ίνιιίκίι
573 3547 651 3583 curae
661 3534 818 3596 permissam,

275 3599 512 3665 monefaciebat,
528 3616 551 3651 s.
562 3601 654 3661 Gelae,
670 3618 751 3667 quem
765 3604 816 3652 im·

275 3671 350 3737 perio
369 3668 497 3734 tenebat,
526 3671 657 3721 minorem
681 3673 817 3723 rationem

273 3742 394 3792 habebat
423 3740 541 3807 indeque
564 3742 694 3792 Hieronis
723 3743 818 3793 fratris

276 3826 358 3862 eures
374 3810 507 3876 permisit.
540 3811 594 3873 Qui
611 3810 688 3862 locus
703 3828 745 3861 me
758 3827 820 3862 sen-

276 3883 363 3931 tiente
384 3896 439 3931 non
452 3885 515 3946 eget
531 3883 711 3932 correctione.
740 3882 819 3933 Wes-

276 3943 818 4016 selingiusmslueratirruperinv,quod

277 4022 409 4072 continuo
421 4020 448 4070 in
459 4025 562 4071 textum
573 4021 677 4085 recepit
689 4021 819 4073 Scheefe·

277 4106 331 4142 rus.
362 4088 404 4140 Ad
422 4094 587 4142 structuram
605 4090 659 4142 loci
678 4090 713 4144 cf.
735 4093 818 4143 etism

277 4162 310 4212 G.
323 4161 472 4211 Hermann.
494 4160 529 4211 ad
544 4161 637 4225 VIger.
657 4177 682 4225 ρ.
700 4162 760 4215 771.
785 4189 818 4199 -

277 4231 309 4279 In
322 4245 399 4295 seqq.
418 4220 551 4293 ἐκράτυνε
564 4235 606 4281 est
616 4233 722 4293 firmare
736 4247 759 4282 s.
774 4249 821 4283 au·

275 4315 338 4362 pere
348 4300 453 4351 studuit.
483 4299 525 4350 Cl.
535 4302 562 4363 1,
579 4300 628 4351 100
640 4300 703 4352 ooll.
723 4301 764 4353 13.
776 4301 820 4354 98.

277 4370 330 4419 Pro
342 4361 408 4417 ἔσαν
421 4370 549 4435 rescripsi
560 4357 643 4434 ήσαν.
776 4385 793 4399 “

312 4432 361 4486 καί
370 4424 444 4503 ἦσαν
455 4429 569 4489 ἅπαντα
579 4435 612 4490 αί
622 4432 817 4507 Συρήκουσαι]

859 2205 976 2271 selingio
992 2210 1020 2256 et
1032 2205 1122 2257 Eltzio
1133 2205 1259 2272 (Jahrbb.
1273 2207 1291 2261 i.
1305 2207 1410 2258 Philol.

859 2292 887 2326 u.
901 2274 1021 2340 Paedag.
1039 2275 1135 2341 Suppl.
1150 2275 1315 2340 v01.1x.p.
1331 2275 1410 2341 338).

862 2346 1412 2411 quipronominisinhuinsmodilocutio·

862 2414 1411 2482 nibusomissisliquotattulitexempla2

862 2501 912 2536 neo
925 2487 1013 2550 magis
1023 2486 1209 2536 necessarium
1223 2485 1362 2545 duxerim,
1377 2486 1414 2535 li·

860 2555 919 2606 bris
938 2556 1100 2621 praesertim
1122 2556 1233 2617 invitis,
1258 2571 1320 2608 eum
1341 2554 1411 2607 Val-

861 2625 990 2677 ekensrio
1017 2630 1045 2676 et
1059 2625 1321 2691 Schweighaeusero
1342 2627 1413 2678 seri·

861 2695 941 2746 bere:
961 2688 1027 2743 ἔσαν
1040 2686 1198 2745 ἅπαντοῖοἷ
1210 2689 1411 2760 Συρήκουσαι.

861 2767 957 2831 Neque
969 2765 1101 2815 articulus
1115 2765 1195 2816 abest
1207 2765 1235 2815 in
1253 2767 1336 2816 simili
1353 2766 1414 2816 for-

863 2835 937 2886 mula
950 2835 978 2896 1,
992 2836 1052 2885 122.
1084 2834 1161 2896 Quae
1174 2851 1234 2886 oum
1246 2837 1287 2886 its
1299 2838 1376 2897 sint,
1395 2852 1414 2885 a

862 2905 978 2969 vulgate
987 2904 1145 2955 discedendi
1156 2920 1267 2956 eausam
1278 2907 1412 2957 idoneam

864 2974 939 3025 haud
957 2974 1110 3040 perspicio,
1128 2989 1217 3039 noque
1233 2976 1296 3027 inde
1309 2975 1414 3027 Sohae-

863 3044 951 3095 lerum
965 3049 1075 3095 secutus
1090 3060 1149 3097 aum
1167 3045 1346 3097 scribentem:
1360 3043 1413 3095 ssi

863 3100 937 3179 ήοαίν
966 3106 1000 3163 αι’
1017 3109 1131 3165 πάντα
1156 3108 1189 3163 αἱ
1212 3109 1413 3180 Συρήκουσαι.

864 3200 946 3250 qnam
962 3183 1107 3236 lectionem
1130 3188 1246 3236 recontt
1263 3185 1325 3237 edd.
1345 3187 1413 3237 iude

865 3270 883 3306 e
895 3253 1021 3305 Bekkero
1034 3259 1203 3320 receperunt.

902 3316 934 3372 αἶ
946 3318 978 3372 δὲ
994 3321 1155 3386 παραυτίκα
1170 3313 1227 3372 οἶνοί
1240 3321 1267 3373 τ’
1283 3317 1414 3389 ἔδραμον

866 3390 914 3443 καὶ
923 3383 1110 3460 ύνὲβλαστον[
1124 3392 1165 3443 Ad
1178 3386 1235 3443 ἀνά
1246 3386 1272 3442 τ’
1284 3386 1414 3457 ἔδραμον

868 3465 940 3514 conl.
958 3469 1028 3514 nott.
1044 3464 1079 3514 ad
1097 3464 1125 3524 1,
1139 3464 1173 3515 00
1186 3470 1215 3514 et
1228 3464 1316 3523 adde,
1343 3480 1414 3530 quas

867 3533 912 3584 hic
924 3533 1004 3583 affert
1016 3533 1188 3596 Valckenar,
1199 3534 1278 3585 Suid.
1293 3551 1317 3585 s.
1326 3550 1353 3585 v.
1363 3531 1416 3584 Γέ·

868 3616 929 3661 σιος
944 3604 967 3653 Ι.
983 3619 1009 3668 p.
1025 3603 1085 3654 478.
1106 3605 1212 3668 Eunap.
1232 3604 1262 3653 in
1274 3603 1414 3669 Porphyr.

865 3690 929 3739 pag.
941 3673 973 3724 13
983 3688 1006 3724 s.
1019 3688 1084 3739 pag.
1096 3674 1111 3722 7
1123 3672 1288 3724 Boissonsd.
1303 3674 1367 3729 coll.
1378 3676 1414 3728 E.

868 3742 1009 3795 Wentnel:
1028 3744 1069 3793 De
1083 3746 1248 3809 praepositt.
1269 3745 1352 3795 tmesi
1364 3760 1412 3808 ap.

867 3811 1000 3864 Herodot.
1012 3814 1069 3876 §.lt
1080 3830 1106 3878 p.
1118 3814 1157 3864 18.
1180 3813 1335 3866 Larcherus
1344 3815 1415 3865 bene

869 3898 970 3933 memor
978 3881 1033 3933 luit
1038 3883 1176 3934 Homerici
1186 3883 1266 3933 dicti:
1280 3877 1325 3934 ύδ
1330 3875 1338 3896 ’
1349 3873 1415 3933 ἀτέ-

868 3950 976 4015 δραμον
990 3945 1066 4014 ἔρνεϊ
1079 3945 1142 4010 ἶσος
1157 3952 1363 4015 11ἰ.ΧῊΙ,50.
1380 3981 1414 3989 -

867 4022 911 4073 Ad
924 4015 1098 4086 ύνὲβίαστον
1114 4023 1187 4073 conf.
1214 4028 1286 4074 nott.
1307 4022 1343 4072 ad
1357 4023 1415 4085 111,

867 4094 911 4145 02.
942 4090 1012 4143 nod.
1028 4092 1061 4153 V,
1075 4093 1118 4144 92.
1139 4095 1203 4155 Μ.
1216 4119 1250 4129 -
1269 4092 1357 4143 Psulo
1372 4095 1417 4143 in-

870 4161 955 4214 ferius
969 4162 1121 4226 genitivum
1141 4159 1197 4211 sois
1212 4153 1306 4212 ἀστῶν
1319 4166 1418 4213 tuetur

871 4230 1068 4297 Wesselingius
1095 4230 1138 4282 his
1162 4230 1233 4283 loeis
1260 4232 1416 4283 similibus:

871 4302 935 4364 Vll,
947 4301 1006 4353 170.
1018 4302 1072 4363 111,
1084 4300 1144 4355 123.
1158 4300 1260 4364 1v,33.
1276 4301 1376 4362 lues.

907 4364 1054 4436 Μεγαρέας
1066 4384 1095 4420 τε
1106 4364 1175 4427 τούς
1186 4360 1217 4419 ἔν
1229 4367 1356 4435 Σικελίῃ]
1370 4372 1418 4423 Ad

871 4440 984 4493 Siciliae
1011 4456 1086 4492 oram
1115 4438 1321 4491 meridionalem
1356 4456 1418 4493 non
