3100 5175
259 343 322 406 6th

692 347 961 411 Huuouo'rl

262 523 300 593 dl
313 520 434 600 ταύτας
454 516 512 601 τὰς
528 516 636 609 χώρας
656 519 718 592 ἰόν
738 521 796 604 τὰς
813 519 1036 612 ἠπειρώτιδας
1055 521 1150 604 πόλις
1158 522 1304 612 ’παρήῖε,
1330 527 1406 592 ταῖν

263 630 300 697 ἐν
315 631 375 715 μιῇ
388 632 489 713 λίμνη
511 629 611 695 ἐοῦσα
630 625 788 712 τυγχάνει
807 624 886 697 ὡσεὶ
899 627 1077 714 τριήκοντα
1092 633 1240 697 σταδίων
1253 627 1406 715 μάλιστά

263 758 305 818 ιιη
319 727 381 815 τὴν
402 734 579 817 περίοδον,
599 731 770 817 ἰχθυώδης
788 733 895 799 τεκαὶ
916 732 1021 817 κάρτα
1042 727 1189 819 ἁλμυρή·
1217 730 1346 818 ταύτην
1359 728 1407 797 τὰ

265 830 427 921 ὑποζύγια
447 838 557 921 μοῦνα
575 831 744 922 ἀρδόμενα
764 831 958 923 ἀνεξήρηνε.
995 839 1037 923 τῇ
1057 835 1095 902 δὲ
1115 834 1191 905 πόλι
1216 834 1322 921 ταότη
1340 829 1405 903 οὔ·

266 936 352 1023 νομοὶ
372 939 440 1004 ἐστι
454 944 633 1020 Πίστυρος.
680 936 809 1017 Ταύτας
824 938 885 1026 μὲν
900 937 942 1026 δὴ
959 936 1017 1017 τοὶς
1033 936 1145 1023 πόλις,
1166 935 1224 1017 τὰς
1240 947 1406 1021 παραθα-

267 1047 404 1120 λασσίας
418 1067 453 1107 τε
468 1041 522 1109 καὶ
533 1035 738 1128 Ἑλληνίδας,
753 1044 786 1123 ἐξ
798 1035 975 1128 εὐωνύμου
984 1040 1093 1128 Ιχειρὸς
1103 1038 1261 1127 ἀπέργων
1276 1044 1407 1124 παρεξ-

202 1146 329 1233 ηηρὴῖε.
367 1141 494 1213 ”Ebura
517 1143 554 1211 dl
579 1152 753 1231 Θρηΐκιον,
784 1142 829 1213 δι’
856 1135 904 1212 ὧν
931 1148 989 1232 τῆς
1009 1143 1117 1231 χώρης
1137 1140 1218 1214 ὁδόν
1240 1145 1408 1226 ἐποιέετο,

267 1247 403 1316 τοσόδε’
432 1256 562 1329 Παῖτοι,
580 1253 732 1331 Κίκονες,
749 1255 915 1332 Βίστονες,
931 1257 1088 1329 Σαπαῖοι,
1105 1258 1277 1335 Δερσαῖοι,
1295 1244 1409 1315 Ἠδω-

269 1423 367 1472 Wasse
377 1420 410 1470 ad
420 1420 544 1485 Thucyd.
558 1420 596 1480 11,
604 1419 639 1470 tu
653 1420 715 1472 coll.
723 1421 810 1485 Popp.

269 1492 302 1544 ed
315 1490 438 1554 Thucyd.
451 1489 475 1551 1,
487 1493 513 1540 ¹2.
528 1505 554 1554 p.
568 1489 628 1552 335,
642 1491 777 1541 Mannert.
793 1490 811 1541 l.

270 1562 288 1611 1.
309 1577 335 1625 p.
355 1561 421 1619 216,
441 1560 582 1623 Forbiger.
603 1559 621 1611 1.
641 1559 658 1609 1.
679 1560 733 1613 111.
747 1575 811 1625 pag.

272 1631 349 1683 1056.
380 1631 416 1679 Et
429 1630 491 1679 vide
506 1628 606 1679 Herod.
620 1629 683 1693 VII,
702 1631 757 1681 rto.

306 1694 358 1748 ίιόν
369 1721 406 1736 ·-
420 1694 534 1763 παρηϊε]
558 1698 664 1749 Simssiu
678 1700 812 1764 quaedam

271 1769 454 1822 excitavimus
467 1768 502 1819 ad
515 1769 561 1829 Vl,
576 1768 619 1819 30.
639 1770 728 1818 Haud
743 1766 812 1817 male

271 1839 489 1904 Schweighaeus.
509 1829 561 1886 ίών
579 1838 605 1888 b.
627 1838 643 1888 l.
663 1839 812 1902 expressit:

271 1912 377 1960 ulteriur
389 1909 564 1973 progrediens.
582 1933 612 1943 -
632 1909 664 1958 ln
681 1924 757 1972 seqq.
778 1906 813 1956 ad

272 1981 357 2031 verbe
375 1974 482 2041 ταύτην
502 1971 534 2025 τα
560 1967 699 2041 inculpa
721 1973 814 2040 perire

272 2040 418 2111 ἀρδόμενα
435 2041 590 2110 ἀνεξήρηνε
611 2046 642 2111 (i.
660 2063 682 2101 e.
698 2048 762 2096 hunc
776 2048 814 2094 ία-

273 2136 326 2168 curn
335 2120 441 2168 iumenta
453 2120 508 2166 rota
517 2118 631 2180 potando
640 2115 814 2179 oresecrrunt)

275 2188 346 2239 coni.
358 2187 419 2245 vll,
429 2186 471 2237 43.
501 2186 614 2236 Verbum
624 2175 766 2249 ἄρδεσθαι
777 2186 815 2234 in·

275 2257 400 2307 venimus
414 2256 451 2317 V,
467 2255 507 2306 12.

318 2322 469 2387 Πίστυρος]
494 2324 537 2372 Ita
555 2324 722 2385 Florentin,
748 2324 817 2381 San-

275 2395 358 2445 crofti
376 2393 442 2442 liber
464 2408 523 2441 cum
546 2394 632 2444 tribus
651 2393 714 2444 aliis
736 2393 815 2449 codd.

277 2467 308 2516 ln
318 2462 441 2513 Mediceo
453 2460 561 2527 alioque
571 2462 640 2512 libro
654 2463 754 2527 legitur
766 2459 818 2509 Πί-

279 2546 387 2595 στιρος,
408 2532 437 2580 in
452 2531 514 2581 eliis
529 2529 671 2591 Πίσοορος
686 2539 713 2581 et
729 2530 819 2579 Πίου-

278 2618 337 2669 ρος.
368 2603 504 2653 Thraciae
516 2603 664 2666 emporium
680 2599 820 2663 Πίστιρον

278 2671 818 2737 memoretStepheurrsByznntinuss.v.

278 2759 341 2810 pag.
351 2741 411 2793 uto.
437 2742 591 2792 Lercherns
601 2743 758 2806 suspicetur
769 2734 821 2790 Τό-

278 2828 374 2876 πιρις,
392 2827 544 2877 provocans
562 2813 598 2862 ad
612 2816 709 2862 Anton.
723 2812 819 2861 Itiner.

280 2899 342 2949 pag.
357 2882 406 2934 321
424 2887 452 2932 et
464 2881 533 2932 Plin.
548 2882 584 2933 H.
598 2884 631 2931 Ν.
646 2881 692 2942 lV,
707 2881 734 2932 11
751 2879 820 2945 (lu).

280 2958 306 3016 §-
320 2955 363 3003 42.
397 2951 465 3002 Add.
478 2952 613 3001 Mannert.
629 2950 646 3000 l.
660 2950 679 3001 l.
695 2967 757 3016 pag.
769 2950 817 3000 221

242 3031 244 3036 '
280 3028 308 3074 et
318 3023 459 3072 Gatterer:
473 3021 619 3072 Herodot'a
630 3020 729 3071 Thrae.
741 3036 767 3084 p.
776 3019 820 3082 63,

279 3093 327 3153 qui
338 3090 407 3143 idem
419 3091 512 3155 oppidi
522 3092 604 3140 situm
616 3090 748 3141 incertum
759 3105 820 3140 esse

281 3161 360 3212 dixit.
390 3160 431 3210 Ad
446 3161 556 3210 verbum
572 3151 704 3222 ἀπέργων
723 3160 751 3208 in
767 3159 820 3209 fine

280 3247 342 3293 cup.
353 3230 424 3280 cous.
439 3229 477 3288 ll,
486 3230 529 3281 99.
543 3230 589 3290 lv,
602 3231 635 3279 55
647 3229 712 3293 ibiq.
726 3227 821 3288 allata,

281 3300 358 3363 1‚7·.›.
376 3298 433 3349 174.
459 3299 514 3349 Ubi
527 3299 560 3348 de
572 3299 676 3358 fluviis,
691 3298 821 3359 maribus,

281 3368 432 3429 montibus,
463 3369 561 3432 quibus
588 3369 721 3433 quaedam
746 3369 821 3433 regio

282 3438 444 3488 terminatur
461 3452 493 3486 sc
511 3436 620 3493 finitur,
639 3437 690 3488 hoc
709 3438 822 3488 verbum

281 3506 443 3568 adhibetur,
463 3507 533 3569 quod
554 3506 596 3556 vel
616 3506 649 3555 de
665 3507 822 3557 horninibus

281 3577 351 3641 ipsis
369 3581 527 3639 usurpatum
548 3575 672 3627 iuvenies
691 3578 758 3636 VII,
776 3577 821 3630 43.

285 3648 342 3699 112.
357 3645 496 3708 V111,35.

481 3815 548 3869 Chr.
570 3816 626 3867 cx.

320 3919 432 3985 Παῖτοι]
446 3920 524 3970 Hsec
533 3935 600 3984 gens
611 3936 628 3971 a
639 3921 825 3985 septentrione

283 3997 311 4044 et
329 3990 470 4041 occidente
482 3990 686 4053 Apsinthiorum
703 3991 750 4052 (de
768 3991 825 4055 qui-

284 4064 334 4111 bua
345 4061 380 4112 ei.
390 4061 438 4123 Vl,
447 4060 492 4123 34)
505 4059 640 4109 hsbitsvit
649 4060 682 4109 ad
694 4061 825 4121 Hebrum,

283 4136 395 4181 auctore
406 4131 549 4180 Mennerto
560 4130 624 4180 Vll.
641 4145 666 4195 p.
682 4130 725 4182 311.
756 4129 824 4180 1οδο

284 4205 385 4249 terram
403 4192 559 4263 Παιτιιιὴν,
577 4216 657 4264 quem
671 4198 824 4250 Alexander

285 4271 401 4332 Magnus
416 4269 535 4318 Hebrum
558 4276 746 4333 transgressus
766 4286 826 4334 per-

284 4343 372 4401 meat,
390 4344 583 4388 commemorat
598 4339 704 4391 Arrian.
720 4339 824 4403 Exped.

860 1419 918 1471 leta
929 1418 964 1468 ad
977 1419 1029 1469 Vll
1041 1455 1047 1480 ,
1059 1419 1103 1471 59.
1131 1421 1260 1481 Bistones,
1272 1416 1351 1469 lacus
1360 1419 1412 1469 Bi·

861 1488 978 1539 stonidis
1000 1488 1078 1553 (Vll,
1096 1489 1156 1554 1011)
1178 1488 1304 1549 accolae,
1331 1488 1412 1554 quod

861 1565 971 1625 postero
990 1573 1161 1623 aeneaeque
1179 1564 1265 1623 atqua
1277 1558 1412 1618 Cicones,

862 1630 926 1679 olim
940 1626 1119 1690 validissimi,
1133 1644 1187 1679 nou
1202 1628 1321 1693 amplius
1333 1644 1414 1678 com·

862 1702 1060 1758 memorantur,
1091 1699 1117 1748 id
1143 1699 1206 1750 inde
1234 1698 1324 1763 repeti
1347 1698 1414 1747 vult

862 1768 932 1817 idem
947 1768 1081 1817 Mannert.
1101 1766 1119 1818 l.
1135 1767 1168 1829 l.,
1188 1768 1277 1832 quod,
1299 1783 1332 1817 ex
1352 1783 1411 1832 quo

863 1844 985 1901 tempore
1007 1836 1104 1887 Graeci
1124 1842 1152 1887 et
1169 1836 1337 1887 Macedones
1357 1841 1411 1886 ora

864 1905 999 1957 Thraciae
1014 1907 1151 1956 meritimd
1164 1907 1245 1971 potiti
1262 1907 1335 1968 siut,
1355 1906 1412 1956 here

865 1980 960 2041 gentes
975 1975 1120 2040 indigenae
1138 1976 1183 2027 vel
1201 1991 1294 2026 eorum
1314 1978 1411 2040 iugum

866 2046 957 2097 subire
975 2045 1017 2094 rel
1037 2044 1071 2095 sd
1088 2046 1230 2096 interiores
1249 2044 1412 2110 plageariis

867 2116 991 2179 cognitas
1009 2113 1134 2166 recedere
1158 2121 1274 2166 coactae
1296 2116 1410 2166 suerint.

865 2186 964 2247 δόρατι·
983 2190 1079 2247 postes
1095 2200 1202 2250 qnoque
1221 2192 1412 2235 memorentur

866 2270 951 2320 prope
962 2252 1104 2319 Philippos
1116 2256 1150 2305 ed
1163 2255 1321 2320 Pangaeum
1336 2270 1413 2305 mon-

866 2332 920 2374 tem
938 2323 1107 2381 habitantes,
1128 2324 1162 2374 ud
1177 2325 1326 2374 Sintiorum
1347 2326 1413 2376 stir-

867 2408 942 2458 pem,
957 2397 988 2441 ut
999 2392 1088 2455 placet
1099 2394 1243 2444 Mannerto
1253 2395 1317 2445 Vll.
1328 2410 1355 2458 p.
1366 2397 1412 2457 411,

867 2463 1044 2528 pertinenter.
1079 2463 1251 2513 Anonnullis
1266 2464 1350 2515 iidem
1363 2464 1414 2514 he·

868 2533 919 2583 biti
941 2536 1019 2596 sunt,
1052 2534 1100 2610 qui
1123 2533 1207 2583 etiem
1235 2533 1296 2583 Seii
1321 2527 1414 2582 Σόῖοι

868 2602 911 2655 rel
928 2604 1010 2652 etium
1025 2599 1115 2667 Σαβοι
1128 2604 1310 2655 vocabantur.
1346 2604 1412 2657 vid.

869 2670 995 2722 Boeclrh:
1026 2671 1105 2735 Corp.
1130 2673 1273 2737 Inscriptt.
1297 2673 1414 2727 Grsecc.

870 2742 907 2792 11.
920 2756 982 2805 ρας.
996 2742 1038 2791 st.
1060 2744 1083 2792 A
1095 2745 1281 2806 septentrione
1291 2743 1415 2807 Sapseu·

869 2827 928 2862 rum
938 2810 1080 2861 habitasse
1088 2812 1217 2862 videntur
1226 2813 1351 2877 Dersoei,
1365 2828 1418 2861 no-

871 2886 947 2930 tente
964 2880 1108 2933 Getterero
1126 2882 1144 2931 1.
1165 2881 1184 2930 1.
1205 2897 1269 2947 pag.
1288 2881 1338 2942 (id,
1366 2884 1416 2946 qui

872 2950 942 3000 idem
963 2965 1025 3014 psg.
1047 2951 1096 3002 103
1117 2952 1145 3001 in
1164 2951 1334 3015 Thucydidis
1353 2951 1415 3000 loco

871 3022 914 3083 ll,
939 3020 1002 3083 lut,
1029 3020 1076 3070 ubi
1097 3021 1209 3072 Πιτιατῖ
1228 3025 1365 3071 vocantur
1387 3027 1418 3071 et

871 3091 938 3140 Ilroi
957 3085 1028 3141 i'nter
1041 3090 1177 3140 Thraciae
1195 3095 1291 3155 gentes
1310 3090 1417 3140 liberas

871 3159 986 3223 Odrysis
1005 3175 1059 3209 non
1083 3159 1221 3221 subditas,
1248 3176 1322 3224 quae
1343 3161 1418 3210 ultra

871 3229 1043 3292 Strymonem
1063 3229 1097 3280 ed
1122 3231 1334 3294 septentrionem
1359 3228 1418 3295 pls-

871 3314 921 3349 nos
934 3313 1045 3362 campos
1058 3300 1236 3358 incoluerint,
1253 3316 1301 3363 pro
1318 3296 1417 3358 Aonios

871 3370 1031 3432 rescriptum
1045 3368 1104 3419 vult
1114 3369 1259 3431 Δερραῑοι,
1272 3371 1320 3433 qui
1333 3370 1417 3419 iidem

873 3439 927 3487 aiut
944 3443 1026 3503 atque
1045 3439 1177 3489 Herodoti
1195 3441 1349 3500 Δερσαῖοι;
1377 3441 1418 3488 ita

875 3512 905 3557 ut
924 3507 1110 3572 eThucydide
1126 3508 1252 3559 eliciatur
1268 3511 1417 3569 Δερσαῖοι.

874 3577 977 3627 Contra
1001 3577 1063 3629 eliis
1090 3580 1117 3628 in
1139 3578 1299 3643 Thucydide
1320 3579 1418 3629 eiicere

874 3641 1137 3711 ρ1οοε1κα1Δρῶοι.
1159 3647 1308 3698 Kluusenio
1319 3649 1353 3699 ed
1363 3650 1418 3698 He-

874 3721 929 3767 cnt.
951 3715 1039 3767 Miles.
1060 3718 1183 3783 iregmm.
1205 3733 1266 3782 pag.
1281 3717 1318 3768 80
1346 3721 1418 3780 Δερ-

875 3787 951 3835 σαῖοι
974 3786 1056 3838 iidem
1087 3804 1148 3838 esse
1176 3786 1304 3838 ridentur
1333 3795 1419 3852 etque

876 3850 1008 3918 Δοὶρσιοι,
1024 3872 1093 3921 quos
1105 3863 1189 3908 vocet
1199 3857 1356 3909 Hecataeus
1365 3859 1419 3908 Mi·

875 3924 967 3976 lesius.
992 3927 1071 3991 Apud
1083 3926 1188 3990 Scylac.
1197 3927 1225 3976 in
1234 3925 1337 3992 Peripl.
1348 3930 1372 3988 ξ.
1383 3927 1418 3978 67

875 3995 947 4046 iuter
959 3995 1094 4046 Tlrrscise
1113 3997 1241 4048 civitates
1256 4012 1419 4047 commemo-

875 4071 953 4114 ratur
967 4062 1052 4123 Δερὶς
1075 4056 1229 4129 ἐμπόριον,
1255 4068 1328 4131 quod
1353 4082 1419 4117 vero

876 4133 997 4185 adhunc
1016 4134 1106 4185 locum
1124 4138 1169 4185 rix
1184 4138 1318 4198 pertinere
1337 4152 1419 4201 posse

876 4210 948 4253 recte
961 4205 1067 4256 iudicet
1077 4205 1106 4256 C.
1118 4205 1231 4256 Mueller
1243 4205 1356 4269 (Geogr.
1371 4207 1419 4257 Gr.

875 4273 958 4323 minn.
971 4275 993 4323 1.
1005 4290 1065 4339 psg.
1074 4274 1129 4338 115).
1144 4276 1186 4325 De
1196 4275 1326 4326 Edouidua
1335 4275 1372 4329 ei.
1384 4276 1419 4334 V,

878 4341 906 4393 ll
920 4343 1013 4409 ibique
1024 4348 1093 4395 nott.
1120 4344 1189 4394 Add.
1202 4344 1318 4396 Giseke:
1331 4345 1420 4395 Thra·

284 4406 362 4458 Alex.
376 4407 398 4471 l,
414 4407 455 4470 ll,
468 4410 493 4458 4.
523 4409 563 4459 De
576 4407 705 4460 Oiconibae
717 4409 772 4458 rid.
787 4407 825 4458 al·
874 4412 1142 4479 hisch-Pelasgiscbe
1154 4415 1275 4466 Stimme
1285 4429 1346 4480 pag,
1357 4415 1417 4467 toa.
