3100 5175
259 384 319 459 τεο
692 389 960 458 nunonem

260 575 353 655 ἔδοξε
367 561 461 650 αὖτις
480 566 711 657 παρελθόντας
733 569 860 651 πάντας
879 577 939 639 τοῦ
959 567 1067 657 φόνου
1080 575 1259 658 μετίσχειν.
1296 564 1450 640 ''Edettal

261 675 298 744 dl
313 678 349 744 ἐκ
363 680 423 744 τοῦ
440 670 616 754 Ἠετίωνος
635 673 740 761 γόνου
752 682 915 767 Κορίνθῳ
929 671 1015 742 κακοὶ
1028 669 1262 761 ἀναβλαστεῖν.
1291 668 1312 760 ἡ
1326 671 1396 741 Aci-

258 784 325 868 βδα
340 777 402 869 γὰρ
417 778 525 847 πάντα
539 783 641 847 ταῦτα
655 774 758 866 ἤκουε
774 781 918 848 ἑστεῶσα
932 774 1014 865 πρός
1027 773 1147 865 αὐτῇσι
1161 780 1236 868 τῇσι
1249 775 1395 865 δόρησι·

259 888 398 953 δείσασα
411 880 466 970 δὲ,
480 880 526 971 μή
540 903 600 969 σφι
614 882 778 972 μεταδόξῃ
799 883 854 950 καὶ
872 878 910 950 τό
927 881 1087 969 δεύτερον
1100 880 1260 969 λαβόντες
1274 878 1311 949 τό
1320 906 1396 948 παι-

260 991 335 1056 δίον
355 983 594 1072 ἀποκτείνωσι,
623 989 774 1073 φέρουσα
794 984 1017 1073 κατακρύπτει
1038 987 1071 1064 ἐς
1090 982 1128 1052 τό
1146 981 1399 1072 ἀφραστότατόν

259 1094 294 1160 ol
305 1093 461 1180 ἐφαίνετο
482 1088 587 1177 εἶναι,
610 1092 644 1170 ἐς
663 1092 833 1179 κυψέλην,
856 1091 1075 1177 ἐπισταμένη,
1100 1083 1162 1175 oie,
1183 1094 1215 1156 εί
1233 1083 1397 1175 ὑποστρέ-

498 1293 523 1354 ³·
541 1293 566 1341 ⁴·
853 1252 1400 1376 tridenti?tztahttlit

287 1381 366 1442 Ἔδει
382 1383 540 1440 ‹li-acaci
550 1387 750 1459 οἲναβλαστεῖν]
763 1394 804 1444 Ad
854 1401 928 1446 ctam
947 1411 1033 1444 arcam
1052 1341 1302 1444 tirtificiosissimam
1324 1392 1399 1441 illam

261 1463 337 1515 verbi
365 1453 552 1527 ἀναβλαστεῖν
572 1462 804 1528 significationem
855 1465 1012 1527 dedicasse,
1033 1465 1061 1513 in
1073 1465 1151 1515 cuius
1167 1465 1285 1529 quinque
1303 1462 1399 1511 lateri-

262 1534 299 1585 ci.
317 1533 375 1595 111,
390 1533 433 1585 62.
467 1532 508 1583 sd
530 1534 619 1598 ipsam
639 1535 804 1584 sententiam
855 1534 905 1585 bus
920 1534 1078 1585 enarrandis
1097 1539 1230 1584 accurata
1241 1533 1400 1582 Pausaniae

263 1602 335 1668 qnod
350 1603 463 1664 attinet,
484 1617 568 1665 supra
587 1603 642 1652 iam
658 1602 805 1669 aliquoties
855 1613 982 1654 versatur
993 1603 1110 1653 eruditio
1120 1604 1153 1662 V,
1166 1602 1297 1653 17—19.“
1320 1602 1400 1650 Val-

261 1672 426 1735 monuimns,
434 1671 505 1721 talia
512 1671 688 1722 diiudicanda
701 1687 761 1723 esse
771 1688 805 1723 ex
856 1673 943 1724 cleu.
966 1674 1008 1724 De
1018 1672 1069 1722 hac
1079 1672 1188 1739 Cypseli
1198 1673 1270 1721 cista
1280 1670 1401 1721 celeber·

263 1758 296 1793 ea
308 1741 451 1806 opinione,
470 1757 540 1807 qnae
555 1742 689 1792 Herodoti
704 1742 757 1792 luit
771 1742 805 1792 de
855 1743 925 1793 rima
939 1741 986 1808 qui
998 1749 1092 1792 nostra
1105 1748 1195 1792 aetate
1206 1750 1329 1805 egerunt,
1341 1741 1400 1790 lau-

263 1813 322 1863 iato
340 1814 431 1861 omnia
449 1811 567 1861 humana
583 1813 623 1861 ita
639 1811 805 1876 moderante,
857 1813 939 1863 darc.
952 1811 1117 1863 0.Mueller.
1128 1810 1235 1862 Handb.
1246 1812 1272 1861 d.
1284 1810 1402 1861 Archae-

262 1887 308 1944 nt,
332 1897 402 1947 qnae
422 1880 506 1932 semel
525 1882 554 1930 in
572 1881 640 1932 fatis
653 1882 806 1932 constituta
857 1882 928 1947 olog.
943 1885 966 1945 §-
976 1881 1020 1933 57.
1040 1882 1081 1931 Ad
1091 1881 1258 1931 Herodotum
1269 1880 1337 1930 haec
1349 1880 1400 1929 nri-

264 1954 335 2014 sint,
362 1951 517 2003 necessario
535 1951 664 2001 accidant
685 1969 735 2002 nec
749 1951 806 2001 ullo
857 1967 907 2003 uns
921 1950 1073 2016 pertinent,
1090 1952 1137 2014 qui
1149 1950 1215 2000 nihil
1234 1951 1267 2000 de
1282 1951 1356 2001 cista
1372 1951 1400 1999 in

263 2021 344 2071 modo
371 2022 405 2072 ab
426 2021 534 2072 homine
556 2024 698 2086 procurari
723 2027 807 2087 atque
858 2021 986 2085 templum
1003 2021 1139 2081 dedicata,
1152 2036 1233 2085 opere
1247 2022 1316 2069 artis
1329 2019 1399 2069 cele·

265 2091 354 2141 averti
377 2092 492 2155 possint.
531 2092 700 2157 Quamquam
722 2091 807 2156 igitur
858 2093 990 2155 terrimo,
1012 2091 1114 2153 tradit,
1135 2094 1182 2140 sed
1202 2104 1284 2139 unam
1305 2105 1399 2140 arcam

266 2160 356 2210 omnia
374 2161 498 2209 lecerunt
510 2159 683 2212 Bacchiadae
699 2161 735 2211 ad
749 2176 808 2210 rna·
858 2165 1060 2223 commemorat,
1073 2164 1103 2209 in
1117 2175 1171 2224 qua
1184 2159 1275 2208 infans
1292 2159 1401 2225 deposi-

264 2229 319 2278 lum
343 2228 453 2279 oraculo
482 2228 652 2293 praedictum
683 2236 807 2280 averten·
858 2237 903 2281 tus
921 2231 1007 2279 vitam
1025 2232 1146 2281 servavit
1163 2245 1314 2294 nomenque
1336 2229 1399 2278 iude

266 2299 424 2361 dum,secus
433 2302 524 2347 tamen
533 2300 625 2362 cessit,
633 2315 693 2349 cum
703 2301 730 2348 in
740 2300 806 2350 satis
858 2301 976 2364 accepit.
1004 2300 1083 2361 Quod
1100 2299 1171 2350 idem
1192 2299 1279 2347 tradit
1293 2300 1400 2349 Pausa-

266 2367 347 2419 aliter
357 2368 494 2418 decretum
514 2373 596 2420 esset.
635 2369 680 2419 Sic
701 2368 734 2418 de
748 2370 806 2418 fato
858 2371 919 2420 nius
933 2371 970 2429 V,
988 2370 1028 2419 17.
1041 2372 1065 2432 ξ.
1080 2370 1110 2418 2:
1129 2372 1157 2418 in
1172 2382 1237 2418 arca
1254 2361 1399 2431 (λα’ρνακι)

264 2440 365 2489 Noster
373 2437 461 2487 dicere
472 2431 606 2486 soleti'dse
614 2438 647 2499 V,
656 2437 697 2489 33.
706 2440 806 2502 vuol.
858 2440 991 2490 infantem
1008 2453 1026 2487 a
1041 2442 1125 2489 matre
1143 2437 1309 2489 occultatum
1329 2452 1400 2496 esse,

265 2504 731 2570 11‚161.1v,79.2mjv1,80tc.
764 2509 808 2558 Tu
858 2526 918 2560 cum
949 2524 1043 2559 recens
1075 2514 1168 2557 natum
1197 2508 1400 2558 studiosissime

266 2574 807 2644 contfloffmeisterlnp.terraeque
858 2578 1028 2645 quaesierint
1057 2577 1247 2641 Bacchiadae,
1286 2578 1400 2641 addens,

266 2664 323 2714 seq.
336 2648 442 2713 Iacgcr.
457 2648 581 2711 Disputt.
595 2648 695 2697 Herod.
714 2664 741 2712 p.
761 2647 804 2698 38.
857 2650 927 2699 hanc
938 2664 1031 2699 aream
1042 2654 1139 2714 postea
1152 2647 1263 2713 Cypseli
1274 2655 1402 2713 posteros

266 2719 298 2768 In
311 2733 387 2782 seqq.
401 2716 436 2766 ad
448 2717 532 2768 verba
542 2706 570 2774 ἔς
583 2707 615 2765 τό
628 2708 807 2781 ἅφραστότα·
857 2718 1202 2783 ΟΙμιυρίαωοοιιιοοταοοε.
1212 2717 1402 2768 NicolausDa-

265 2802 316 2837 τον
331 2786 533 2851 intelligendum
553 2787 670 2851 χωρίον.
702 2788 807 2838 Locum
858 2787 1402 2853 mascenus,quemincaeteriscumHe·

262 2857 339 2909 enim
354 2857 475 2907 indicare
490 2856 560 2919 vult,
574 2856 606 2906 de
621 2872 674 2922 qno
689 2857 808 2922 cogitari
857 2857 954 2909 rodoto
965 2859 1180 2908 consentientem
1192 2859 1352 2923 reperimus,
1363 2858 1403 2906 ni·

265 2943 376 2994 prorsus
386 2943 440 2977 non
447 2930 564 2991 poterat,
574 2928 620 2992 qui
631 2926 808 2976 minimeani·
857 2926 895 2976 hil
907 2927 939 2978 de
951 2942 1015 2978 arca
1025 2934 1230 2978 commemorat:
1250 2928 1298 2978 sed
1306 2927 1400 2977 Aetio-

266 2997 400 3048 madrerti
423 2997 605 3063 cognoscique
626 3001 748 3063 poterat;
775 2986 807 3044 ἆ·
859 3013 918 3047 nem
946 2997 1034 3048 tradit
1052 3013 1081 3049 re
1104 3004 1245 3062 comperta
1266 2997 1401 3047 infantem

266 3077 409 3130 φραστον·
427 3057 620 3132 οἱπρονόητον,
639 3057 708 3116 τόστε
723 3060 809 3132 μηδέ·
860 3067 1004 3133 Olympiae
1034 3067 1194 3132 deposuisse
1228 3073 1310 3132 atque
1340 3072 1402 3117 tau·

266 3150 303 3183 να
318 3132 430 3199 νοῆσαι,
444 3137 485 3185 ait
498 3136 653 3201 Hesychius
667 3138 689 3187 I.
704 3152 731 3201 p.
746 3137 807 3188 649.
860 3153 942 3204 quam
956 3137 1106 3201 supplicem
1122 3137 1165 3186 dei
1183 3137 1316 3187 educasse
1329 3127 1355 3199 (ό
1370 3131 1402 3185 δὲ

266 3205 375 3255 Monuit
388 3204 608 3269 Schweighaeus.
629 3207 657 3255 in
671 3207 737 3257 Lex.
753 3206 809 3257 He·
857 3204 967 3256 Ἀετίαν
980 3199 1185 3272 είςὈλυμτιίαν
1198 3196 1268 3256 αὐτὸ
1284 3206 1356 3272 [scil.
1370 3198 1402 3254 τὸ

266 3275 325 3325 rod.
343 3274 365 3324 1.
390 3290 454 3339 pag.
481 3274 538 3325 115.
576 3273 643 3324 Inde
661 3263 810 3337 ἄφραστος
860 3269 1028 3341 παιδάριον]
1054 3271 1239 3329 ὑπεκτίθεται
1263 3274 1310 3325 καὶ
1330 3270 1402 3337 ἔτρε-

268 3339 363 3409 στίβος
374 3342 402 3391 in
412 3344 522 3393 Homer.
532 3343 633 3405 Hymn.
650 3344 678 3392 in
689 3346 808 3395 Mercnr.
861 3334 1013 3408 mendesio
1028 3339 1125 3411 ἱκέτην
1140 3342 1192 3395 τοῦ
1210 3343 1311 3409 δεοό]ε
1329 3345 1402 3397 unde

267 3411 318 3462 353
330 3410 393 3461 coll.
407 3411 442 3461 80
463 3416 490 3460 et
503 3412 576 3476 apud
593 3412 718 3478 Aeschyl.
733 3415 809 3466 Pers.
860 3416 933 3467 hand
953 3417 1011 3466 scio
1028 3432 1063 3466 an
1079 3431 1165 3468 causa
1183 3416 1220 3466 sit
1242 3416 1402 3480 repetenda,

269 3481 319 3530 142
337 3470 449 3543 μέριμν’
466 3470 628 3543 ἄφραστος,
651 3482 809 3548 8ορμ1.85,
860 3501 908 3536 cnr
927 3501 1018 3535 arcam
1037 3488 1141 3550 posteri
1155 3485 1309 3551 Olympiam
1328 3485 1404 3536 dedi·

268 3550 316 3598 ubi
342 3551 441 3600 mentis
464 3550 573 3599 divinae
599 3553 661 3601 vine
681 3552 809 3603 dicuntur
860 3556 993 3606 caverint.
1024 3555 1125 3606 Postea
1144 3560 1221 3619 pater
1237 3557 1289 3620 (ita
1305 3561 1403 3605 narrat

182 3612 189 3631 '
268 3617 412 3682 perplexae
441 3624 469 3669 et
500 3620 651 3680 obscurae,
682 3619 809 3671 κατιδεῖν
859 3624 1003 3690 Nicolaus)
1018 3625 1164 3676 confidenti
1177 3625 1266 3675 animo
1286 3625 1402 3676 Cleonas

266 3682 419 3749 ἄφραστοι,
430 3698 565 3754 perspecta
574 3690 698 3754 difficiles.
714 3693 809 3758 Neque
860 3694 972 3745 abdnclt
984 3693 1199 3756 adolescentem,
1213 3696 1336 3761 corporis
1349 3694 1403 3745 sor·

269 3758 350 3808 aliter
360 3757 487 3822 Sophocl.
503 3760 530 3809 in
544 3759 690 3811 Trachina.
703 3762 755 3813 (illd
769 3762 808 3811 di·
860 3779 904 3813 ma
926 3780 959 3814 ac
978 3766 1079 3816 virtute
1102 3764 1327 3829 praecellentem,
1355 3765 1403 3828 qui

268 3823 405 3909 ηἱίφατιν
418 3819 809 3912 ἄφραστον,όξυ’μβλητον
859 3834 957 3885 deinde
966 3833 1124 3884 Corinthum
1138 3850 1197 3884 cum
1208 3835 1295 3884 redire
1309 3834 1402 3895 vellet,

269 3896 417 3964 ανδρωπφ
435 3898 555 3963 μαθεῖν,
569 3904 596 3949 et
611 3899 678 3951 1058
692 3895 808 3964 αφρτέ·
859 3904 999 3954 oraculum
1019 3903 1172 3965 consuluit,
1195 3909 1224 3954 ut
1245 3903 1402 3953 Herodotus

268 3981 334 4035 στςο
347 3964 415 4034 τῇδε
424 3963 808 4033 χειρωδελςττὲδη,υοί8ο1ιο-
860 3989 965 4038 quoque
986 3973 1116 4036 tradidit,
1141 3975 1175 4023 ad
1197 3975 1274 4023 ouius
1292 3974 1403 4037 singula

267 4038 306 4089 lia
322 4039 466 4118 ‘explicant
485 4033 549 4102 περί
569 4024 603 4119 ἧς
618 4034 671 4088 edu
690 4034 745 4105 ἔχει
764 4057 809 4099 τις
858 4043 942 4093 umba
955 4060 1003 4094 uos
1014 4058 1046 4094 ea
1056 4043 1210 4106 afferemus,
1223 4058 1403 4108 quaememo-

268 4106 445 4173 φρασασδαι,
459 4107 501 4165 τίς
513 4106 557 4172 εἴη
569 4123 622 4172 την
634 4101 731 4171 φόσιν.
859 4113 917 4162 riae
930 4113 1051 4177 prodidit
1066 4112 1205 4164 Nicolaus.
1229 4114 1308 4163 Haec
1317 4114 1403 4179 igitur

303 4167 331 4234 ίς
344 4174 482 4243 κυψέλην]
503 4180 593 4240 „Cirta
606 4178 756 4233 Corinthiis
770 4182 809 4230 di·
859 4181 894 4231 ad
907 4183 994 4247 ipsam
1037 4199 1095 4233 rum
1113 4183 1254 4234 historiam
1264 4190 1402 4248 spectant,

192 4248 195 4255 '
268 4251 315 4296 cta
327 4241 452 4310 κυφίλη,
467 4249 493 4296 in
509 4265 561 4313 qua
576 4256 662 4299 mater
673 4250 809 4300 infantem
859 4267 940 4317 quam
949 4253 988 4302 ita
996 4198 1103 4318 qiioqne
1111 4258 1269 4317 persecutus
1278 4255 1404 4303 estDun·

269 4314 465 4379 occultaverat,
479 4323 575 4381 postea
587 4318 671 4370 fuisse
687 4320 807 4370 traditur
859 4321 933 4372 cher.
950 4322 1061 4386 (Gesch.
1077 4322 1102 4373 d.
1115 4323 1231 4374 Alterth.
1245 4323 1293 4375 IV.
1310 4326 1404 4389 φαμι)

267 4384 296 4432 in
316 4385 428 4434 lunonis
449 4387 549 4451 templo
568 4386 711 4452 Olympiae
732 4390 808 4440 dedi·
859 4392 943 4456 seq),
967 4396 999 4442 ut
1023 4392 1132 4442 dubium
1156 4392 1312 4458 reliquerit,
1338 4409 1403 4443 num

268 4456 346 4505 catat
365 4453 413 4505 sed
425 4455 517 4520 potins
530 4457 706 4523 crediderim,
719 4464 750 4509 ut
766 4461 807 4512 rei
858 4461 930 4527 quod
948 4460 981 4513 de
997 4476 1077 4525 arca,
1093 4477 1146 4527 qna
1162 4461 1296 4529 Cypselus
1319 4463 1403 4516 rivus
