<?xml version="1.0" encoding="UTF-8"?>
<!DOCTYPE html PUBLIC "-//W3C//DTD XHTML 1.0 Transitional//EN"
    "http://www.w3.org/TR/xhtml1/DTD/xhtml1-transitional.dtd">
<html xmlns="http://www.w3.org/1999/xhtml" xml:lang="en" lang="en">
 <head>
  <title>
</title>
<meta http-equiv="Content-Type" content="text/html;charset=utf-8" />
  <meta name='ocr-system' content='tesseract 3.04.00' />
  <meta name='ocr-capabilities' content='ocr_page ocr_carea ocr_par ocr_line ocrx_word'/>
</head>
<body>
  <div class='ocr_page' id='page_1' title='image "./herodotihalicar01unkngoog/herodotihalicar01unkngoog_0020.png"; bbox 0 0 3100 5175; ppageno 0'>
   <div class='ocr_carea' id='block_1_1' title="bbox 216 335 925 404">
    <p class='ocr_par' dir='ltr' id='par_1_1' title="bbox 216 335 925 404">
     <span class='ocr_line' id='line_1_1' title="bbox 216 335 925 404; baseline -0.013 0"><span class='ocrx_word' id='word_1_1' title='bbox 216 340 235 404; x_wconf 84' lang='lat'><em>8</em></span> <span class='ocrx_word' id='word_1_2' title='bbox 654 335 925 397; x_wconf 80' lang='lat' dir='ltr'><strong>HERODOTI</strong></span> 
     </span>
    </p>
   </div>
   <div class='ocr_carea' id='block_1_2' title="bbox 217 505 1358 602">
    <p class='ocr_par' dir='ltr' id='par_1_2' title="bbox 217 505 1358 602">
     <span class='ocr_line' id='line_1_2' title="bbox 217 505 1358 602; baseline -0.007 -17"><span class='ocrx_word' id='word_1_3' title='bbox 217 543 271 596; x_wconf 84' lang='grc' dir='ltr'>τις</span> <span class='ocrx_word' id='word_1_4' title='bbox 285 511 529 602; x_wconf 76' lang='grc' dir='ltr'><strong><em>ὀλοφύρονται,</em></strong></span> <span class='ocrx_word' id='word_1_5' title='bbox 554 509 615 581; x_wconf 81' lang='grc' dir='ltr'>ὅσα</span> <span class='ocrx_word' id='word_1_6' title='bbox 629 539 687 600; x_wconf 85' lang='grc' dir='ltr'>μιν</span> <span class='ocrx_word' id='word_1_7' title='bbox 703 514 889 581; x_wconf 67' lang='lat' dir='ltr'>deterretur</span> <span class='ocrx_word' id='word_1_8' title='bbox 907 510 1039 597; x_wconf 78' lang='grc' dir='ltr'><strong><em>ἐγένετο</em></strong></span> <span class='ocrx_word' id='word_1_9' title='bbox 1054 505 1243 599; x_wconf 75' lang='grc' dir='ltr'><strong><em>ἀναπλῆσαι</em></strong></span> <span class='ocrx_word' id='word_1_10' title='bbox 1260 505 1358 596; x_wconf 77' lang='grc' dir='ltr'>καὶκαὶ,</span> 
     </span>
    </p>
   </div>
   <div class='ocr_carea' id='block_1_3' title="bbox 158 712 776 2525">
    <p class='ocr_par' dir='ltr' id='par_1_3' title="bbox 158 712 776 2525">
     <span class='ocr_line' id='line_1_3' title="bbox 218 712 763 776; baseline -0.017 -8"><span class='ocrx_word' id='word_1_11' title='bbox 218 715 294 768; x_wconf 80' lang='lat' dir='ltr'>ridet</span> <span class='ocrx_word' id='word_1_12' title='bbox 283 720 342 767; x_wconf 95' lang='grc' dir='ltr'>ιιιι.</span> <span class='ocrx_word' id='word_1_13' title='bbox 369 730 419 765; x_wconf 87' lang='lat' dir='ltr'>uec</span> <span class='ocrx_word' id='word_1_14' title='bbox 443 712 634 764; x_wconf 75' lang='lat' dir='ltr'>mirabimur</span> <span class='ocrx_word' id='word_1_15' title='bbox 627 728 655 761; x_wconf 89' lang='lat' dir='ltr'>m</span> <span class='ocrx_word' id='word_1_16' title='bbox 681 714 763 776; x_wconf 87' lang='lat' dir='ltr'>gente</span> 
     </span>
     <span class='ocr_line' id='line_1_4' title="bbox 219 781 763 852; baseline -0.015 -15"><span class='ocrx_word' id='word_1_17' title='bbox 219 787 281 838; x_wconf 91' lang='lat' dir='ltr'>rudi</span> <span class='ocrx_word' id='word_1_18' title='bbox 290 791 372 852; x_wconf 86' lang='lat' dir='ltr'>utque</span> <span class='ocrx_word' id='word_1_19' title='bbox 383 784 498 846; x_wconf 89' lang='lat' dir='ltr'>inculta,</span> <span class='ocrx_word' id='word_1_20' title='bbox 512 781 618 849; x_wconf 86' lang='lat' dir='ltr'>qualem</span> <span class='ocrx_word' id='word_1_21' title='bbox 629 781 763 831; x_wconf 81' lang='lat' dir='ltr'>Thraciae</span> 
     </span>
     <span class='ocr_line' id='line_1_5' title="bbox 220 849 765 922; baseline -0.013 -16"><span class='ocrx_word' id='word_1_22' title='bbox 220 861 328 922; x_wconf 82' lang='lat' dir='ltr'><strong>gentem</strong></span> <span class='ocrx_word' id='word_1_23' title='bbox 346 855 393 905; x_wconf 91' lang='lat' dir='ltr'>illa</span> <span class='ocrx_word' id='word_1_24' title='bbox 413 859 505 905; x_wconf 89' lang='lat' dir='ltr'>aetate</span> <span class='ocrx_word' id='word_1_25' title='bbox 528 854 614 904; x_wconf 84' lang='lat' dir='ltr'>inisse</span> <span class='ocrx_word' id='word_1_26' title='bbox 634 849 765 901; x_wconf 78' lang='lat' dir='ltr'>credibile</span> 
     </span>
     <span class='ocr_line' id='line_1_6' title="bbox 221 922 764 990; baseline -0.013 -13"><span class='ocrx_word' id='word_1_27' title='bbox 221 934 277 990; x_wconf 87' lang='lat' dir='ltr'>est,</span> <span class='ocrx_word' id='word_1_28' title='bbox 302 942 363 977; x_wconf 87' lang='lat' dir='ltr'>eam</span> <span class='ocrx_word' id='word_1_29' title='bbox 382 925 415 976; x_wconf 89' lang='lat' dir='ltr'>de</span> <span class='ocrx_word' id='word_1_30' title='bbox 436 925 551 975; x_wconf 89' lang='lat' dir='ltr'>mortuis</span> <span class='ocrx_word' id='word_1_31' title='bbox 572 922 686 987; x_wconf 89' lang='lat' dir='ltr'>reperiri</span> <span class='ocrx_word' id='word_1_32' title='bbox 705 936 764 985; x_wconf 89' lang='lat' dir='ltr'>per·</span> 
     </span>
     <span class='ocr_line' id='line_1_7' title="bbox 222 990 765 1059; baseline -0.017 -11"><span class='ocrx_word' id='word_1_33' title='bbox 222 997 390 1058; x_wconf 72' lang='lat' dir='ltr'>suasionem,</span> <span class='ocrx_word' id='word_1_34' title='bbox 410 1011 478 1059; x_wconf 88' lang='lat' dir='ltr'>quae</span> <span class='ocrx_word' id='word_1_35' title='bbox 495 994 542 1043; x_wconf 81' lang='grc' dir='ltr'>ιιι</span> <span class='ocrx_word' id='word_1_36' title='bbox 557 992 630 1058; x_wconf 92' lang='lat' dir='ltr'>apud</span> <span class='ocrx_word' id='word_1_37' title='bbox 644 990 765 1042; x_wconf 86' lang='lat' dir='ltr'>cultissi-</span> 
     </span>
     <span class='ocr_line' id='line_1_8' title="bbox 223 1061 766 1131; baseline -0.011 -15"><span class='ocrx_word' id='word_1_38' title='bbox 223 1081 280 1117; x_wconf 89' lang='lat' dir='ltr'>mos</span> <span class='ocrx_word' id='word_1_39' title='bbox 292 1081 414 1131; x_wconf 87' lang='lat' dir='ltr'>quosque</span> <span class='ocrx_word' id='word_1_40' title='bbox 423 1063 496 1114; x_wconf 90' lang='lat' dir='ltr'>illius</span> <span class='ocrx_word' id='word_1_41' title='bbox 506 1063 635 1126; x_wconf 88' lang='lat' dir='ltr'>temporis</span> <span class='ocrx_word' id='word_1_42' title='bbox 646 1061 766 1113; x_wconf 85' lang='lat' dir='ltr'>Graecos</span> 
     </span>
     <span class='ocr_line' id='line_1_9' title="bbox 222 1130 765 1194; baseline -0.015 -7"><span class='ocrx_word' id='word_1_43' title='bbox 222 1137 344 1187; x_wconf 89' lang='lat' dir='ltr'>homines</span> <span class='ocrx_word' id='word_1_44' title='bbox 354 1134 514 1194; x_wconf 89' lang='lat' dir='ltr'>obtinuerit·</span> <span class='ocrx_word' id='word_1_45' title='bbox 527 1132 635 1182; x_wconf 83' lang='lat' dir='ltr'>videtur</span> <span class='ocrx_word' id='word_1_46' title='bbox 649 1146 715 1181; x_wconf 89' lang='lat' dir='ltr'>sane</span> <span class='ocrx_word' id='word_1_47' title='bbox 725 1130 765 1180; x_wconf 91' lang='lat' dir='ltr'>hi·</span> 
     </span>
     <span class='ocr_line' id='line_1_10' title="bbox 223 1201 767 1270; baseline -0.013 -13"><span class='ocrx_word' id='word_1_48' title='bbox 223 1207 327 1258; x_wconf 86' lang='lat' dir='ltr'>storiae</span> <span class='ocrx_word' id='word_1_49' title='bbox 338 1211 432 1270; x_wconf 88' lang='lat' dir='ltr'>pater,</span> <span class='ocrx_word' id='word_1_50' title='bbox 445 1218 515 1269; x_wconf 89' lang='lat' dir='ltr'>quae</span> <span class='ocrx_word' id='word_1_51' title='bbox 526 1217 576 1252; x_wconf 89' lang='lat' dir='ltr'>sua</span> <span class='ocrx_word' id='word_1_52' title='bbox 586 1203 671 1265; x_wconf 89' lang='lat' dir='ltr'>ipsius</span> <span class='ocrx_word' id='word_1_53' title='bbox 685 1201 767 1251; x_wconf 89' lang='lat' dir='ltr'>adeo-</span> 
     </span>
     <span class='ocr_line' id='line_1_11' title="bbox 224 1269 768 1342; baseline -0.017 -15"><span class='ocrx_word' id='word_1_54' title='bbox 224 1292 276 1342; x_wconf 89' lang='lat' dir='ltr'>que</span> <span class='ocrx_word' id='word_1_55' title='bbox 286 1275 408 1339; x_wconf 82' lang='lat' dir='ltr'>vulgaria</span> <span class='ocrx_word' id='word_1_56' title='bbox 420 1274 493 1323; x_wconf 90' lang='lat' dir='ltr'>illius</span> <span class='ocrx_word' id='word_1_57' title='bbox 504 1272 603 1323; x_wconf 86' lang='lat' dir='ltr'>aetatis</span> <span class='ocrx_word' id='word_1_58' title='bbox 616 1271 699 1322; x_wconf 86' lang='lat' dir='ltr'>fuerit</span> <span class='ocrx_word' id='word_1_59' title='bbox 710 1269 768 1335; x_wconf 89' lang='lat' dir='ltr'>opi-</span> 
     </span>
     <span class='ocr_line' id='line_1_12' title="bbox 224 1344 767 1407; baseline -0.015 -11"><span class='ocrx_word' id='word_1_60' title='bbox 224 1347 269 1396; x_wconf 88' lang='lat' dir='ltr'>nio</span> <span class='ocrx_word' id='word_1_61' title='bbox 282 1347 315 1396; x_wconf 92' lang='lat' dir='ltr'>de</span> <span class='ocrx_word' id='word_1_62' title='bbox 327 1344 442 1394; x_wconf 80' lang='lat' dir='ltr'>mortuis</span> <span class='ocrx_word' id='word_1_63' title='bbox 452 1347 669 1407; x_wconf 88' lang='lat' dir='ltr'>mortuorumque</span> <span class='ocrx_word' id='word_1_64' title='bbox 682 1345 767 1403; x_wconf 87' lang='lat' dir='ltr'>statu,</span> 
     </span>
     <span class='ocr_line' id='line_1_13' title="bbox 224 1410 769 1477; baseline -0.013 -11"><span class='ocrx_word' id='word_1_65' title='bbox 224 1416 260 1466; x_wconf 93' lang='lat' dir='ltr'>ad</span> <span class='ocrx_word' id='word_1_66' title='bbox 284 1414 422 1464; x_wconf 76' lang='lat' dir='ltr'>Thraciae</span> <span class='ocrx_word' id='word_1_67' title='bbox 450 1417 558 1477; x_wconf 84' lang='lat' dir='ltr'>gentem</span> <span class='ocrx_word' id='word_1_68' title='bbox 584 1410 769 1471; x_wconf 74' lang='lat' dir='ltr'>transtulisse,</span> 
     </span>
     <span class='ocr_line' id='line_1_14' title="bbox 158 1479 770 1550; baseline -0.011 -14"><span class='ocrx_word' id='word_1_69' title='bbox 158 1536 162 1542; x_wconf 82' lang='grc'>,</span> <span class='ocrx_word' id='word_1_70' title='bbox 225 1484 299 1550; x_wconf 88' lang='lat' dir='ltr'>apud</span> <span class='ocrx_word' id='word_1_71' title='bbox 306 1499 385 1549; x_wconf 89' lang='lat' dir='ltr'>quam</span> <span class='ocrx_word' id='word_1_72' title='bbox 398 1484 514 1534; x_wconf 75' lang='lat' dir='ltr'>forsitan</span> <span class='ocrx_word' id='word_1_73' title='bbox 524 1483 593 1531; x_wconf 89' lang='lat' dir='ltr'>ritus</span> <span class='ocrx_word' id='word_1_74' title='bbox 604 1480 691 1532; x_wconf 86' lang='lat' dir='ltr'>simile</span> <span class='ocrx_word' id='word_1_75' title='bbox 705 1479 770 1545; x_wconf 93' lang='lat' dir='ltr'>quid</span> 
     </span>
     <span class='ocr_line' id='line_1_15' title="bbox 225 1549 770 1635; baseline -0.007 -31"><span class='ocrx_word' id='word_1_76' title='bbox 225 1555 380 1604; x_wconf 88' lang='lat' dir='ltr'>iudicantes</span> <span class='ocrx_word' id='word_1_77' title='bbox 399 1554 643 1635; x_wconf 79' lang='lat' dir='ltr'>caeremoniasque</span> <span class='ocrx_word' id='word_1_78' title='bbox 666 1549 770 1600; x_wconf 87' lang='lat' dir='ltr'>similes</span> 
     </span>
     <span class='ocr_line' id='line_1_16' title="bbox 225 1621 771 1689; baseline -0.007 -15"><span class='ocrx_word' id='word_1_79' title='bbox 225 1626 438 1687; x_wconf 80' lang='lat' dir='ltr'>observaverat,</span> <span class='ocrx_word' id='word_1_80' title='bbox 457 1642 471 1674; x_wconf 92' lang='lat' dir='ltr'>e</span> <span class='ocrx_word' id='word_1_81' title='bbox 486 1623 576 1689; x_wconf 88' lang='lat' dir='ltr'>priseo</span> <span class='ocrx_word' id='word_1_82' title='bbox 589 1621 635 1672; x_wconf 93' lang='lat' dir='ltr'>illo</span> <span class='ocrx_word' id='word_1_83' title='bbox 649 1625 771 1684; x_wconf 91' lang='lat' dir='ltr'>tempore</span> 
     </span>
     <span class='ocr_line' id='line_1_17' title="bbox 226 1691 771 1759; baseline -0.009 -15"><span class='ocrx_word' id='word_1_84' title='bbox 226 1694 402 1758; x_wconf 86' lang='lat' dir='ltr'>repetendas,</span> <span class='ocrx_word' id='word_1_85' title='bbox 427 1710 479 1759; x_wconf 87' lang='lat' dir='ltr'>quo</span> <span class='ocrx_word' id='word_1_86' title='bbox 498 1691 619 1757; x_wconf 85' lang='lat' dir='ltr'>reliquae</span> <span class='ocrx_word' id='word_1_87' title='bbox 637 1691 771 1740; x_wconf 82' lang='lat' dir='ltr'>Graeciae</span> 
     </span>
     <span class='ocr_line' id='line_1_18' title="bbox 227 1761 772 1815; baseline -0.011 -1"><span class='ocrx_word' id='word_1_88' title='bbox 227 1764 349 1815; x_wconf 90' lang='lat' dir='ltr'>Thraces</span> <span class='ocrx_word' id='word_1_89' title='bbox 376 1762 451 1814; x_wconf 89' lang='lat' dir='ltr'>cultu</span> <span class='ocrx_word' id='word_1_90' title='bbox 480 1763 553 1812; x_wconf 90' lang='lat' dir='ltr'>omni</span> <span class='ocrx_word' id='word_1_91' title='bbox 583 1777 616 1811; x_wconf 85' lang='lat' dir='ltr'>ao</span> <span class='ocrx_word' id='word_1_92' title='bbox 646 1761 772 1810; x_wconf 89' lang='lat' dir='ltr'>doctriua</span> 
     </span>
     <span class='ocr_line' id='line_1_19' title="bbox 227 1831 772 1900; baseline -0.011 -16"><span class='ocrx_word' id='word_1_93' title='bbox 227 1834 414 1900; x_wconf 82' lang='lat' dir='ltr'>praestitisse,</span> <span class='ocrx_word' id='word_1_94' title='bbox 427 1834 515 1883; x_wconf 89' lang='lat' dir='ltr'>sacris</span> <span class='ocrx_word' id='word_1_95' title='bbox 527 1831 690 1883; x_wconf 82' lang='lat' dir='ltr'>excelluisse</span> <span class='ocrx_word' id='word_1_96' title='bbox 701 1831 772 1881; x_wconf 83' lang='lat' dir='ltr'>vati·</span> 
     </span>
     <span class='ocr_line' id='line_1_20' title="bbox 226 1900 770 1969; baseline -0.006 -13"><span class='ocrx_word' id='word_1_97' title='bbox 226 1907 332 1969; x_wconf 90' lang='lat' dir='ltr'>busque</span> <span class='ocrx_word' id='word_1_98' title='bbox 346 1904 452 1954; x_wconf 85' lang='lat' dir='ltr'>eximiis</span> <span class='ocrx_word' id='word_1_99' title='bbox 468 1902 624 1952; x_wconf 81' lang='lat' dir='ltr'>abundasse</span> <span class='ocrx_word' id='word_1_100' title='bbox 638 1900 770 1953; x_wconf 77' lang='lat' dir='ltr'>feruntur.</span> 
     </span>
     <span class='ocr_line' id='line_1_21' title="bbox 229 1971 773 2038; baseline -0.011 -14"><span class='ocrx_word' id='word_1_101' title='bbox 229 1974 271 2024; x_wconf 85' lang='lat' dir='ltr'>Gi.</span> <span class='ocrx_word' id='word_1_102' title='bbox 284 1974 461 2024; x_wconf 85' lang='lat' dir='ltr'>Hoffmeister</span> <span class='ocrx_word' id='word_1_103' title='bbox 476 1973 494 2022; x_wconf 94' lang='lat' dir='ltr'>l.</span> <span class='ocrx_word' id='word_1_104' title='bbox 508 1972 526 2022; x_wconf 97' lang='lat' dir='ltr'>l.</span> <span class='ocrx_word' id='word_1_105' title='bbox 539 1987 598 2038; x_wconf 86' lang='lat' dir='ltr'>pag.</span> <span class='ocrx_word' id='word_1_106' title='bbox 615 1971 663 2021; x_wconf 85' lang='lat' dir='ltr'>llll</span> <span class='ocrx_word' id='word_1_107' title='bbox 676 1976 705 2021; x_wconf 90' lang='lat' dir='ltr'>et</span> <span class='ocrx_word' id='word_1_108' title='bbox 718 1971 773 2019; x_wconf 86' lang='lat' dir='ltr'>He-</span> 
     </span>
     <span class='ocr_line' id='line_1_22' title="bbox 228 2040 774 2106; baseline -0.011 -12"><span class='ocrx_word' id='word_1_109' title='bbox 228 2042 288 2094; x_wconf 88' lang='lat' dir='ltr'>rod.</span> <span class='ocrx_word' id='word_1_110' title='bbox 302 2043 340 2104; x_wconf 94' lang='lat' dir='ltr'>V,</span> <span class='ocrx_word' id='word_1_111' title='bbox 355 2045 388 2092; x_wconf 80' lang='lat'>24</span> <span class='ocrx_word' id='word_1_112' title='bbox 402 2043 468 2106; x_wconf 85' lang='lat' dir='ltr'>ibiq.</span> <span class='ocrx_word' id='word_1_113' title='bbox 481 2047 538 2093; x_wconf 92' lang='lat' dir='ltr'>not.</span> <span class='ocrx_word' id='word_1_114' title='bbox 566 2043 597 2091; x_wconf 76' lang='lat' dir='ltr'>O.</span> <span class='ocrx_word' id='word_1_115' title='bbox 611 2040 644 2090; x_wconf 91' lang='lat' dir='ltr'>O.</span> <span class='ocrx_word' id='word_1_116' title='bbox 658 2040 774 2092; x_wconf 88' lang='lat' dir='ltr'>Mueller</span> 
     </span>
     <span class='ocr_line' id='line_1_23' title="bbox 230 2108 772 2177; baseline -0.007 -14"><span class='ocrx_word' id='word_1_117' title='bbox 230 2112 332 2177; x_wconf 91' lang='lat' dir='ltr'>(Ueber</span> <span class='ocrx_word' id='word_1_118' title='bbox 349 2111 394 2160; x_wconf 89' lang='lat' dir='ltr'>die</span> <span class='ocrx_word' id='word_1_119' title='bbox 405 2111 552 2161; x_wconf 87' lang='lat' dir='ltr'>Makedou.</span> <span class='ocrx_word' id='word_1_120' title='bbox 573 2126 637 2176; x_wconf 84' lang='lat' dir='ltr'>pag.</span> <span class='ocrx_word' id='word_1_121' title='bbox 654 2111 687 2160; x_wconf 81' lang='lat'>58</span> <span class='ocrx_word' id='word_1_122' title='bbox 701 2108 772 2176; x_wconf 85' lang='lat' dir='ltr'>seq.)</span> 
     </span>
     <span class='ocr_line' id='line_1_24' title="bbox 229 2180 775 2246; baseline -0.005 -15"><span class='ocrx_word' id='word_1_123' title='bbox 229 2197 277 2243; x_wconf 88' lang='lat' dir='ltr'>ea,</span> <span class='ocrx_word' id='word_1_124' title='bbox 302 2197 373 2246; x_wconf 88' lang='lat' dir='ltr'>quae</span> <span class='ocrx_word' id='word_1_125' title='bbox 390 2180 424 2231; x_wconf 91' lang='lat' dir='ltr'>de</span> <span class='ocrx_word' id='word_1_126' title='bbox 443 2181 557 2230; x_wconf 76' lang='lat' dir='ltr'>&#39;l&#39;rausis</span> <span class='ocrx_word' id='word_1_127' title='bbox 581 2186 775 2229; x_wconf 79' lang='lat' dir='ltr'>recenseatur</span> 
     </span>
     <span class='ocr_line' id='line_1_25' title="bbox 229 2248 775 2317; baseline -0.007 -16"><span class='ocrx_word' id='word_1_128' title='bbox 229 2252 385 2317; x_wconf 89' lang='lat' dir='ltr'>lugentibus</span> <span class='ocrx_word' id='word_1_129' title='bbox 402 2267 435 2301; x_wconf 86' lang='lat' dir='ltr'>ee</span> <span class='ocrx_word' id='word_1_130' title='bbox 452 2250 549 2301; x_wconf 87' lang='lat' dir='ltr'>deinde</span> <span class='ocrx_word' id='word_1_131' title='bbox 566 2249 599 2299; x_wconf 88' lang='lat' dir='ltr'>de</span> <span class='ocrx_word' id='word_1_132' title='bbox 621 2248 729 2297; x_wconf 82' lang='lat' dir='ltr'>feminis</span> <span class='ocrx_word' id='word_1_133' title='bbox 747 2250 775 2297; x_wconf 92' lang='lat' dir='ltr'>in</span> 
     </span>
     <span class='ocr_line' id='line_1_26' title="bbox 231 2318 776 2374; baseline -0.009 -2"><span class='ocrx_word' id='word_1_134' title='bbox 231 2322 323 2374; x_wconf 86' lang='lat' dir='ltr'>mariti</span> <span class='ocrx_word' id='word_1_135' title='bbox 344 2321 447 2371; x_wconf 88' lang='lat' dir='ltr'>tumulo</span> <span class='ocrx_word' id='word_1_136' title='bbox 476 2320 604 2369; x_wconf 84' lang='lat' dir='ltr'>mactatis</span> <span class='ocrx_word' id='word_1_137' title='bbox 620 2318 776 2368; x_wconf 86' lang='lat' dir='ltr'>Herodotus</span> 
     </span>
     <span class='ocr_line' id='line_1_27' title="bbox 230 2388 776 2456; baseline -0.013 -14"><span class='ocrx_word' id='word_1_138' title='bbox 230 2388 776 2456; x_wconf 84' lang='lat' dir='ltr'>enarrat,adopinionesGraeclsquidem</span> 
     </span>
     <span class='ocr_line' id='line_1_28' title="bbox 231 2459 776 2525; baseline -0.006 -15"><span class='ocrx_word' id='word_1_139' title='bbox 231 2460 352 2522; x_wconf 86' lang='lat' dir='ltr'>alienas,</span> <span class='ocrx_word' id='word_1_140' title='bbox 380 2460 427 2511; x_wconf 88' lang='lat' dir='ltr'>sed</span> <span class='ocrx_word' id='word_1_141' title='bbox 444 2475 493 2525; x_wconf 90' lang='lat' dir='ltr'>per</span> <span class='ocrx_word' id='word_1_142' title='bbox 511 2459 642 2509; x_wconf 84' lang='lat' dir='ltr'>orientem</span> <span class='ocrx_word' id='word_1_143' title='bbox 662 2472 776 2522; x_wconf 88' lang='lat' dir='ltr'>sparsas</span> 
     </span>
    </p>
   </div>
   <div class='ocr_carea' id='block_1_4' title="bbox 231 2526 779 2593">
    <p class='ocr_par' dir='ltr' id='par_1_4' title="bbox 231 2526 779 2593">
     <span class='ocr_line' id='line_1_29' title="bbox 231 2526 779 2593; baseline -0.009 -12"><span class='ocrx_word' id='word_1_144' title='bbox 231 2531 327 2581; x_wconf 77' lang='lat' dir='ltr'>referri</span> <span class='ocrx_word' id='word_1_145' title='bbox 338 2530 406 2582; x_wconf 84' lang='lat' dir='ltr'>vult.</span> <span class='ocrx_word' id='word_1_146' title='bbox 430 2531 483 2593; x_wconf 80' lang='lat' dir='ltr'>Qui</span> <span class='ocrx_word' id='word_1_147' title='bbox 497 2545 560 2579; x_wconf 86' lang='lat' dir='ltr'>rere</span> <span class='ocrx_word' id='word_1_148' title='bbox 574 2528 672 2578; x_wconf 85' lang='lat' dir='ltr'>statuit</span> <span class='ocrx_word' id='word_1_149' title='bbox 685 2526 779 2591; x_wconf 87' lang='lat' dir='ltr'>(Choi-</span> 
     </span>
    </p>
   </div>
   <div class='ocr_carea' id='block_1_5' title="bbox 232 2600 777 2943">
    <p class='ocr_par' dir='ltr' id='par_1_5' title="bbox 232 2600 777 2943">
     <span class='ocr_line' id='line_1_30' title="bbox 232 2600 776 2663; baseline -0.007 -12"><span class='ocrx_word' id='word_1_150' title='bbox 232 2601 423 2652; x_wconf 80' lang='lat' dir='ltr'>seul-Goullier</span> <span class='ocrx_word' id='word_1_151' title='bbox 443 2601 484 2649; x_wconf 88' lang='lat' dir='ltr'>in:</span> <span class='ocrx_word' id='word_1_152' title='bbox 506 2601 618 2663; x_wconf 86' lang='lat' dir='ltr'>Voyage</span> <span class='ocrx_word' id='word_1_153' title='bbox 638 2614 671 2648; x_wconf 93' lang='lat' dir='ltr'>en</span> <span class='ocrx_word' id='word_1_154' title='bbox 691 2600 776 2647; x_wconf 86' lang='lat' dir='ltr'>Greee</span> 
     </span>
     <span class='ocr_line' id='line_1_31' title="bbox 232 2667 777 2736; baseline -0.011 -14"><span class='ocrx_word' id='word_1_155' title='bbox 232 2677 285 2723; x_wconf 76' lang='lat' dir='ltr'>otc.</span> <span class='ocrx_word' id='word_1_156' title='bbox 294 2671 327 2721; x_wconf 87' lang='lat' dir='ltr'>T.</span> <span class='ocrx_word' id='word_1_157' title='bbox 335 2670 372 2720; x_wconf 92' lang='lat' dir='ltr'>ll.</span> <span class='ocrx_word' id='word_1_158' title='bbox 380 2686 442 2736; x_wconf 88' lang='lat' dir='ltr'>pag.</span> <span class='ocrx_word' id='word_1_159' title='bbox 451 2668 698 2734; x_wconf 87' lang='lat' dir='ltr'>lOl)‚Herodotum</span> <span class='ocrx_word' id='word_1_160' title='bbox 709 2667 777 2717; x_wconf 80' lang='lat' dir='ltr'>liaeo</span> 
     </span>
     <span class='ocr_line' id='line_1_32' title="bbox 233 2738 776 2803; baseline -0.004 -13"><span class='ocrx_word' id='word_1_161' title='bbox 233 2741 266 2791; x_wconf 95' lang='lat' dir='ltr'>de</span> <span class='ocrx_word' id='word_1_162' title='bbox 279 2741 394 2791; x_wconf 79' lang='lat' dir='ltr'>Transis</span> <span class='ocrx_word' id='word_1_163' title='bbox 407 2755 502 2790; x_wconf 88' lang='lat' dir='ltr'>recens</span> <span class='ocrx_word' id='word_1_164' title='bbox 518 2744 600 2788; x_wconf 88' lang='lat' dir='ltr'>natos</span> <span class='ocrx_word' id='word_1_165' title='bbox 620 2738 776 2803; x_wconf 86' lang='lat' dir='ltr'>lugentibus</span> 
     </span>
     <span class='ocr_line' id='line_1_33' title="bbox 232 2808 776 2875; baseline -0.006 -15"><span class='ocrx_word' id='word_1_166' title='bbox 232 2811 396 2861; x_wconf 79' lang='lat' dir='ltr'>scribentem</span> <span class='ocrx_word' id='word_1_167' title='bbox 412 2825 461 2875; x_wconf 90' lang='lat' dir='ltr'>ea,</span> <span class='ocrx_word' id='word_1_168' title='bbox 482 2823 553 2873; x_wconf 86' lang='lat' dir='ltr'>quae</span> <span class='ocrx_word' id='word_1_169' title='bbox 568 2808 650 2872; x_wconf 86' lang='lat' dir='ltr'>pauci</span> <span class='ocrx_word' id='word_1_170' title='bbox 667 2809 776 2872; x_wconf 90' lang='lat' dir='ltr'>quidam</span> 
     </span>
     <span class='ocr_line' id='line_1_34' title="bbox 233 2877 777 2943; baseline -0.009 -11"><span class='ocrx_word' id='word_1_171' title='bbox 233 2881 265 2932; x_wconf 93' lang='lat' dir='ltr'>de</span> <span class='ocrx_word' id='word_1_172' title='bbox 285 2896 335 2931; x_wconf 88' lang='lat' dir='ltr'>sua</span> <span class='ocrx_word' id='word_1_173' title='bbox 355 2879 484 2931; x_wconf 89' lang='lat' dir='ltr'>libertate</span> <span class='ocrx_word' id='word_1_174' title='bbox 503 2877 695 2943; x_wconf 86' lang='lat' dir='ltr'>desperantes,</span> <span class='ocrx_word' id='word_1_175' title='bbox 716 2893 777 2927; x_wconf 88' lang='lat' dir='ltr'>eum</span> 
     </span>
    </p>
   </div>
   <div class='ocr_carea' id='block_1_6' title="bbox 146 2949 814 3009">
    <p class='ocr_par' dir='ltr' id='par_1_6' title="bbox 146 2949 814 3009">
     <span class='ocr_line' id='line_1_35' title="bbox 146 2949 814 3009; baseline -0.013 -3"><span class='ocrx_word' id='word_1_176' title='bbox 146 3000 149 3006; x_wconf 91' lang='lat'>.</span> <span class='ocrx_word' id='word_1_177' title='bbox 233 2952 327 3003; x_wconf 89' lang='lat' dir='ltr'>duram</span> <span class='ocrx_word' id='word_1_178' title='bbox 346 2949 685 3009; x_wconf 83' lang='lat' dir='ltr'>subiisseutserritutem,</span> <span class='ocrx_word' id='word_1_179' title='bbox 708 2949 780 2998; x_wconf 84' lang='lat' dir='ltr'>fece·</span> <span class='ocrx_word' id='word_1_180' title='bbox 810 2974 814 2981; x_wconf 90' lang='lat'><strong>·</strong></span> 
     </span>
    </p>
   </div>
   <div class='ocr_carea' id='block_1_7' title="bbox 180 3018 779 4478">
    <p class='ocr_par' dir='ltr' id='par_1_7' title="bbox 180 3018 779 4478">
     <span class='ocr_line' id='line_1_36' title="bbox 233 3018 778 3085; baseline -0.011 -13"><span class='ocrx_word' id='word_1_181' title='bbox 233 3023 304 3085; x_wconf 88' lang='lat' dir='ltr'>rint,</span> <span class='ocrx_word' id='word_1_182' title='bbox 341 3020 375 3070; x_wconf 86' lang='lat' dir='ltr'>ad</span> <span class='ocrx_word' id='word_1_183' title='bbox 402 3035 495 3070; x_wconf 89' lang='lat' dir='ltr'>omues</span> <span class='ocrx_word' id='word_1_184' title='bbox 518 3018 645 3069; x_wconf 89' lang='lat' dir='ltr'>retulisse</span> <span class='ocrx_word' id='word_1_185' title='bbox 673 3032 705 3067; x_wconf 87' lang='lat' dir='ltr'>ac</span> <span class='ocrx_word' id='word_1_186' title='bbox 729 3032 778 3082; x_wconf 91' lang='lat' dir='ltr'>pro</span> 
     </span>
     <span class='ocr_line' id='line_1_37' title="bbox 233 3087 779 3152; baseline -0.005 -11"><span class='ocrx_word' id='word_1_187' title='bbox 233 3092 319 3141; x_wconf 88' lang='lat' dir='ltr'>totius</span> <span class='ocrx_word' id='word_1_188' title='bbox 333 3091 423 3152; x_wconf 88' lang='lat' dir='ltr'>gentis</span> <span class='ocrx_word' id='word_1_189' title='bbox 433 3089 630 3139; x_wconf 86' lang='lat' dir='ltr'>cousuetudine</span> <span class='ocrx_word' id='word_1_190' title='bbox 641 3087 779 3151; x_wconf 86' lang='lat' dir='ltr'>habuisse,</span> 
     </span>
     <span class='ocr_line' id='line_1_38' title="bbox 233 3157 779 3225; baseline -0.005 -15"><span class='ocrx_word' id='word_1_191' title='bbox 233 3162 257 3211; x_wconf 90' lang='lat' dir='ltr'>is</span> <span class='ocrx_word' id='word_1_192' title='bbox 280 3159 403 3225; x_wconf 84' lang='lat' dir='ltr'>proiecto</span> <span class='ocrx_word' id='word_1_193' title='bbox 426 3176 442 3209; x_wconf 88' lang='grc' dir='ltr'>ιι</span> <span class='ocrx_word' id='word_1_194' title='bbox 458 3173 522 3208; x_wconf 89' lang='lat' dir='ltr'>vero</span> <span class='ocrx_word' id='word_1_195' title='bbox 538 3158 618 3221; x_wconf 85' lang='lat' dir='ltr'>longe</span> <span class='ocrx_word' id='word_1_196' title='bbox 635 3157 779 3207; x_wconf 85' lang='lat' dir='ltr'>aberrasse</span> 
     </span>
     <span class='ocr_line' id='line_1_39' title="bbox 233 3226 777 3290; baseline -0.011 -8"><span class='ocrx_word' id='word_1_197' title='bbox 233 3229 385 3282; x_wconf 87' lang='lat' dir='ltr'>censendus</span> <span class='ocrx_word' id='word_1_198' title='bbox 396 3233 447 3277; x_wconf 90' lang='lat' dir='ltr'>est.</span> <span class='ocrx_word' id='word_1_199' title='bbox 471 3226 589 3277; x_wconf 78' lang='lat' dir='ltr'>Afferam</span> <span class='ocrx_word' id='word_1_200' title='bbox 599 3227 715 3290; x_wconf 90' lang='lat' dir='ltr'>denique</span> <span class='ocrx_word' id='word_1_201' title='bbox 726 3228 747 3275; x_wconf 90' lang='grc' dir='ltr'>Ι</span> <span class='ocrx_word' id='word_1_202' title='bbox 750 3243 777 3276; x_wconf 91' lang='lat'>0·</span> 
     </span>
     <span class='ocr_line' id='line_1_40' title="bbox 234 3294 775 3361; baseline -0.015 -10"><span class='ocrx_word' id='word_1_203' title='bbox 234 3300 326 3350; x_wconf 86' lang='lat' dir='ltr'>beckii</span> <span class='ocrx_word' id='word_1_204' title='bbox 352 3297 565 3361; x_wconf 78' lang='lat' dir='ltr'>disputationem</span> <span class='ocrx_word' id='word_1_205' title='bbox 585 3294 775 3361; x_wconf 79' lang='lat' dir='ltr'>(Aglaophum.</span> 
     </span>
     <span class='ocr_line' id='line_1_41' title="bbox 234 3364 777 3435; baseline -0.007 -17"><span class='ocrx_word' id='word_1_206' title='bbox 234 3387 260 3435; x_wconf 92' lang='lat' dir='ltr'>p.</span> <span class='ocrx_word' id='word_1_207' title='bbox 276 3368 355 3431; x_wconf 81' lang='lat'>801),</span> <span class='ocrx_word' id='word_1_208' title='bbox 381 3367 428 3432; x_wconf 89' lang='lat' dir='ltr'>qui</span> <span class='ocrx_word' id='word_1_209' title='bbox 447 3382 479 3415; x_wconf 84' lang='lat' dir='ltr'>ex</span> <span class='ocrx_word' id='word_1_210' title='bbox 497 3364 549 3415; x_wconf 90' lang='lat' dir='ltr'>hoe</span> <span class='ocrx_word' id='word_1_211' title='bbox 563 3366 698 3415; x_wconf 86' lang='lat' dir='ltr'>Herodoti</span> <span class='ocrx_word' id='word_1_212' title='bbox 716 3366 777 3415; x_wconf 91' lang='lat' dir='ltr'>loco</span> 
     </span>
     <span class='ocr_line' id='line_1_42' title="bbox 234 3434 777 3500; baseline -0.009 -12"><span class='ocrx_word' id='word_1_213' title='bbox 234 3436 452 3488; x_wconf 81' lang='lat' dir='ltr'>immortalitatis</span> <span class='ocrx_word' id='word_1_214' title='bbox 466 3434 560 3495; x_wconf 84' lang='lat' dir='ltr'>tidem,</span> <span class='ocrx_word' id='word_1_215' title='bbox 575 3450 645 3500; x_wconf 90' lang='lat' dir='ltr'>quae</span> <span class='ocrx_word' id='word_1_216' title='bbox 660 3435 734 3499; x_wconf 87' lang='lat' dir='ltr'>apud</span> <span class='ocrx_word' id='word_1_217' title='bbox 745 3434 777 3483; x_wconf 92' lang='lat' dir='ltr'>il-</span> 
     </span>
     <span class='ocr_line' id='line_1_43' title="bbox 234 3472 779 3572; baseline -0.008 -14"><span class='ocrx_word' id='word_1_218' title='bbox 234 3516 287 3558; x_wconf 86' lang='lat' dir='ltr'>iam</span> <span class='ocrx_word' id='word_1_219' title='bbox 303 3512 410 3572; x_wconf 85' lang='lat' dir='ltr'>gentem</span> <span class='ocrx_word' id='word_1_220' title='bbox 427 3472 587 3567; x_wconf 73' lang='lat' dir='ltr'>invaluerit,</span> <span class='ocrx_word' id='word_1_221' title='bbox 606 3505 716 3554; x_wconf 89' lang='lat' dir='ltr'>minima</span> <span class='ocrx_word' id='word_1_222' title='bbox 733 3504 779 3554; x_wconf 90' lang='lat' dir='ltr'>de-</span> 
     </span>
     <span class='ocr_line' id='line_1_44' title="bbox 234 3574 779 3640; baseline -0.007 -12"><span class='ocrx_word' id='word_1_223' title='bbox 234 3579 381 3628; x_wconf 89' lang='lat' dir='ltr'>monstrari</span> <span class='ocrx_word' id='word_1_224' title='bbox 399 3591 480 3640; x_wconf 90' lang='lat' dir='ltr'>posse</span> <span class='ocrx_word' id='word_1_225' title='bbox 494 3574 646 3624; x_wconf 83' lang='lat' dir='ltr'>contendit.</span> <span class='ocrx_word' id='word_1_226' title='bbox 685 3574 758 3624; x_wconf 85' lang='lat' dir='ltr'>Nil&#39;</span> <span class='ocrx_word' id='word_1_227' title='bbox 750 3591 779 3624; x_wconf 91' lang='grc' dir='ltr'>ιιι</span> 
     </span>
     <span class='ocr_line' id='line_1_45' title="bbox 234 3644 779 3710; baseline -0.002 -14"><span class='ocrx_word' id='word_1_228' title='bbox 234 3648 277 3699; x_wconf 85' lang='lat' dir='ltr'>his</span> <span class='ocrx_word' id='word_1_229' title='bbox 304 3649 393 3697; x_wconf 87' lang='lat' dir='ltr'>inesse</span> <span class='ocrx_word' id='word_1_230' title='bbox 426 3661 505 3710; x_wconf 87' lang='lat' dir='ltr'>posse</span> <span class='ocrx_word' id='word_1_231' title='bbox 539 3645 581 3694; x_wconf 89' lang='lat' dir='ltr'>ait</span> <span class='ocrx_word' id='word_1_232' title='bbox 611 3644 779 3695; x_wconf 87' lang='lat' dir='ltr'>sublimioris</span> 
     </span>
     <span class='ocr_line' id='line_1_46' title="bbox 235 3715 775 3778; baseline -0.009 -10"><span class='ocrx_word' id='word_1_233' title='bbox 235 3717 392 3778; x_wconf 85' lang='lat' dir='ltr'>doctrinae,</span> <span class='ocrx_word' id='word_1_234' title='bbox 414 3716 493 3765; x_wconf 89' lang='lat' dir='ltr'>cuius</span> <span class='ocrx_word' id='word_1_235' title='bbox 510 3716 621 3778; x_wconf 87' lang='lat' dir='ltr'>ignaros</span> <span class='ocrx_word' id='word_1_236' title='bbox 643 3716 718 3764; x_wconf 85' lang='lat' dir='ltr'>vitae</span> <span class='ocrx_word' id='word_1_237' title='bbox 739 3715 775 3763; x_wconf 89' lang='lat' dir='ltr'>in·</span> 
     </span>
     <span class='ocr_line' id='line_1_47' title="bbox 235 3784 778 3853; baseline -0.006 -16"><span class='ocrx_word' id='word_1_238' title='bbox 235 3791 295 3853; x_wconf 86' lang='lat' dir='ltr'>opis</span> <span class='ocrx_word' id='word_1_239' title='bbox 314 3792 341 3836; x_wconf 92' lang='lat' dir='ltr'>et</span> <span class='ocrx_word' id='word_1_240' title='bbox 359 3788 477 3850; x_wconf 85' lang='lat' dir='ltr'>agrestis</span> <span class='ocrx_word' id='word_1_241' title='bbox 493 3784 633 3835; x_wconf 87' lang='lat' dir='ltr'>molestias</span> <span class='ocrx_word' id='word_1_242' title='bbox 646 3784 778 3835; x_wconf 83' lang='lat' dir='ltr'>indoctis·</span> 
     </span>
     <span class='ocr_line' id='line_1_48' title="bbox 180 3855 778 3921; baseline -0.003 -14"><span class='ocrx_word' id='word_1_243' title='bbox 180 3855 185 3870; x_wconf 92' lang='lat'>&#39;</span> <span class='ocrx_word' id='word_1_244' title='bbox 234 3859 303 3907; x_wconf 88' lang='lat' dir='ltr'>simo</span> <span class='ocrx_word' id='word_1_245' title='bbox 328 3856 427 3921; x_wconf 89' lang='lat' dir='ltr'>cuique</span> <span class='ocrx_word' id='word_1_246' title='bbox 451 3855 629 3920; x_wconf 83' lang='lat' dir='ltr'>gravissimas</span> <span class='ocrx_word' id='word_1_247' title='bbox 656 3856 778 3905; x_wconf 77' lang='lat' dir='ltr'>&#39;Pr-ausos</span> 
     </span>
     <span class='ocr_line' id='line_1_49' title="bbox 233 3924 779 3987; baseline -0.004 -11"><span class='ocrx_word' id='word_1_248' title='bbox 233 3927 293 3978; x_wconf 83' lang='lat' dir='ltr'>vult</span> <span class='ocrx_word' id='word_1_249' title='bbox 304 3925 472 3976; x_wconf 85' lang='lat' dir='ltr'>muliebriter</span> <span class='ocrx_word' id='word_1_250' title='bbox 483 3924 594 3987; x_wconf 79' lang='lat' dir='ltr'>luxisse,</span> <span class='ocrx_word' id='word_1_251' title='bbox 606 3929 718 3975; x_wconf 91' lang='lat' dir='ltr'>mortem</span> <span class='ocrx_word' id='word_1_252' title='bbox 729 3940 779 3974; x_wconf 90' lang='lat' dir='ltr'>au-</span> 
     </span>
     <span class='ocr_line' id='line_1_50' title="bbox 234 3994 778 4063; baseline -0.009 -14"><span class='ocrx_word' id='word_1_253' title='bbox 234 4003 303 4061; x_wconf 89' lang='lat' dir='ltr'>tem,</span> <span class='ocrx_word' id='word_1_254' title='bbox 324 4012 394 4063; x_wconf 85' lang='lat' dir='ltr'>quaa</span> <span class='ocrx_word' id='word_1_255' title='bbox 408 3994 533 4047; x_wconf 90' lang='lat' dir='ltr'>omnibus</span> <span class='ocrx_word' id='word_1_256' title='bbox 546 3994 735 4046; x_wconf 89' lang='lat' dir='ltr'>liberationem</span> <span class='ocrx_word' id='word_1_257' title='bbox 749 3999 778 4044; x_wconf 92' lang='lat' dir='ltr'>et</span> 
     </span>
     <span class='ocr_line' id='line_1_51' title="bbox 233 4065 777 4129; baseline -0.004 -12"><span class='ocrx_word' id='word_1_258' title='bbox 233 4069 400 4119; x_wconf 85' lang='lat' dir='ltr'>vacuitatem</span> <span class='ocrx_word' id='word_1_259' title='bbox 421 4065 560 4129; x_wconf 88' lang='lat' dir='ltr'>dolorum,</span> <span class='ocrx_word' id='word_1_260' title='bbox 584 4065 687 4117; x_wconf 87' lang='lat' dir='ltr'>meritis</span> <span class='ocrx_word' id='word_1_261' title='bbox 712 4081 777 4115; x_wconf 84' lang='lat' dir='ltr'>vero</span> 
     </span>
     <span class='ocr_line' id='line_1_52' title="bbox 234 4135 776 4202; baseline -0.006 -13"><span class='ocrx_word' id='word_1_262' title='bbox 234 4143 381 4202; x_wconf 87' lang='lat' dir='ltr'>perpetuas</span> <span class='ocrx_word' id='word_1_263' title='bbox 405 4137 530 4186; x_wconf 87' lang='lat' dir='ltr'>lautitias</span> <span class='ocrx_word' id='word_1_264' title='bbox 553 4141 581 4185; x_wconf 90' lang='lat' dir='ltr'>et</span> <span class='ocrx_word' id='word_1_265' title='bbox 609 4135 776 4187; x_wconf 82' lang='lat' dir='ltr'>festivitates</span> 
     </span>
     <span class='ocr_line' id='line_1_53' title="bbox 235 4205 779 4268; baseline -0.002 -12"><span class='ocrx_word' id='word_1_266' title='bbox 235 4208 332 4258; x_wconf 84' lang='lat' dir='ltr'>afferre</span> <span class='ocrx_word' id='word_1_267' title='bbox 347 4205 505 4268; x_wconf 82' lang='lat' dir='ltr'>rideretur,</span> <span class='ocrx_word' id='word_1_268' title='bbox 523 4206 603 4257; x_wconf 90' lang='lat' dir='ltr'>laetis</span> <span class='ocrx_word' id='word_1_269' title='bbox 621 4207 693 4257; x_wconf 85' lang='lat' dir='ltr'>votis</span> <span class='ocrx_word' id='word_1_270' title='bbox 710 4206 779 4257; x_wconf 91' lang='lat' dir='ltr'>omi-</span> 
     </span>
     <span class='ocr_line' id='line_1_54' title="bbox 234 4277 778 4341; baseline 0.004 -16"><span class='ocrx_word' id='word_1_271' title='bbox 234 4277 367 4341; x_wconf 87' lang='lat' dir='ltr'>nibusque</span> <span class='ocrx_word' id='word_1_272' title='bbox 378 4281 536 4340; x_wconf 83' lang='lat' dir='ltr'>prosecutos</span> <span class='ocrx_word' id='word_1_273' title='bbox 547 4291 614 4326; x_wconf 87' lang='lat' dir='ltr'>esse.</span> <span class='ocrx_word' id='word_1_274' title='bbox 628 4278 778 4338; x_wconf 76' lang='lat' dir='ltr'>Quaeuum</span> 
     </span>
     <span class='ocr_line' id='line_1_55' title="bbox 234 4344 777 4410; baseline 0.004 -17"><span class='ocrx_word' id='word_1_275' title='bbox 234 4360 298 4396; x_wconf 86' lang='lat' dir='ltr'>vere</span> <span class='ocrx_word' id='word_1_276' title='bbox 310 4360 421 4410; x_wconf 88' lang='lat' dir='ltr'>prorsus</span> <span class='ocrx_word' id='word_1_277' title='bbox 431 4346 486 4394; x_wconf 90' lang='lat' dir='ltr'>siut</span> <span class='ocrx_word' id='word_1_278' title='bbox 498 4344 652 4410; x_wconf 80' lang='lat' dir='ltr'>disputata,</span> <span class='ocrx_word' id='word_1_279' title='bbox 667 4347 727 4410; x_wconf 90' lang='lat' dir='ltr'>ipse</span> <span class='ocrx_word' id='word_1_280' title='bbox 737 4346 777 4398; x_wconf 88' lang='lat' dir='ltr'>vi-</span> 
     </span>
     <span class='ocr_line' id='line_1_56' title="bbox 234 4414 778 4478; baseline 0 -13"><span class='ocrx_word' id='word_1_281' title='bbox 234 4414 305 4466; x_wconf 89' lang='lat' dir='ltr'>derit</span> <span class='ocrx_word' id='word_1_282' title='bbox 313 4417 354 4468; x_wconf 85' lang='lat' dir='ltr'>vir</span> <span class='ocrx_word' id='word_1_283' title='bbox 363 4416 549 4478; x_wconf 60' lang='lat' dir='ltr'>doctissimum</span> <span class='ocrx_word' id='word_1_284' title='bbox 568 4415 620 4466; x_wconf 93' lang='lat' dir='ltr'>hoc</span> <span class='ocrx_word' id='word_1_285' title='bbox 631 4431 694 4466; x_wconf 89' lang='lat' dir='ltr'>vero</span> <span class='ocrx_word' id='word_1_286' title='bbox 707 4417 778 4468; x_wconf 89' lang='lat' dir='ltr'>idem</span> 
     </span>
    </p>
   </div>
   <div class='ocr_carea' id='block_1_8' title="bbox 813 709 1400 4484">
    <p class='ocr_par' dir='ltr' id='par_1_8' title="bbox 813 709 1374 2945">
     <span class='ocr_line' id='line_1_57' title="bbox 813 709 1361 776; baseline -0.006 -13"><span class='ocrx_word' id='word_1_287' title='bbox 813 716 887 763; x_wconf 86' lang='lat' dir='ltr'>reete</span> <span class='ocrx_word' id='word_1_288' title='bbox 902 725 1011 762; x_wconf 88' lang='lat' dir='ltr'>monere</span> <span class='ocrx_word' id='word_1_289' title='bbox 1027 709 1104 761; x_wconf 86' lang='lat' dir='ltr'>videt</span> <span class='ocrx_word' id='word_1_290' title='bbox 1093 714 1137 762; x_wconf 88' lang='lat' dir='ltr'>ur</span> <span class='ocrx_word' id='word_1_291' title='bbox 1152 709 1171 761; x_wconf 98' lang='lat' dir='ltr'>l</span> <span class='ocrx_word' id='word_1_292' title='bbox 1184 710 1202 760; x_wconf 94' lang='lat' dir='ltr'>l.</span> <span class='ocrx_word' id='word_1_293' title='bbox 1219 725 1283 776; x_wconf 84' lang='lat' dir='ltr'>pag.</span> <span class='ocrx_word' id='word_1_294' title='bbox 1298 709 1361 772; x_wconf 80' lang='grc'><strong>804,</strong></span> 
     </span>
     <span class='ocr_line' id='line_1_58' title="bbox 815 777 1363 845; baseline -0.013 -11"><span class='ocrx_word' id='word_1_295' title='bbox 815 788 922 834; x_wconf 88' lang='lat' dir='ltr'>veteres</span> <span class='ocrx_word' id='word_1_296' title='bbox 948 780 1153 845; x_wconf 85' lang='lat' dir='ltr'>ethnographos</span> <span class='ocrx_word' id='word_1_297' title='bbox 1179 784 1206 830; x_wconf 88' lang='lat' dir='ltr'>et</span> <span class='ocrx_word' id='word_1_298' title='bbox 1234 777 1363 844; x_wconf 73' lang='lat' dir='ltr'>cuprumv</span> 
     </span>
     <span class='ocr_line' id='line_1_59' title="bbox 815 849 1365 921; baseline 0 -21"><span class='ocrx_word' id='word_1_299' title='bbox 815 849 996 921; x_wconf 74' lang='grc' dir='ltr'>βαρβαρικῶν</span> <span class='ocrx_word' id='word_1_300' title='bbox 1015 850 1161 903; x_wconf 85' lang='lat' dir='ltr'>collatores</span> <span class='ocrx_word' id='word_1_301' title='bbox 1181 851 1303 915; x_wconf 86' lang='lat' dir='ltr'>gentium</span> <span class='ocrx_word' id='word_1_302' title='bbox 1319 865 1365 901; x_wconf 84' lang='lat' dir='ltr'>ex-</span> 
     </span>
     <span class='ocr_line' id='line_1_60' title="bbox 815 921 1360 987; baseline -0.007 -13"><span class='ocrx_word' id='word_1_303' title='bbox 815 931 937 974; x_wconf 87' lang='lat' dir='ltr'>terarum</span> <span class='ocrx_word' id='word_1_304' title='bbox 962 921 1093 971; x_wconf 78' lang='lat' dir='ltr'>instituta</span> <span class='ocrx_word' id='word_1_305' title='bbox 1111 936 1241 987; x_wconf 89' lang='lat' dir='ltr'>persaepe</span> <span class='ocrx_word' id='word_1_306' title='bbox 1261 936 1294 971; x_wconf 81' lang='lat' dir='ltr'>ex</span> <span class='ocrx_word' id='word_1_307' title='bbox 1311 935 1360 971; x_wconf 89' lang='lat' dir='ltr'>suo</span> 
     </span>
     <span class='ocr_line' id='line_1_61' title="bbox 817 991 1365 1073; baseline -0.011 -28"><span class='ocrx_word' id='word_1_308' title='bbox 817 1008 898 1045; x_wconf 90' lang='lat' dir='ltr'>sensu</span> <span class='ocrx_word' id='word_1_309' title='bbox 911 993 1107 1073; x_wconf 89' lang='lat' dir='ltr'>interpretatos</span> <span class='ocrx_word' id='word_1_310' title='bbox 1121 1008 1181 1043; x_wconf 82' lang='lat' dir='ltr'>esse</span> <span class='ocrx_word' id='word_1_311' title='bbox 1197 991 1365 1055; x_wconf 83' lang='lat' dir='ltr'>eandemque</span> 
     </span>
     <span class='ocr_line' id='line_1_62' title="bbox 817 1061 1365 1116; baseline -0.011 -1"><span class='ocrx_word' id='word_1_312' title='bbox 817 1063 994 1116; x_wconf 87' lang='lat' dir='ltr'>cautionem</span> <span class='ocrx_word' id='word_1_313' title='bbox 987 1077 1016 1111; x_wconf 90' lang='grc' dir='ltr'>ιιι</span> <span class='ocrx_word' id='word_1_314' title='bbox 1028 1061 1167 1113; x_wconf 88' lang='lat' dir='ltr'>Herodoto</span> <span class='ocrx_word' id='word_1_315' title='bbox 1182 1061 1365 1111; x_wconf 88' lang='lat' dir='ltr'>adhibendam</span> 
     </span>
     <span class='ocr_line' id='line_1_63' title="bbox 816 1130 1366 1196; baseline -0.011 -10"><span class='ocrx_word' id='word_1_316' title='bbox 816 1150 894 1196; x_wconf 91' lang='lat' dir='ltr'>esse,</span> <span class='ocrx_word' id='word_1_317' title='bbox 915 1148 976 1182; x_wconf 90' lang='lat' dir='ltr'>eum</span> <span class='ocrx_word' id='word_1_318' title='bbox 994 1134 1155 1196; x_wconf 86' lang='lat' dir='ltr'>praesertim</span> <span class='ocrx_word' id='word_1_319' title='bbox 1175 1136 1297 1194; x_wconf 81' lang='lat' dir='ltr'>constet,</span> <span class='ocrx_word' id='word_1_320' title='bbox 1317 1130 1366 1180; x_wconf 93' lang='lat' dir='ltr'>ho-</span> 
     </span>
     <span class='ocr_line' id='line_1_64' title="bbox 818 1200 1365 1254; baseline -0.005 -1"><span class='ocrx_word' id='word_1_321' title='bbox 818 1205 919 1254; x_wconf 89' lang='lat' dir='ltr'>minum</span> <span class='ocrx_word' id='word_1_322' title='bbox 947 1203 1065 1252; x_wconf 84' lang='lat' dir='ltr'>ferorum</span> <span class='ocrx_word' id='word_1_323' title='bbox 1086 1202 1207 1253; x_wconf 82' lang='lat' dir='ltr'>lamenta</span> <span class='ocrx_word' id='word_1_324' title='bbox 1228 1208 1256 1253; x_wconf 90' lang='lat' dir='ltr'>et</span> <span class='ocrx_word' id='word_1_325' title='bbox 1277 1200 1365 1250; x_wconf 89' lang='lat' dir='ltr'>iubila</span> 
     </span>
     <span class='ocr_line' id='line_1_65' title="bbox 818 1270 1365 1338; baseline -0.009 -12"><span class='ocrx_word' id='word_1_326' title='bbox 818 1280 876 1326; x_wconf 89' lang='lat' dir='ltr'>tarn</span> <span class='ocrx_word' id='word_1_327' title='bbox 889 1272 943 1338; x_wconf 88' lang='lat' dir='ltr'>sibi</span> <span class='ocrx_word' id='word_1_328' title='bbox 955 1270 1035 1322; x_wconf 90' lang='lat' dir='ltr'>simili</span> <span class='ocrx_word' id='word_1_329' title='bbox 1046 1271 1151 1322; x_wconf 86' lang='lat' dir='ltr'>barritu</span> <span class='ocrx_word' id='word_1_330' title='bbox 1161 1271 1265 1334; x_wconf 86' lang='lat' dir='ltr'>efferri,</span> <span class='ocrx_word' id='word_1_331' title='bbox 1280 1275 1312 1320; x_wconf 87' lang='lat' dir='ltr'>ut</span> <span class='ocrx_word' id='word_1_332' title='bbox 1326 1270 1365 1321; x_wconf 88' lang='lat' dir='ltr'>lu-</span> 
     </span>
     <span class='ocr_line' id='line_1_66' title="bbox 820 1340 1365 1411; baseline -0.011 -18"><span class='ocrx_word' id='word_1_333' title='bbox 820 1348 904 1411; x_wconf 86' lang='lat' dir='ltr'>geant</span> <span class='ocrx_word' id='word_1_334' title='bbox 921 1359 958 1392; x_wconf 90' lang='lat' dir='ltr'>an</span> <span class='ocrx_word' id='word_1_335' title='bbox 977 1341 1127 1404; x_wconf 82' lang='lat' dir='ltr'>laetentur,</span> <span class='ocrx_word' id='word_1_336' title='bbox 1148 1357 1230 1407; x_wconf 86' lang='lat' dir='ltr'>saepe</span> <span class='ocrx_word' id='word_1_337' title='bbox 1242 1340 1365 1407; x_wconf 82' lang='lat' dir='ltr'>dignosci</span> 
     </span>
     <span class='ocr_line' id='line_1_67' title="bbox 821 1412 1367 1478; baseline -0.005 -14"><span class='ocrx_word' id='word_1_338' title='bbox 821 1418 947 1478; x_wconf 91' lang='lat' dir='ltr'>nequeat.</span> <span class='ocrx_word' id='word_1_339' title='bbox 970 1412 1045 1461; x_wconf 91' lang='lat' dir='ltr'>ldem</span> <span class='ocrx_word' id='word_1_340' title='bbox 1055 1413 1152 1462; x_wconf 84' lang='lat' dir='ltr'>similis</span> <span class='ocrx_word' id='word_1_341' title='bbox 1163 1412 1245 1461; x_wconf 88' lang='lat' dir='ltr'>moris</span> <span class='ocrx_word' id='word_1_342' title='bbox 1255 1414 1367 1461; x_wconf 88' lang='lat' dir='ltr'>rituum-</span> 
     </span>
     <span class='ocr_line' id='line_1_68' title="bbox 822 1480 1368 1550; baseline -0.007 -16"><span class='ocrx_word' id='word_1_343' title='bbox 822 1500 873 1550; x_wconf 91' lang='lat' dir='ltr'>que</span> <span class='ocrx_word' id='word_1_344' title='bbox 887 1480 1011 1545; x_wconf 86' lang='lat' dir='ltr'>exempla</span> <span class='ocrx_word' id='word_1_345' title='bbox 1023 1482 1103 1533; x_wconf 85' lang='lat' dir='ltr'>affert</span> <span class='ocrx_word' id='word_1_346' title='bbox 1119 1499 1133 1533; x_wconf 93' lang='lat' dir='ltr'>e</span> <span class='ocrx_word' id='word_1_347' title='bbox 1146 1483 1292 1547; x_wconf 83' lang='lat' dir='ltr'>Nigrorum</span> <span class='ocrx_word' id='word_1_348' title='bbox 1303 1496 1368 1547; x_wconf 87' lang='lat' dir='ltr'>gen·</span> 
     </span>
     <span class='ocr_line' id='line_1_69' title="bbox 821 1552 1369 1618; baseline -0.007 -14"><span class='ocrx_word' id='word_1_349' title='bbox 821 1555 897 1604; x_wconf 84' lang='lat' dir='ltr'>tibus</span> <span class='ocrx_word' id='word_1_350' title='bbox 914 1552 1111 1618; x_wconf 76' lang='lat' dir='ltr'>Americaeque</span> <span class='ocrx_word' id='word_1_351' title='bbox 1134 1553 1292 1603; x_wconf 85' lang='lat' dir='ltr'>nationibus</span> <span class='ocrx_word' id='word_1_352' title='bbox 1312 1567 1369 1600; x_wconf 86' lang='lat' dir='ltr'>ma·</span> 
     </span>
     <span class='ocr_line' id='line_1_70' title="bbox 822 1621 1367 1686; baseline -0.002 -13"><span class='ocrx_word' id='word_1_353' title='bbox 822 1625 895 1674; x_wconf 83' lang='lat' dir='ltr'>xime</span> <span class='ocrx_word' id='word_1_354' title='bbox 917 1621 1039 1672; x_wconf 89' lang='lat' dir='ltr'>rudibus.</span> <span class='ocrx_word' id='word_1_355' title='bbox 1077 1624 1119 1673; x_wconf 91' lang='lat' dir='ltr'>De</span> <span class='ocrx_word' id='word_1_356' title='bbox 1138 1622 1258 1672; x_wconf 87' lang='lat' dir='ltr'>Thracia</span> <span class='ocrx_word' id='word_1_357' title='bbox 1276 1625 1367 1686; x_wconf 86' lang='lat' dir='ltr'>gente,</span> 
     </span>
     <span class='ocr_line' id='line_1_71' title="bbox 823 1690 1368 1758; baseline -0.006 -15"><span class='ocrx_word' id='word_1_358' title='bbox 823 1692 895 1758; x_wconf 87' lang='lat' dir='ltr'>apud</span> <span class='ocrx_word' id='word_1_359' title='bbox 909 1707 991 1757; x_wconf 91' lang='lat' dir='ltr'>quam</span> <span class='ocrx_word' id='word_1_360' title='bbox 1010 1692 1079 1742; x_wconf 88' lang='lat' dir='ltr'>talia</span> <span class='ocrx_word' id='word_1_361' title='bbox 1095 1690 1245 1743; x_wconf 85' lang='lat' dir='ltr'>invaluisse</span> <span class='ocrx_word' id='word_1_362' title='bbox 1261 1693 1300 1740; x_wconf 85' lang='lat' dir='ltr'>ait</span> <span class='ocrx_word' id='word_1_363' title='bbox 1311 1692 1368 1741; x_wconf 89' lang='lat' dir='ltr'>He-</span> 
     </span>
     <span class='ocr_line' id='line_1_72' title="bbox 822 1760 1368 1823; baseline -0.002 -9"><span class='ocrx_word' id='word_1_364' title='bbox 822 1762 946 1823; x_wconf 88' lang='lat' dir='ltr'>rodotus,</span> <span class='ocrx_word' id='word_1_365' title='bbox 958 1762 1257 1813; x_wconf 72' lang='lat' dir='ltr'>testanturrlrnobiusr</span> <span class='ocrx_word' id='word_1_366' title='bbox 1272 1760 1368 1813; x_wconf 87' lang='lat' dir='ltr'>Detid.</span> 
     </span>
     <span class='ocr_line' id='line_1_73' title="bbox 823 1831 1368 1896; baseline -0.004 -13"><span class='ocrx_word' id='word_1_367' title='bbox 823 1838 969 1883; x_wconf 84' lang='lat' dir='ltr'>resurrect.</span> <span class='ocrx_word' id='word_1_368' title='bbox 985 1832 1018 1884; x_wconf 90' lang='lat' dir='ltr'>T.</span> <span class='ocrx_word' id='word_1_369' title='bbox 1034 1831 1085 1881; x_wconf 88' lang='lat'>111.</span> <span class='ocrx_word' id='word_1_370' title='bbox 1099 1848 1126 1896; x_wconf 89' lang='lat' dir='ltr'>p.</span> <span class='ocrx_word' id='word_1_371' title='bbox 1136 1834 1171 1882; x_wconf 70' lang='lat'>24</span> <span class='ocrx_word' id='word_1_372' title='bbox 1186 1838 1226 1893; x_wconf 91' lang='lat' dir='ltr'>et,</span> <span class='ocrx_word' id='word_1_373' title='bbox 1244 1831 1368 1883; x_wconf 88' lang='lat' dir='ltr'>Herodo-</span> 
     </span>
     <span class='ocr_line' id='line_1_74' title="bbox 823 1902 1368 1967; baseline -0.006 -14"><span class='ocrx_word' id='word_1_374' title='bbox 823 1909 882 1962; x_wconf 89' lang='lat' dir='ltr'>tea,</span> <span class='ocrx_word' id='word_1_375' title='bbox 900 1903 1011 1966; x_wconf 88' lang='lat' dir='ltr'>opinor,</span> <span class='ocrx_word' id='word_1_376' title='bbox 1031 1903 1181 1967; x_wconf 88' lang='lat' dir='ltr'>respiciens</span> <span class='ocrx_word' id='word_1_377' title='bbox 1196 1902 1269 1951; x_wconf 86' lang='lat' dir='ltr'>Mela</span> <span class='ocrx_word' id='word_1_378' title='bbox 1283 1902 1329 1964; x_wconf 90' lang='lat' dir='ltr'>ll,</span> <span class='ocrx_word' id='word_1_379' title='bbox 1343 1903 1368 1950; x_wconf 78' lang='lat'>2.</span> 
     </span>
     <span class='ocr_line' id='line_1_75' title="bbox 823 1971 1370 2037; baseline -0.004 -15"><span class='ocrx_word' id='word_1_380' title='bbox 823 1978 847 2037; x_wconf 67' lang='lat'>§-</span> <span class='ocrx_word' id='word_1_381' title='bbox 862 1971 890 2022; x_wconf 83' lang='lat'>3:</span> <span class='ocrx_word' id='word_1_382' title='bbox 915 1972 1053 2034; x_wconf 81' lang='lat' dir='ltr'>„Quidam</span> <span class='ocrx_word' id='word_1_383' title='bbox 1067 1972 1118 2022; x_wconf 84' lang='lat' dir='ltr'>feri</span> <span class='ocrx_word' id='word_1_384' title='bbox 1131 1976 1197 2021; x_wconf 90' lang='lat' dir='ltr'>suut</span> <span class='ocrx_word' id='word_1_385' title='bbox 1210 1977 1237 2022; x_wconf 91' lang='lat' dir='ltr'>et</span> <span class='ocrx_word' id='word_1_386' title='bbox 1250 1972 1287 2022; x_wconf 89' lang='lat' dir='ltr'>ad</span> <span class='ocrx_word' id='word_1_387' title='bbox 1300 1988 1370 2020; x_wconf 92' lang='lat' dir='ltr'>mor-</span> 
     </span>
     <span class='ocr_line' id='line_1_76' title="bbox 825 2041 1370 2107; baseline -0.006 -13"><span class='ocrx_word' id='word_1_388' title='bbox 825 2049 880 2094; x_wconf 86' lang='lat' dir='ltr'>tem</span> <span class='ocrx_word' id='word_1_389' title='bbox 898 2041 1081 2107; x_wconf 85' lang='lat' dir='ltr'>paratissimi,</span> <span class='ocrx_word' id='word_1_390' title='bbox 1103 2042 1190 2093; x_wconf 83' lang='lat' dir='ltr'>Getae</span> <span class='ocrx_word' id='word_1_391' title='bbox 1205 2041 1308 2106; x_wconf 91' lang='lat' dir='ltr'>utique.</span> <span class='ocrx_word' id='word_1_392' title='bbox 1337 2041 1370 2091; x_wconf 93' lang='lat' dir='ltr'>Id</span> 
     </span>
     <span class='ocr_line' id='line_1_77' title="bbox 825 2111 1370 2177; baseline -0.002 -15"><span class='ocrx_word' id='word_1_393' title='bbox 825 2113 902 2162; x_wconf 85' lang='lat' dir='ltr'>varia</span> <span class='ocrx_word' id='word_1_394' title='bbox 918 2112 1011 2177; x_wconf 88' lang='lat' dir='ltr'>opinio</span> <span class='ocrx_word' id='word_1_395' title='bbox 1032 2111 1151 2176; x_wconf 78' lang='lat' dir='ltr'>perlicit3</span> <span class='ocrx_word' id='word_1_396' title='bbox 1176 2111 1221 2160; x_wconf 86' lang='lat' dir='ltr'>alii</span> <span class='ocrx_word' id='word_1_397' title='bbox 1234 2112 1370 2161; x_wconf 80' lang='lat' dir='ltr'>redituras</span> 
     </span>
     <span class='ocr_line' id='line_1_78' title="bbox 826 2180 1371 2248; baseline -0.002 -17"><span class='ocrx_word' id='word_1_398' title='bbox 826 2186 926 2248; x_wconf 90' lang='lat' dir='ltr'>putant</span> <span class='ocrx_word' id='word_1_399' title='bbox 938 2182 1043 2231; x_wconf 88' lang='lat' dir='ltr'>animus</span> <span class='ocrx_word' id='word_1_400' title='bbox 1059 2182 1230 2232; x_wconf 85' lang='lat' dir='ltr'>obeuntium:</span> <span class='ocrx_word' id='word_1_401' title='bbox 1256 2180 1305 2231; x_wconf 91' lang='lat' dir='ltr'>alii</span> <span class='ocrx_word' id='word_1_402' title='bbox 1316 2181 1371 2232; x_wconf 83' lang='lat' dir='ltr'>etsi</span> 
     </span>
     <span class='ocr_line' id='line_1_79' title="bbox 827 2252 1368 2317; baseline -0.004 -15"><span class='ocrx_word' id='word_1_403' title='bbox 827 2267 881 2302; x_wconf 89' lang='lat' dir='ltr'>non</span> <span class='ocrx_word' id='word_1_404' title='bbox 904 2252 1031 2311; x_wconf 86' lang='lat' dir='ltr'>redeant,</span> <span class='ocrx_word' id='word_1_405' title='bbox 1051 2268 1105 2302; x_wconf 90' lang='lat' dir='ltr'>non</span> <span class='ocrx_word' id='word_1_406' title='bbox 1126 2253 1249 2317; x_wconf 79' lang='lat' dir='ltr'>extingui</span> <span class='ocrx_word' id='word_1_407' title='bbox 1267 2257 1368 2314; x_wconf 87' lang='lat' dir='ltr'>tamen,</span> 
     </span>
     <span class='ocr_line' id='line_1_80' title="bbox 829 2320 1373 2373; baseline -0.004 -1"><span class='ocrx_word' id='word_1_408' title='bbox 829 2320 876 2372; x_wconf 88' lang='lat' dir='ltr'>sed</span> <span class='ocrx_word' id='word_1_409' title='bbox 887 2321 922 2369; x_wconf 87' lang='lat' dir='ltr'>ad</span> <span class='ocrx_word' id='word_1_410' title='bbox 936 2321 1062 2371; x_wconf 86' lang='lat' dir='ltr'>beatiora</span> <span class='ocrx_word' id='word_1_411' title='bbox 1076 2323 1206 2373; x_wconf 87' lang='lat' dir='ltr'>transire:</span> <span class='ocrx_word' id='word_1_412' title='bbox 1226 2321 1275 2371; x_wconf 92' lang='lat' dir='ltr'>alii</span> <span class='ocrx_word' id='word_1_413' title='bbox 1287 2325 1373 2372; x_wconf 89' lang='lat' dir='ltr'>emori</span> 
     </span>
     <span class='ocr_line' id='line_1_81' title="bbox 828 2390 1373 2456; baseline -0.002 -15"><span class='ocrx_word' id='word_1_414' title='bbox 828 2390 946 2456; x_wconf 84' lang='lat' dir='ltr'>quidem,</span> <span class='ocrx_word' id='word_1_415' title='bbox 965 2390 1013 2440; x_wconf 87' lang='lat' dir='ltr'>sed</span> <span class='ocrx_word' id='word_1_416' title='bbox 1024 2392 1050 2441; x_wconf 93' lang='lat' dir='ltr'>id</span> <span class='ocrx_word' id='word_1_417' title='bbox 1065 2391 1159 2442; x_wconf 89' lang='lat' dir='ltr'>melius</span> <span class='ocrx_word' id='word_1_418' title='bbox 1169 2407 1319 2456; x_wconf 83' lang='lat' dir='ltr'>essequam</span> <span class='ocrx_word' id='word_1_419' title='bbox 1332 2392 1373 2441; x_wconf 85' lang='lat' dir='ltr'>vi-</span> 
     </span>
     <span class='ocr_line' id='line_1_82' title="bbox 827 2460 1373 2527; baseline -0.002 -15"><span class='ocrx_word' id='word_1_420' title='bbox 827 2476 899 2512; x_wconf 84' lang='lat' dir='ltr'>vere.</span> <span class='ocrx_word' id='word_1_421' title='bbox 933 2460 1034 2524; x_wconf 88' lang='lat' dir='ltr'>Itaque</span> <span class='ocrx_word' id='word_1_422' title='bbox 1053 2460 1182 2526; x_wconf 84' lang='lat' dir='ltr'>lugentur</span> <span class='ocrx_word' id='word_1_423' title='bbox 1199 2464 1271 2527; x_wconf 84' lang='lat' dir='ltr'>apud</span> <span class='ocrx_word' id='word_1_424' title='bbox 1291 2476 1373 2527; x_wconf 87' lang='lat' dir='ltr'>quos-</span> 
     </span>
     <span class='ocr_line' id='line_1_83' title="bbox 827 2531 1373 2599; baseline 0.002 -18"><span class='ocrx_word' id='word_1_425' title='bbox 827 2531 890 2581; x_wconf 80' lang='lat' dir='ltr'>dam</span> <span class='ocrx_word' id='word_1_426' title='bbox 910 2531 1067 2595; x_wconf 89' lang='lat' dir='ltr'>puerperia,</span> <span class='ocrx_word' id='word_1_427' title='bbox 1091 2533 1205 2599; x_wconf 87' lang='lat' dir='ltr'>natique</span> <span class='ocrx_word' id='word_1_428' title='bbox 1225 2531 1373 2582; x_wconf 85' lang='lat' dir='ltr'>deflentur:</span> 
     </span>
     <span class='ocr_line' id='line_1_84' title="bbox 826 2602 1374 2654; baseline 0.004 -4"><span class='ocrx_word' id='word_1_429' title='bbox 826 2602 924 2653; x_wconf 86' lang='lat' dir='ltr'>funera</span> <span class='ocrx_word' id='word_1_430' title='bbox 944 2606 1041 2651; x_wconf 91' lang='lat' dir='ltr'>contra</span> <span class='ocrx_word' id='word_1_431' title='bbox 1059 2602 1132 2653; x_wconf 84' lang='lat' dir='ltr'>festa</span> <span class='ocrx_word' id='word_1_432' title='bbox 1157 2607 1269 2654; x_wconf 88' lang='lat' dir='ltr'>suntet</span> <span class='ocrx_word' id='word_1_433' title='bbox 1289 2603 1374 2653; x_wconf 87' lang='lat' dir='ltr'>veluti</span> 
     </span>
     <span class='ocr_line' id='line_1_85' title="bbox 827 2671 1372 2738; baseline -0.002 -16"><span class='ocrx_word' id='word_1_434' title='bbox 827 2687 907 2723; x_wconf 84' lang='lat' dir='ltr'>saera</span> <span class='ocrx_word' id='word_1_435' title='bbox 927 2676 1012 2720; x_wconf 85' lang='lat' dir='ltr'>cantu</span> <span class='ocrx_word' id='word_1_436' title='bbox 1033 2671 1146 2738; x_wconf 84' lang='lat' dir='ltr'>lusuque</span> <span class='ocrx_word' id='word_1_437' title='bbox 1170 2672 1372 2723; x_wconf 79' lang='lat' dir='ltr'>celebrantur.‘⁴</span> 
     </span>
     <span class='ocr_line' id='line_1_86' title="bbox 828 2740 1373 2806; baseline 0.004 -15"><span class='ocrx_word' id='word_1_438' title='bbox 828 2742 869 2791; x_wconf 85' lang='lat' dir='ltr'>Ad</span> <span class='ocrx_word' id='word_1_439' title='bbox 892 2757 970 2806; x_wconf 90' lang='lat' dir='ltr'>quern</span> <span class='ocrx_word' id='word_1_440' title='bbox 993 2740 1083 2792; x_wconf 90' lang='lat' dir='ltr'>locum</span> <span class='ocrx_word' id='word_1_441' title='bbox 1103 2743 1140 2793; x_wconf 81' lang='lat' dir='ltr'>ef.</span> <span class='ocrx_word' id='word_1_442' title='bbox 1159 2743 1321 2793; x_wconf 81' lang='lat' dir='ltr'>&#39;l&#39;zschuelre</span> <span class='ocrx_word' id='word_1_443' title='bbox 1344 2746 1373 2794; x_wconf 89' lang='lat' dir='ltr'>in</span> 
     </span>
     <span class='ocr_line' id='line_1_87' title="bbox 830 2812 1372 2929; baseline 0.004 -69"><span class='ocrx_word' id='word_1_444' title='bbox 830 2817 900 2929; x_wconf 58' lang='grc' dir='ltr'>ιιὸιιι.</span> <span class='ocrx_word' id='word_1_445' title='bbox 924 2816 1041 2876; x_wconf 88' lang='lat' dir='ltr'>exegett.</span> <span class='ocrx_word' id='word_1_446' title='bbox 1069 2814 1102 2862; x_wconf 91' lang='grc' dir='ltr'><strong>Τ</strong></span> <span class='ocrx_word' id='word_1_447' title='bbox 1121 2812 1175 2862; x_wconf 89' lang='lat'>111.</span> <span class='ocrx_word' id='word_1_448' title='bbox 1200 2816 1229 2865; x_wconf 94' lang='lat' dir='ltr'>P.</span> <span class='ocrx_word' id='word_1_449' title='bbox 1249 2813 1287 2865; x_wconf 90' lang='lat'>11</span> <span class='ocrx_word' id='word_1_450' title='bbox 1308 2828 1372 2879; x_wconf 87' lang='lat' dir='ltr'>pag.</span> 
     </span>
     <span class='ocr_line' id='line_1_88' title="bbox 829 2883 933 2959; baseline -0.021 -28"><span class='ocrx_word' id='word_1_451' title='bbox 829 2883 844 2931; x_wconf 84' lang='lat'><strong>7</strong></span> <span class='ocrx_word' id='word_1_452' title='bbox 876 2896 933 2959; x_wconf 90' lang='lat' dir='ltr'>seq.</span> 
     </span>
    </p>

    <p class='ocr_par' dir='ltr' id='par_1_9' title="bbox 828 2940 1400 4484">
     <span class='ocr_line' id='line_1_89' title="bbox 864 2940 1375 3029; baseline 0.004 -31"><span class='ocrx_word' id='word_1_453' title='bbox 864 2944 914 2999; x_wconf 80' lang='grc' dir='ltr'>τὸν</span> <span class='ocrx_word' id='word_1_454' title='bbox 929 2943 981 3012; x_wconf 76' lang='grc' dir='ltr'>μιν</span> <span class='ocrx_word' id='word_1_455' title='bbox 1000 2942 1201 3013; x_wconf 79' lang='grc' dir='ltr'>γιιόμενον-</span> <span class='ocrx_word' id='word_1_456' title='bbox 1212 2940 1375 3029; x_wconf 77' lang='grc' dir='ltr'>οιοφύρον-</span> 
     </span>
     <span class='ocr_line' id='line_1_90' title="bbox 829 3013 1400 3100; baseline 0.004 -33"><span class='ocrx_word' id='word_1_457' title='bbox 829 3017 1093 3095; x_wconf 62' lang='lat' dir='ltr'>enumeraremus</span> <span class='ocrx_word' id='word_1_458' title='bbox 1109 3021 1168 3073; x_wconf 90' lang='lat' dir='ltr'>edd.</span> <span class='ocrx_word' id='word_1_459' title='bbox 1170 3013 1371 3100; x_wconf 73' lang='lat' dir='ltr'>recepiysvo&#39;·</span> <span class='ocrx_word' id='word_1_460' title='bbox 1397 3082 1400 3089; x_wconf 29' lang='grc'>1</span> 
     </span>
     <span class='ocr_line' id='line_1_91' title="bbox 830 3083 1374 3158; baseline 0.007 -20"><span class='ocrx_word' id='word_1_461' title='bbox 830 3103 916 3154; x_wconf 82' lang='grc' dir='ltr'><em>μενον</em></span> <span class='ocrx_word' id='word_1_462' title='bbox 930 3095 956 3139; x_wconf 90' lang='lat' dir='ltr'>et</span> <span class='ocrx_word' id='word_1_463' title='bbox 968 3106 1029 3140; x_wconf 86' lang='lat' dir='ltr'>nrox</span> <span class='ocrx_word' id='word_1_464' title='bbox 1042 3083 1280 3154; x_wconf 78' lang='grc' dir='ltr'>απογινόμενον,</span> <span class='ocrx_word' id='word_1_465' title='bbox 1302 3091 1374 3158; x_wconf 92' lang='lat' dir='ltr'>quod</span> 
     </span>
     <span class='ocr_line' id='line_1_92' title="bbox 830 3160 1375 3225; baseline 0.004 -16"><span class='ocrx_word' id='word_1_466' title='bbox 830 3160 945 3225; x_wconf 87' lang='lat' dir='ltr'>praebet</span> <span class='ocrx_word' id='word_1_467' title='bbox 957 3160 1096 3211; x_wconf 84' lang='lat' dir='ltr'>Saueroiti</span> <span class='ocrx_word' id='word_1_468' title='bbox 1108 3161 1177 3212; x_wconf 90' lang='lat' dir='ltr'>liber</span> <span class='ocrx_word' id='word_1_469' title='bbox 1192 3178 1224 3212; x_wconf 90' lang='lat' dir='ltr'>ac</span> <span class='ocrx_word' id='word_1_470' title='bbox 1238 3163 1375 3213; x_wconf 81' lang='lat' dir='ltr'>Stobaeus</span> 
     </span>
     <span class='ocr_line' id='line_1_93' title="bbox 830 3229 1375 3311; baseline 0.004 -32"><span class='ocrx_word' id='word_1_471' title='bbox 830 3230 849 3281; x_wconf 97' lang='lat' dir='ltr'>l</span> <span class='ocrx_word' id='word_1_472' title='bbox 857 3245 948 3307; x_wconf 86' lang='lat' dir='ltr'>supra</span> <span class='ocrx_word' id='word_1_473' title='bbox 965 3229 983 3280; x_wconf 98' lang='lat' dir='ltr'>l</span> <span class='ocrx_word' id='word_1_474' title='bbox 1005 3232 1137 3311; x_wconf 87' lang='lat' dir='ltr'>quodque</span> <span class='ocrx_word' id='word_1_475' title='bbox 1148 3232 1314 3283; x_wconf 83' lang='lat' dir='ltr'>antecedens</span> <span class='ocrx_word' id='word_1_476' title='bbox 1334 3249 1375 3295; x_wconf 79' lang='grc' dir='ltr'>γι·</span> 
     </span>
     <span class='ocr_line' id='line_1_94' title="bbox 829 3292 1376 3365; baseline 0.011 -19"><span class='ocrx_word' id='word_1_477' title='bbox 829 3293 951 3361; x_wconf 70' lang='lat' dir='ltr'>sobaros</span> <span class='ocrx_word' id='word_1_478' title='bbox 968 3304 996 3351; x_wconf 86' lang='lat' dir='ltr'>et</span> <span class='ocrx_word' id='word_1_479' title='bbox 1013 3292 1226 3365; x_wconf 77' lang='grc' dir='ltr'>ἀπογινόιιενοιι</span> <span class='ocrx_word' id='word_1_480' title='bbox 1243 3318 1297 3352; x_wconf 89' lang='lat' dir='ltr'>non</span> <span class='ocrx_word' id='word_1_481' title='bbox 1318 3308 1376 3351; x_wconf 86' lang='lat' dir='ltr'>tam</span> 
     </span>
     <span class='ocr_line' id='line_1_95' title="bbox 830 3367 1374 3450; baseline 0.006 -32"><span class='ocrx_word' id='word_1_482' title='bbox 830 3367 943 3419; x_wconf 87' lang='lat' dir='ltr'>suadere</span> <span class='ocrx_word' id='word_1_483' title='bbox 972 3386 1052 3447; x_wconf 84' lang='lat' dir='ltr'>quam</span> <span class='ocrx_word' id='word_1_484' title='bbox 1087 3373 1226 3450; x_wconf 89' lang='lat' dir='ltr'>requirere</span> <span class='ocrx_word' id='word_1_485' title='bbox 1256 3373 1374 3423; x_wconf 80' lang='lat' dir='ltr'>videtur</span> 
     </span>
     <span class='ocr_line' id='line_1_96' title="bbox 830 3431 1374 3506; baseline 0.002 -18"><span class='ocrx_word' id='word_1_486' title='bbox 830 3431 1374 3506; x_wconf 69' lang='lat' dir='ltr'>Vulgopevoprvovetorroyssdusrev,</span> 
     </span>
     <span class='ocr_line' id='line_1_97' title="bbox 828 3508 1375 3572; baseline 0.011 -16"><span class='ocrx_word' id='word_1_487' title='bbox 828 3508 910 3572; x_wconf 89' lang='lat' dir='ltr'>idque</span> <span class='ocrx_word' id='word_1_488' title='bbox 937 3509 981 3559; x_wconf 87' lang='lat' dir='ltr'>vel</span> <span class='ocrx_word' id='word_1_489' title='bbox 1003 3510 1178 3561; x_wconf 80' lang='lat' dir='ltr'>Florentium</span> <span class='ocrx_word' id='word_1_490' title='bbox 1201 3513 1270 3562; x_wconf 87' lang='lat' dir='ltr'>liber</span> <span class='ocrx_word' id='word_1_491' title='bbox 1294 3513 1375 3563; x_wconf 78' lang='lat' dir='ltr'>affert</span> 
     </span>
     <span class='ocr_line' id='line_1_98' title="bbox 830 3572 1376 3655; baseline 0.007 -27"><span class='ocrx_word' id='word_1_492' title='bbox 830 3594 890 3655; x_wconf 78' lang='lat' dir='ltr'>eum</span> <span class='ocrx_word' id='word_1_493' title='bbox 902 3577 974 3629; x_wconf 85' lang='lat' dir='ltr'>aliis.</span> <span class='ocrx_word' id='word_1_494' title='bbox 1011 3581 1052 3630; x_wconf 90' lang='lat' dir='ltr'>De</span> <span class='ocrx_word' id='word_1_495' title='bbox 1070 3585 1209 3631; x_wconf 87' lang='lat' dir='ltr'>structura</span> <span class='ocrx_word' id='word_1_496' title='bbox 1221 3572 1361 3632; x_wconf 81' lang='grc' dir='ltr'>ιιιιιιιόιο</span> <span class='ocrx_word' id='word_1_497' title='bbox 1364 3610 1376 3620; x_wconf 88' lang='grc'><strong>-</strong></span> 
     </span>
     <span class='ocr_line' id='line_1_99' title="bbox 830 3647 1371 3710; baseline 0.013 -15"><span class='ocrx_word' id='word_1_498' title='bbox 830 3647 974 3710; x_wconf 64' lang='lat' dir='ltr'>piraeeum</span> <span class='ocrx_word' id='word_1_499' title='bbox 998 3652 1104 3701; x_wconf 88' lang='lat' dir='ltr'>monuit</span> <span class='ocrx_word' id='word_1_500' title='bbox 1126 3650 1177 3701; x_wconf 90' lang='lat' dir='ltr'>boe</span> <span class='ocrx_word' id='word_1_501' title='bbox 1202 3652 1263 3702; x_wconf 88' lang='lat' dir='ltr'>loeo</span> <span class='ocrx_word' id='word_1_502' title='bbox 1284 3651 1371 3703; x_wconf 89' lang='lat' dir='ltr'>allato</span> 
     </span>
     <span class='ocr_line' id='line_1_100' title="bbox 830 3717 1375 3783; baseline 0.009 -15"><span class='ocrx_word' id='word_1_503' title='bbox 830 3717 957 3768; x_wconf 86' lang='lat' dir='ltr'>Kuehner</span> <span class='ocrx_word' id='word_1_504' title='bbox 975 3718 1021 3771; x_wconf 85' lang='lat' dir='ltr'>Gr.</span> <span class='ocrx_word' id='word_1_505' title='bbox 1040 3720 1087 3769; x_wconf 85' lang='lat' dir='ltr'>Gr.</span> <span class='ocrx_word' id='word_1_506' title='bbox 1106 3723 1129 3783; x_wconf 68' lang='grc'>5.</span> <span class='ocrx_word' id='word_1_507' title='bbox 1145 3722 1204 3773; x_wconf 83' lang='grc'>553.</span> <span class='ocrx_word' id='word_1_508' title='bbox 1219 3748 1255 3760; x_wconf 85' lang='lat'><em>-</em></span> <span class='ocrx_word' id='word_1_509' title='bbox 1277 3723 1319 3772; x_wconf 84' lang='lat' dir='ltr'>Ad</span> <span class='ocrx_word' id='word_1_510' title='bbox 1335 3721 1375 3773; x_wconf 92' lang='lat' dir='ltr'>lo·</span> 
     </span>
     <span class='ocr_line' id='line_1_101' title="bbox 830 3786 1375 3858; baseline 0.013 -22"><span class='ocrx_word' id='word_1_511' title='bbox 830 3788 966 3837; x_wconf 79' lang='lat' dir='ltr'>ontionem</span> <span class='ocrx_word' id='word_1_512' title='bbox 990 3788 1026 3851; x_wconf 78' lang='grc' dir='ltr'>γῇ</span> <span class='ocrx_word' id='word_1_513' title='bbox 1054 3786 1209 3853; x_wconf 75' lang='grc' dir='ltr'>κρύπτουσι</span> <span class='ocrx_word' id='word_1_514' title='bbox 1240 3793 1268 3842; x_wconf 88' lang='lat' dir='ltr'>iu</span> <span class='ocrx_word' id='word_1_515' title='bbox 1299 3808 1375 3858; x_wconf 92' lang='lat' dir='ltr'>seqq.</span> 
     </span>
     <span class='ocr_line' id='line_1_102' title="bbox 830 3856 1378 3927; baseline 0.011 -21"><span class='ocrx_word' id='word_1_516' title='bbox 830 3856 915 3922; x_wconf 76' lang='lat' dir='ltr'>(terra</span> <span class='ocrx_word' id='word_1_517' title='bbox 942 3859 1062 3917; x_wconf 83' lang='lat' dir='ltr'>condunt,</span> <span class='ocrx_word' id='word_1_518' title='bbox 1094 3868 1183 3911; x_wconf 73' lang='lat' dir='ltr'>terrae</span> <span class='ocrx_word' id='word_1_519' title='bbox 1211 3863 1378 3927; x_wconf 79' lang='lat' dir='ltr'>rlemarrdaue)</span> 
     </span>
     <span class='ocr_line' id='line_1_103' title="bbox 829 3927 1377 3995; baseline 0.011 -19"><span class='ocrx_word' id='word_1_520' title='bbox 829 3927 903 3980; x_wconf 86' lang='lat' dir='ltr'>conf</span> <span class='ocrx_word' id='word_1_521' title='bbox 919 3927 1377 4010; x_wconf 71' lang='lat' dir='ltr'>1,1401b1quen0ttDelocu</span> 
     </span>
     <span class='ocr_line' id='line_1_104' title="bbox 829 3992 1377 4062; baseline 0.013 -16"><span class='ocrx_word' id='word_1_522' title='bbox 829 3998 904 4047; x_wconf 90' lang='lat' dir='ltr'>tione</span> <span class='ocrx_word' id='word_1_523' title='bbox 928 3992 1090 4062; x_wconf 80' lang='grc' dir='ltr'>α’ναπιήσαι</span> <span class='ocrx_word' id='word_1_524' title='bbox 1111 3992 1232 4059; x_wconf 64' lang='lat' dir='ltr'>ausast</span> <span class='ocrx_word' id='word_1_525' title='bbox 1253 4017 1276 4053; x_wconf 92' lang='lat' dir='ltr'>e</span> <span class='ocrx_word' id='word_1_526' title='bbox 1298 4005 1377 4055; x_wconf 79' lang='lat' dir='ltr'>arati·</span> 
     </span>
     <span class='ocr_line' id='line_1_105' title="bbox 828 4070 1377 4135; baseline 0.011 -20"><span class='ocrx_word' id='word_1_527' title='bbox 828 4082 904 4131; x_wconf 82' lang='lat' dir='ltr'>nere,</span> <span class='ocrx_word' id='word_1_528' title='bbox 924 4070 984 4131; x_wconf 83' lang='lat' dir='ltr'>poti</span> <span class='ocrx_word' id='word_1_529' title='bbox 995 4070 1091 4133; x_wconf 77' lang='lat' dir='ltr'>suala),</span> <span class='ocrx_word' id='word_1_530' title='bbox 1112 4086 1193 4135; x_wconf 89' lang='lat' dir='ltr'>qnam</span> <span class='ocrx_word' id='word_1_531' title='bbox 1208 4072 1325 4122; x_wconf 87' lang='lat' dir='ltr'>Latini</span> <span class='ocrx_word' id='word_1_532' title='bbox 1318 4075 1377 4121; x_wconf 89' lang='lat' dir='ltr'>rmi-</span> 
     </span>
     <span class='ocr_line' id='line_1_106' title="bbox 829 4140 1376 4204; baseline 0.007 -17"><span class='ocrx_word' id='word_1_533' title='bbox 829 4141 921 4189; x_wconf 89' lang='lat' dir='ltr'>tantes</span> <span class='ocrx_word' id='word_1_534' title='bbox 939 4143 1054 4189; x_wconf 87' lang='lat' dir='ltr'>utuntur</span> <span class='ocrx_word' id='word_1_535' title='bbox 1070 4140 1153 4191; x_wconf 87' lang='lat' dir='ltr'>verbo</span> <span class='ocrx_word' id='word_1_536' title='bbox 1169 4144 1299 4204; x_wconf 81' lang='lat' dir='ltr'>implendi.</span> <span class='ocrx_word' id='word_1_537' title='bbox 1320 4158 1376 4191; x_wconf 88' lang='lat' dir='ltr'>mo·</span> 
     </span>
     <span class='ocr_line' id='line_1_107' title="bbox 828 4209 1370 4272; baseline 0.004 -15"><span class='ocrx_word' id='word_1_538' title='bbox 828 4209 901 4270; x_wconf 91' lang='lat' dir='ltr'>nuit,</span> <span class='ocrx_word' id='word_1_539' title='bbox 917 4209 1074 4259; x_wconf 89' lang='lat' dir='ltr'>Herodeteo</span> <span class='ocrx_word' id='word_1_540' title='bbox 1086 4210 1112 4261; x_wconf 90' lang='lat' dir='ltr'>b.</span> <span class='ocrx_word' id='word_1_541' title='bbox 1124 4210 1140 4258; x_wconf 95' lang='lat' dir='ltr'>l.</span> <span class='ocrx_word' id='word_1_542' title='bbox 1154 4210 1248 4272; x_wconf 82' lang='lat' dir='ltr'>allate,</span> <span class='ocrx_word' id='word_1_543' title='bbox 1263 4211 1370 4262; x_wconf 88' lang='lat' dir='ltr'>Walcb.</span> 
     </span>
     <span class='ocr_line' id='line_1_108' title="bbox 829 4277 1370 4345; baseline 0.009 -18"><span class='ocrx_word' id='word_1_544' title='bbox 829 4277 864 4327; x_wconf 90' lang='lat' dir='ltr'>ad</span> <span class='ocrx_word' id='word_1_545' title='bbox 882 4280 973 4331; x_wconf 91' lang='lat' dir='ltr'>Tacit.</span> <span class='ocrx_word' id='word_1_546' title='bbox 988 4278 1106 4344; x_wconf 84' lang='lat' dir='ltr'>Agricol.</span> <span class='ocrx_word' id='word_1_547' title='bbox 1124 4280 1166 4330; x_wconf 84' lang='grc'>45.</span> <span class='ocrx_word' id='word_1_548' title='bbox 1183 4296 1245 4345; x_wconf 87' lang='lat' dir='ltr'>pag.</span> <span class='ocrx_word' id='word_1_549' title='bbox 1266 4282 1331 4343; x_wconf 77' lang='lat'>415,</span> <span class='ocrx_word' id='word_1_550' title='bbox 1352 4298 1370 4332; x_wconf 88' lang='grc' dir='ltr'>ιι</span> 
     </span>
     <span class='ocr_line' id='line_1_109' title="bbox 829 4348 1372 4415; baseline 0.002 -16"><span class='ocrx_word' id='word_1_551' title='bbox 829 4348 876 4399; x_wconf 81' lang='lat' dir='ltr'>Gr.</span> <span class='ocrx_word' id='word_1_552' title='bbox 890 4349 1035 4402; x_wconf 85' lang='lat' dir='ltr'>excitatus.</span> <span class='ocrx_word' id='word_1_553' title='bbox 1061 4350 1103 4399; x_wconf 86' lang='lat' dir='ltr'>Tu</span> <span class='ocrx_word' id='word_1_554' title='bbox 1114 4349 1167 4400; x_wconf 89' lang='lat' dir='ltr'>vid.</span> <span class='ocrx_word' id='word_1_555' title='bbox 1178 4351 1309 4401; x_wconf 87' lang='lat' dir='ltr'>Herodot.</span> <span class='ocrx_word' id='word_1_556' title='bbox 1323 4352 1372 4415; x_wconf 81' lang='lat' dir='ltr'>vl,</span> 
     </span>
     <span class='ocr_line' id='line_1_110' title="bbox 830 4418 1372 4484; baseline 0.009 -17"><span class='ocrx_word' id='word_1_557' title='bbox 830 4418 871 4467; x_wconf 80' lang='lat'>12.</span> <span class='ocrx_word' id='word_1_558' title='bbox 885 4418 938 4482; x_wconf 83' lang='lat' dir='ltr'>IX,</span> <span class='ocrx_word' id='word_1_559' title='bbox 956 4420 1004 4482; x_wconf 83' lang='lat'>87,</span> <span class='ocrx_word' id='word_1_560' title='bbox 1022 4419 1121 4484; x_wconf 88' lang='lat' dir='ltr'>quibus</span> <span class='ocrx_word' id='word_1_561' title='bbox 1139 4420 1208 4472; x_wconf 89' lang='lat' dir='ltr'>loeis</span> <span class='ocrx_word' id='word_1_562' title='bbox 1223 4421 1297 4473; x_wconf 88' lang='lat' dir='ltr'>idem</span> <span class='ocrx_word' id='word_1_563' title='bbox 1311 4437 1372 4472; x_wconf 87' lang='lat' dir='ltr'>ver-</span> 
     </span>
    </p>
   </div>
   <div class='ocr_carea' id='block_1_9' title="bbox 0 0 1572 5175">
    <p class='ocr_par' dir='ltr' id='par_1_10' title="bbox 0 0 1572 5175">
     <span class='ocr_line' id='line_1_111' title="bbox 0 0 1572 5175; baseline 0 0"><span class='ocrx_word' id='word_1_564' title='bbox 0 0 1572 5175; x_wconf 95' lang='lat' dir='ltr'> </span> 
     </span>
    </p>
   </div>
  </div>
 </body>
</html>
