3100 5175
282 364 343 431 822
674 369 944 433 EXOURSUS
969 368 1011 429 Vl

282 544 313 597 Α.
325 544 515 596 Westermann
537 543 581 596 in:
602 543 762 597 zeitschrift
775 545 796 596 f.
808 543 1053 597 Alterthumswiss.
1071 546 1147 596 1840.
1165 560 1208 595 nr.
1226 545 1275 597 132
1288 560 1362 612 seqq.
1376 550 1400 594 et

282 632 326 683 W.
342 630 487 681 Hoffmann
500 630 527 681 in
550 647 647 699 opere:
668 630 721 682 Die
739 629 811 681 alten
825 629 1009 699 Geographen
1026 628 1082 680 und
1100 628 1144 680 die
1158 627 1212 680 alte
1224 629 1398 697 Geograpliie,

280 715 351 767 Eine
368 714 528 767 zeitschrift
543 721 594 767 etc.
610 715 739 784 (Leipzig
756 714 890 781 1842)11.
906 731 969 784 pag.
987 719 999 767 l
1013 732 1091 783 seqq.
1109 713 1210 765 additis
1226 713 1401 765 adnotationi-

280 800 343 867 bus,
358 801 387 852 in
403 799 504 869 quibus
520 800 590 853 ratio
606 799 698 853 habitu
718 806 761 852 est
776 817 885 866 eorum,
907 816 978 870 quae
1000 808 1029 852 et
1043 798 1192 850 Prokesch.
1214 804 1242 849 et
1257 798 1339 850 Rosa.
1356 797 1372 848 l.
1385 798 1400 848 l.

282 893 470 955 exposuerunt
495 886 563 954 (vid.
585 902 613 953 p.
635 888 668 940 37
689 888 780 956 seqq.)
798 894 825 937 et
850 902 920 955 quae
937 884 969 937 de
989 901 1083 954 pugna
1098 882 1271 936 Marathonia
1286 882 1402 951 disputa·

282 972 322 1022 vit
347 970 380 1021 C.
407 987 432 1021 a.
462 969 591 1023 Minutoli
616 970 658 1022 in:
679 970 840 1023 zeitschrift
862 970 907 1022 hir
927 969 1035 1037 Kunst,
1055 969 1261 1021 wissenschast
1280 968 1336 1020 und
1352 970 1402 1020 Ge-

280 1055 637 1124 schichted.l(riegs183tl.
652 1058 720 1108 fasc.
738 1055 786 1107 Vl.
799 1074 826 1124 p.
839 1058 890 1108 246
902 1073 979 1125 seqq.
996 1060 1074 1125 (pag.
1091 1057 1125 1106 56
1139 1054 1250 1123 seqq.);
1265 1071 1317 1105 nec
1331 1052 1404 1104 deest

281 1141 428 1193 delineatio
454 1140 577 1209 regionis
600 1140 799 1193 Marathonius.
849 1140 901 1193 His
924 1139 1044 1209 denique
1072 1139 1135 1191 addi
1158 1146 1290 1207 poterunt
1319 1146 1347 1190 et
1367 1154 1403 1202 es,

281 1242 352 1295 qnae
367 1225 400 1277 de
416 1242 509 1296 campo
525 1225 697 1278 Marathonio
710 1224 870 1277 observavit
884 1224 1051 1291 Fridericus,
1068 1222 1270 1276 illustrissimus
1282 1223 1405 1291 Austriae

281 1310 427 1377 archidux,
455 1312 534 1363 catius
549 1309 755 1363 commentarios
770 1309 886 1379 pretulit
903 1309 1055 1377 Bergmann
1083 1309 1110 1360 in
1126 1307 1234 1377 Opere:
1262 1307 1404 1360 hledaillen

280 1396 435 1448 beriihmter
458 1396 577 1448 Minner
592 1394 753 1447 Oestreichs
776 1404 828 1448 etc.
858 1393 917 1445 Vol.
936 1394 973 1446 Il.
990 1413 1018 1464 p.
1033 1396 1085 1452 510
1100 1411 1194 1463 seqq,
1221 1399 1249 1445 et
1270 1410 1317 1461 ea,
1341 1409 1406 1463 qnae

280 1481 394 1533 tradidit
408 1480 537 1545 Vischer,
554 1480 601 1550 qui
617 1498 707 1548 nuper
720 1480 789 1532 hauc
806 1479 944 1547 regionem
962 1478 1149 1548 perlustravit,
1165 1477 1192 1530 in
1209 1495 1307 1546 opere:
1329 1478 1405 1530 Erin-

280 1582 423 1633 uerungen
450 1583 501 1617 aus
525 1564 728 1617 Griechenland
754 1573 806 1618 etc.
833 1581 896 1632 pag.
922 1569 955 1617 72
983 1546 1060 1634 ieqq.
1086 1563 1217 1615 Pluribus
1232 1563 1352 1632 denique
1376 1562 1407 1614 de

281 1651 394 1718 regione
410 1651 582 1703 Marathonia
603 1668 751 1721 pugnaque
772 1651 809 1702 ibi
826 1650 968 1702 commissa
983 1648 1116 1700 disseruit
1130 1648 1232 1700 Grote:
1249 1648 1364 1715 History
1382 1648 1411 1699 oi

281 1736 387 1788 Greece
403 1736 451 1788 lv,
469 1753 530 1804 pag.
547 1738 598 1788 tto
613 1754 692 1805 seqq.
708 1738 759 1789 483
775 1754 853 1805 seqq.

364 1820 407 1872 Ex
424 1821 499 1872 hisce
514 1820 634 1873 virorum
650 1820 788 1873 doctorum
806 1819 1087 1885 commentationibus,
1103 1835 1174 1888 quae
1190 1817 1222 1870 ad
1239 1818 1407 1870 Herodotum

278 1905 471 1957 illustrandum
486 1908 576 1957 lacere
595 1915 726 1974 possunt,
742 1907 839 1975 paucis
862 1906 1046 1974 proteramus,
1071 1902 1186 1973 reliquis
1207 1903 1309 1955 missis.
1354 1903 1407 1965 Qui

279 1989 388 2058 quidem
404 1991 456 2041 viri
472 1991 545 2042 docti
562 2008 654 2043 omnes
668 1992 727 2043 lere
741 1990 937 2055 consentiunt,
953 1989 1023 2040 hanc
1047 1988 1185 2057 regionem
1201 1997 1316 2059 propter
1329 1990 1408 2040 maris

279 2074 367 2125 sinum
380 2075 496 2128 navibus
508 2076 669 2129 commodum
681 2077 843 2145 [rraebuisse
856 2075 952 2142 locum,
967 2074 994 2126 iu
1008 2092 1063 2144 quo
1072 2091 1155 2125 naves
1168 2073 1205 2125 ita
1214 2073 1408 2140 subsisterent,

280 2167 311 2211 ut
326 2161 420 2228 copiae
436 2161 515 2212 simul
530 2162 602 2213 sacili
620 2161 729 2227 negotio
748 2162 774 2212 in
793 2170 891 2213 terram
907 2160 1100 2225 educerentur,
1113 2160 1253 2229 ipsamque
1270 2157 1408 2227 planitiem

277 2243 357 2295 talem
377 2264 448 2309 esse,
464 2247 491 2297 in
508 2264 562 2315 qua
577 2247 722 2298 Persarum
737 2246 840 2315 copiae,
860 2246 967 2314 equites
981 2244 1159 2315 praesertim,
1181 2246 1251 2296 hene
1272 2245 1301 2294 in
1327 2243 1408 2296 aciem

278 2329 392 2398 produci
409 2331 558 2398 potuerint.
597 2332 673 2383 Haec
692 2331 831 2399 planities,
849 2332 1023 2384 Marathonia
1041 2346 1111 2399 quae
1126 2329 1234 2395 dicitur,
1253 2328 1411 2382 extenditur

277 2415 304 2466 in
329 2414 524 2481 longitudinem
546 2416 579 2485 (i.
609 2435 632 2467 e.
654 2433 671 2467 a
693 2417 882 2484 septentrione
902 2416 936 2467 ad
959 2415 1108 2480 meridiem)
1129 2414 1243 2466 duarum
1264 2413 1308 2466 vel
1329 2415 1409 2466 trium

278 2500 405 2552 horarum
421 2500 520 2569 spatio,
537 2500 563 2551 in
581 2500 749 2553 latitudinem
762 2502 796 2571 (i.
812 2521 837 2553 e.
854 2520 868 2552 a
884 2502 948 2553 mori
969 2500 1134 2552 occidentem
1150 2516 1250 2551 versus
1264 2506 1293 2550 et
1307 2498 1407 2552 intror-

278 2585 352 2651 sum)
368 2584 413 2638 vix
433 2585 514 2637 utrius
530 2586 612 2638 harae
631 2586 747 2656 spatium
769 2586 813 2638 illa
829 2588 958 2656 complet:
981 2604 1066 2655 rupes
1091 2585 1161 2637 enim
1184 2595 1348 2655 montesque
1364 2605 1407 2639 ex·
1510 2637 1511 2647 ,

278 2677 413 2738 surgunt,
430 2670 531 2739 quibus
546 2670 674 2739 planities
693 2671 759 2724 haec
776 2689 792 2724 a
810 2672 916 2743 reliqna
932 2672 1035 2738 Attica,
1052 2670 1179 2740 adquam
1196 2672 1261 2723 inde
1282 2670 1408 2724 difficiles

276 2773 327 2825 per
339 2758 434 2808 lauces
449 2755 556 2823 aditus,
580 2763 738 2825 separatur:
764 2775 780 2808 a
801 2757 991 2826 septentrione
1006 2755 1128 2826 planitiei
1150 2756 1310 2809 extenditur
1329 2757 1409 2825 palas

189 2911 191 2914 ι
277 2842 321 2892 vix
338 2841 509 2911 permeanda,
527 2859 543 2892 a
557 2842 667 2895 meridie
683 2843 824 2894 invenitur
839 2841 923 2894 altera
938 2840 1026 2911 palus,
1039 2840 1088 2893 sed
1104 2841 1185 2910 longe
1199 2842 1287 2893 minor
1299 2842 1408 2906 ambitu,

275 2925 408 2995 reliquum
425 2926 542 2995 spatium
558 2927 683 2979 obtinent
697 2927 790 2979 colles.
814 2927 892 2979 Inter
907 2927 976 2978 hanc
992 2931 1136 2995 utramque
1155 2926 1281 2996 paludem
1304 2936 1409 2979 montes

276 3026 479 3080 ecmareqnae
506 3010 559 3062 sita
583 3021 664 3079 sunt,
691 3030 857 3081 enprorsus
882 3011 963 3081 plana
988 3029 1019 3062 ac
1045 3011 1119 3063 nuda
1144 3018 1211 3064 sunt
1235 3029 1408 3082 prorsusque

276 3096 386 3148 deserte
401 3112 475 3147 nrtnc
489 3095 677 3162 inveniuntur,
693 3097 817 3166 quamvis
834 3097 894 3148 olim
911 3098 978 3149 bene
994 3095 1084 3148 culta:
1099 3096 1167 3149 adeo
1184 3104 1215 3148 ut
1229 3096 1335 3150 tristem
1351 3105 1409 3149 tota

275 3181 353 3248 regio
372 3196 445 3232 nunc
459 3182 590 3249 praebeat
603 3181 770 3251 adspectum.
816 3183 858 3234 Ex
877 3181 972 3234 mediis
987 3183 1071 3235 ferme
1087 3182 1233 3248 montibus,
1251 3183 1299 3251 qui
1311 3183 1347 3234 ab
1364 3199 1406 3234 oc·

275 3282 340 3317 casn
356 3265 495 3334 planitiem
511 3266 636 3334 cingunt,
652 3269 806 3336 prorumpit
821 3267 980 3319 Charadrus
993 3266 1101 3319 rivulus
1122 3265 1295 3336 pervellem,
1310 3267 1339 3319 in
1353 3283 1409 3336 qua

276 3367 349 3401 nunc
362 3349 434 3401 iacet
449 3350 536 3416 vicus,
551 3352 599 3419 qui
615 3369 630 3403 a
644 3359 737 3404 vetere
753 3352 916 3405 Marathone
932 3352 1019 3404 adhuc
1033 3351 1149 3403 retinuit
1161 3369 1274 3417 nomen,
1290 3353 1324 3403 ab
1346 3352 1407 3421 ipsa

274 3433 389 3504 planitie
414 3435 538 3487 nonnihil
553 3436 660 3489 distans
679 3445 707 3489 et
727 3438 859 3507 utrinque
876 3437 1015 3489 montibus
1031 3435 1172 3500 inclusus3
1187 3443 1303 3489 vocatur
1316 3445 1406 3489 autem

273 3513 288 3572 ti
312 3520 508 3589 Mspadoivcr.
552 3522 609 3584 Qui
630 3521 707 3574 locus
727 3540 786 3576 oum
808 3538 824 3573 a
846 3521 1017 3575 meridionali
1038 3520 1162 3590 planitiei
1188 3528 1280 3590 parte,
1303 3522 1330 3574 in
1353 3539 1407 3592 qua

275 3623 340 3658 sane
356 3622 450 3675 pugna
464 3606 606 3659 commissa
617 3613 669 3672 est,
685 3608 796 3675 longius
811 3608 909 3661 abesse
924 3607 1074 3673 videretur,
1089 3613 1208 3659 veterem
1220 3606 1407 3660 Marathonem

274 3709 327 3742 non
346 3709 377 3742 eo
399 3690 474 3754 loco,
498 3708 553 3760 quo
577 3691 715 3744 recentius
739 3693 867 3762 oppidum
886 3698 1054 3744 exstructum
1068 3697 1125 3758 est,
1148 3691 1244 3761 quaeri
1259 3692 1408 3745 voluerunt

275 3775 328 3827 viri
353 3775 435 3840 docti,
465 3776 514 3827 sed
541 3776 656 3845 propius
682 3794 738 3830 eam
766 3777 890 3846 planitiei
907 3783 1026 3845 partem,
1052 3777 1080 3827 in
1108 3792 1161 3844 qna
1186 3789 1336 3845 pugnatum
1353 3783 1405 3842 est,

274 3861 394 3913 iacuisse
410 3861 621 3926 contenderunt,
638 3861 709 3914 haud
726 3862 821 3932 procul
838 3880 854 3915 a
869 3861 985 3914 collibus
999 3860 1134 3914 meridiem
1155 3878 1252 3913 versus
1268 3861 1406 3930 planitiem

274 3946 460 4014 cingentibus.
506 3946 569 4008 Quo
585 3945 644 3998 loco
660 3963 720 4000 cum
734 3947 889 4016 reperiatur
904 3947 1096 3999 monasterium
1108 3963 1182 3998 nunc
1196 3947 1254 3998 fere
1268 3947 1405 4000 desertum

274 4050 306 4085 ac
322 4048 408 4100 prope
424 4032 473 4083 hoc
488 4031 566 4083 vicus
581 4031 699 4100 exignus
714 4033 822 4085 nomine
839 4034 945 4098 Vranu,
961 4050 993 4083 eo
1008 4030 1068 4084 loco
1083 4037 1202 4084 veterem
1218 4031 1405 4084 Marathonem

275 4103 368 4170 urbem
383 4123 548 4168 exstructam
574 4133 664 4186 neque
690 4116 784 4188 procul
807 4118 873 4170 inde
893 4134 1011 4187 pugnam
1033 4116 1200 4170 commissam
1222 4135 1284 4169 esse
1309 4117 1406 4169 statuit

273 4202 367 4255 Leuke
382 4200 399 4252 l.
416 4217 501 4268 supra
515 4201 543 4265 l.,
553 4219 631 4270 quem
643 4202 767 4272 plerique
781 4210 892 4255 nostrae
907 4202 1007 4262 aetatis
1021 4202 1075 4253 viri
1089 4202 1178 4255 secuti
1194 4207 1269 4268 sunt,
1283 4201 1405 4271 inprimis

274 4286 425 4353 Forbiger:
444 4286 552 4337 Handb.
570 4287 596 4338 d.
614 4288 659 4339 alt.
675 4288 832 4356 Gangraph.
848 4288 900 4339 Ill.
916 4306 944 4356 p.
965 4291 1017 4342 953
1041 4294 1124 4358 atque
1138 4288 1217 4339 etiam
1231 4286 1346 4354 Kiepert
1361 4287 1405 4338 in:

273 4371 453 4440 Topograph.
468 4370 566 4426 histor.
584 4372 662 4423 Atlas
677 4390 729 4424 von
743 4372 847 4438 Hellas,
865 4371 965 4427 Tabul.
980 4372 1053 4426 XIV.
1068 4367 1070 4372 ’
1098 4373 1231 4442 Equidem
1246 4388 1300 4442 quo
1315 4372 1404 4423 minus

274 4472 384 4527 sequar,
402 4456 437 4508 iis
451 4456 592 4524 impedior,
610 4473 680 4527 quae
697 4465 793 4510 contra
808 4457 889 4526 Angli
905 4458 957 4510 viri
974 4458 1046 4511 docti
1063 4457 1225 4511 seutentiam
1240 4473 1328 4527 nuper
1342 4473 1404 4527 pro-
