3100 5175
428 419 699 483 POLYMNIA.
724 419 971 484 1111213-215.
1205 419 1267 480 769

126 599 189 687 μὲν
205 596 272 686 γάρ
287 592 346 681 du,
371 598 428 665 καὶ
448 593 515 666 ἐάν
533 592 579 685 μὴ
591 592 765 683 Μηλιεύς,
786 593 913 683 ταύτην
926 592 988 684 τὴν
1001 590 1152 682 &paulo
1170 591 1264 684 Ὀνή-

125 729 201 792 της,
218 709 252 772 ελ
265 707 307 791 τῇ
316 700 408 791 χάρη
423 698 531 770 πολλά
546 695 721 788 άμεληκάς
733 710 803 787 εἰη·
837 695 912 767 ἀλλ’
931 696 1104 787 Ἐπιάλτης
1118 699 1182 786 γάρ
1197 704 1265 768 ἐστι

124 802 449 896 ὁαεριηγησάμενος
467 804 505 876 τὸ
525 794 625 891 οὖρος
645 801 729 873 κατά
742 801 804 892 τὴν
823 800 990 891 άτραπόν,
1015 808 1135 872 τοῦτον
1154 813 1263 872 αἴτιον

123 911 258 998 γράφω.
308 912 432 998 Ξέρξης
460 910 513 993 dl,
542 905 786 997 sustollimus
806 904 847 975 τά
865 903 1027 994 ’ὑπέσχετο
1046 902 1065 977 ὁ
1090 904 1329 995 Ἐτιάλτηςγιῡ

122 1014 411 1103 κατεργάσεσθαι,
425 1009 546 1082 αὐτίκα
560 1011 740 1101 περιχαρὴς
754 1010 933 1100 γενόμενος
951 1017 1077 1098 ἔπεμπε
1088 1006 1261 1099 Ὑδάρνεα,

122 1121 270 1189 καὶτῶν
291 1118 487 1207 ἐστρατήγεε
502 1112 673 1204 Ὑδάρνης.
707 1111 857 1205 ὁρμέατο
879 1115 915 1184 dl
931 1117 1007 1205 περὶ
1028 1115 1162 1203 λύχνων
1175 1111 1263 1203 άφάς

121 1225 159 1291 ἐκ
175 1228 240 1292 τοῦ
258 1225 498 1311 στρατοπέδου.
548 1219 616 1308 Τὴν
636 1220 674 1290 δὲ
693 1217 845 1307 άτρααόν
862 1216 987 1307 ταύτην
1001 1223 1138 1304 ἐξεῦρον
1153 1219 1216 1308 μὲν
1230 1223 1265 1289 ολ

121 1325 295 1416 ἐπιχώριοι
312 1327 475 1415 Μηλιέες,
490 1325 683 1412 ἐξευρόντες
697 1324 734 1393 δὲ
749 1332 948 1393 Θεσσαλοῖσι
962 1325 1192 1412 κατηγήσαντο
1206 1325 1260 1392 ἐπὶ

121 1433 262 1512 Φωκέας
282 1430 374 1519 τότε,
396 1425 451 1499 ὅτε
470 1433 504 1499 οἱ
520 1430 670 1516 Φωκέες,
698 1428 885 1516 φράξαντες
905 1435 1009 1516 τείχει·
1025 1426 1086 1527 την
1105 1426 1259 1515 ἐσβολὴν,

119 1635 222 1686 Noster
249 1635 355 1693 reiicit,
384 1651 416 1686 eo
444 1639 566 1699 spectet,
591 1634 664 1700 quod
711 1650 772 1698 pum
789 1634 996 1700 dobereaffirmo
1018 1637 1125 1701 indeque
1142 1635 1259 1686 hocloco

119 1710 291 1771 compertum
314 1703 425 1763 habuit,
449 1704 606 1771 Ephialtem
630 1704 664 1754 ob
711 1707 854 1770 perscribo.

118 1774 189 1825 hunc
202 1775 312 1841 culpem
329 1791 351 1826 s.
368 1777 401 1827 ob
417 1774 469 1826 hoc
486 1776 588 1825 crimen
604 1790 665 1839 pro-

118 1844 233 1896 ditionis
248 1847 277 1897 in
287 1844 411 1896 exsilium
422 1844 534 1898 abiisse.
545 1872 580 1882 —
596 1846 665 1894 For·
986 1879 998 1901 ,

117 1930 189 1964 mum
203 1912 324 1978 οἴδαμεν
339 1920 493 1980 suspectum
505 1913 588 1966 hebet
597 1914 665 1964 Din-
891 1878 956 1929 ⁰³¹³·
978 1879 1082 1930 ΕΘΝ

119 1984 191 2037 duri.
212 1986 241 2035 iu
258 1986 409 2035 Comment.
429 1982 463 2035 dc
482 1984 547 2036 dial.
561 1985 662 2035 Herod.
747 1974 859 2046 Ξέρξης
872 1976 913 2044 δὲ,
931 1971 994 2031 ἐπεί
1005 1977 1034 2031 οἱ
1046 1972 1138 2048 ἤρεσε]
1155 1981 1188 2032 Iu
1202 1998 1255 2033 uno

118 2070 144 2119 p.
158 2054 292 2106 XXXVII
318 2046 346 2105 it
363 2054 413 2106 hoc
430 2053 490 2105 loco
511 2060 538 2105 ut
555 2054 600 2117 11,
622 2054 663 2105 17.
713 2050 931 2102 Stncruitilibru
944 2053 1016 2117 quod
1028 2052 1142 2116 legitur:
1160 2047 1255 2117 Ξέρξη

117 2125 233 2188 1x‚60;
253 2124 319 2175 iude
333 2126 362 2174 in
375 2122 457 2189 λδμεν
471 2125 573 2174 mutari
586 2124 663 2174 iubet
713 2113 760 2183 dl,
775 2121 805 2170 id
819 2123 939 2187 praefert
948 2123 1010 2172 Elis
1022 2122 1147 2187 (Jahrbb.
1160 2121 1180 2174 i.
1191 2124 1256 2173 Pni-

118 2194 222 2246 Mehler
241 2195 271 2243 iu
290 2195 459 2260 Mnemosyu.
480 2196 513 2245 V.
534 2210 598 2260 pag.
617 2193 660 2245 67.
712 2189 795 2256 lolog.
815 2207 841 2242 u.
864 2191 985 2257 Psedsg.
1004 2192 1100 2257 Snppl.
1123 2192 1183 2243 Vol.
1203 2193 1252 2245 lX.

117 2265 252 2329 Equidem
274 2263 344 2315 mulo
359 2264 523 2315 Breduvium
541 2264 619 2330 sequi
633 2279 660 2328 p.
711 2276 738 2325 p.
756 2260 832 2325 123),
853 2263 1012 2326 praesertim
1034 2277 1095 2312 cum
1110 2261 1208 2313 vocula
1226 2255 1256 2311 ολ

116 2335 165 2384 411
193 2335 268 2384 hunc
294 2335 408 2384 formum
430 2335 566 2393 Ionicum,
591 2347 662 2398 quse
712 2330 863 2396 spluribus
875 2332 955 2382 codd.
968 2332 1051 2384 absit.
1075 2331 1207 2398 Equidem
1219 2332 1252 2382 ob

116 2404 198 2454 etism
213 2406 269 2468 iv,
284 2404 319 2456 46
340 2404 478 2455 invenitur
492 2409 520 2455 et
535 2405 661 2469 frequens
711 2402 794 2452 verbu
810 2395 966 2466 περιχαρὴς
981 2396 1132 2467 γενόμενος
1147 2395 1253 2466 ἔπεμπε

116 2489 224 2540 quoque
251 2475 325 2538 opud
343 2474 537 2539 Hippocratem
560 2477 660 2532 exstat,
710 2469 848 2535 vulgatam
858 2487 919 2522 cum
930 2473 1053 2523 omnihus
1064 2473 1125 2522 edd.
1135 2473 1253 2522 retincu-

39 2538 44 2547 '
117 2545 218 2609 optime
232 2545 410 2606 retinentem,
425 2545 586 2610 praesertim
601 2559 662 2595 eum
712 2540 773 2592 dum
788 2541 862 2593 duxi.

117 2610 200 2673 οἶδας
212 2615 268 2676 111,
282 2616 316 2665 72
330 2620 357 2666 et
371 2611 467 2663 uiduus
481 2615 524 2680 11,
536 2616 570 2666 43
587 2614 661 2680 legs·
746 2606 813 2675 περὶ
824 2608 936 2676 λύχνων
948 2604 1037 2676 ἁφὰς]
1057 2610 1142 2661 Affert
1152 2610 1253 2664 Suidus

115 2690 174 2736 tur:
207 2700 297 2749 neque
319 2684 447 2750 impedit,
473 2684 544 2751 quod
571 2683 661 2734 ultera
711 2682 735 2732 Ι.
754 2697 781 2747 p.
800 2681 850 2734 391
872 2685 990 2747 itemque
1003 2682 1202 2731 Grammaticus
1222 2683 1252 2732 in

116 2752 661 2820 formuldpevirequentiusutiqueupud
710 2752 877 2802 Buuhmenn.
897 2751 1018 2802 Anecdd.
1038 2753 1059 2801 1.
1078 2767 1104 2816 p.
1124 2752 1188 2810 169,
1207 2753 1248 2802 20.

114 2826 245 2875 Nostrum
258 2827 392 2888 occurrit,
404 2841 485 2890 quem
497 2824 542 2874 hic
553 2839 661 2890 quoqne
710 2820 853 2871 Iudicatur
861 2827 953 2871 sutem
961 2826 1039 2872 noctis
1048 2824 1149 2884 initiruu,
1161 2827 1192 2870 nt
1202 2821 1251 2870 dn·

115 2895 230 2961 utrique
242 2895 421 2946 formonsum
438 2910 496 2944 esse
511 2894 601 2944 credo.
711 2891 774 2940 dum
788 2892 894 2942 monuit
904 2889 1251 2952 Valcken.‚citeusPhilo·
1306 2903 1310 2914 ¹

149 2962 198 3015 καλ
216 2954 273 3013 λων
295 2958 334 3029 μὴ
351 2958 491 3029 Μηλιεὺς]
512 2966 531 3016 i.
545 2978 569 3013 e.
581 2980 660 3029 quun·
711 2966 790 3012 stret.
809 2963 866 3012 vic.
885 2960 974 3026 Apoll.
987 2960 1048 3010 Vll.
1071 2961 1249 3024 l5,1)iodor.

116 3039 201 3086 nervis
218 3051 270 3085 non
283 3043 350 3085 esset
363 3035 512 3093 Μαὶιέιωιέ,
532 3033 579 3084 ubi
597 3032 661 3083 Vul·
710 3031 788 3086 xix,
802 3031 834 3081 31
854 3031 922 3094 ibiq.
940 3030 1102 3095 wesseling.
1124 3030 1184 3080 coll.
1198 3031 1249 3081 Su-

115 3104 226 3155 ckeusr.
247 3105 319 3155 uitet
338 3103 440 3154 Herod.
460 3103 515 3168 lv,
532 3102 590 3153 144.
610 3104 659 3165 vl,
710 3099 799 3165 phocl.
814 3100 969 3163 nisenus,
991 3101 1038 3151 ubi
1057 3100 1111 3150 vid.
1126 3101 1246 3154 Lobeck.

115 3174 158 3224 66.
184 3175 242 3226 Ubi
253 3174 378 3226 consulto
391 3175 491 3225 Noster
511 3173 659 3238 participio
709 3186 774 3236 pag.
794 3171 854 3220 206.
894 3170 978 3220 Hisce
995 3168 1172 3234 λνγναφλαν,
1194 3186 1249 3221 uno

115 3243 243 3296 adiunxit
259 3237 315 3309 μὴ,
343 3259 430 3309 neque
448 3236 499 3304 οὖς
526 3242 562 3294 ci.
580 3243 660 3293 modu
708 3239 860 3304 vocabulo,
882 3240 1028 3290 exAthen.
1044 3241 1103 3291 XV.
1118 3256 1143 3304 p.
1158 3241 1247 3292 702Β.

115 3313 243 3367 Kuchuer
257 3315 302 3363 Gr.
317 3314 362 3363 Gr.
380 3317 404 3376 §-
419 3313 480 3366 715.
518 3312 561 3363 nd
577 3328 660 3364 voces
709 3310 787 3360 addit
796 3308 948 3375 Schweigh.
979 3317 1019 3360 Ac
1038 3311 1248 3361 sciteobservu-

115 3374 265 3449 ὡμιληκώς
278 3380 322 3446 εἴη
336 3383 483 3445 cont'.V11,
497 3382 539 3434 26.
568 3383 659 3434 Verba
707 3381 748 3430 vit
758 3381 856 3432 Ukert.
867 3380 976 3444 (deogr.
988 3381 1013 3431 d.
1023 3381 1068 3431 Gr.
1082 3380 1105 3442 l,
1116 3382 1140 3430 2.
1150 3396 1176 3445 p.
1186 3380 1247 3446 156)

115 3453 141 3502 in
158 3453 213 3504 fine
229 3454 331 3516 cupitis
348 3455 437 3517 positu
450 3450 553 3502 τοῦτον
565 3449 661 3502 αἴτιον
709 3466 740 3500 ex
755 3450 797 3502 his
809 3450 994 3501 locutionibus
1006 3450 1193 3516 similibusque
1206 3466 1249 3500 ss·

114 3518 214 3587 γράφω
228 3523 297 3573 nihil
312 3522 387 3572 uliud
402 3523 577 3573 valentnisi:
594 3524 660 3572 lunc
709 3523 745 3571 tis
763 3519 882 3585 intelligi
901 3535 995 3584 posse,
1020 3536 1101 3586 quum
1117 3535 1177 3571 sero
1192 3536 1247 3570 orn-

113 3591 184 3644 iuius
203 3597 292 3656 eulpae
312 3610 333 3643 s.
356 3596 464 3643 criminin
485 3609 553 3644 reum
573 3593 657 3642 scribo
708 3592 773 3640 nino
792 3591 889 3641 Gmeci
909 3589 1057 3641 secuudum
1075 3591 1156 3641 hores
1181 3595 1248 3640 tem·

116 3660 218 3725 (hocin
235 3663 338 3727 opere).
372 3664 484 3726 Moneo,
506 3663 661 3728 quudKur·
707 3677 758 3726 pus
780 3662 869 3710 metiri
892 3665 920 3710 et
947 3659 1069 3711 indicere
1091 3661 1248 3723 didicerint,

115 3736 175 3784 olen
188 3735 218 3784 in
229 3734 393 3785 commenti.
405 3733 439 3783 ud
451 3732 659 3797 AeschyliAgu-
708 3746 767 3780 cum
785 3732 873 3796 prisco
887 3746 960 3780 more
974 3735 1081 3796 tempus
1093 3729 1127 3780 ed
1139 3730 1204 3780 solis
1218 3736 1247 3781 et

115 3817 212 3855 memo.
229 3818 292 3869 pag.
310 3803 359 3853 217
377 3794 478 3867 γράφω
491 3801 568 3852 reddi
580 3802 656 3852 vult:
707 3800 777 3851 caeli
789 3807 891 3850 statum
903 3799 1066 3850 definierint.

112 3882 190 3934 putu,
211 3875 328 3934 aestimo,
352 3889 432 3936 quum
448 3881 540 3923 tumen
555 3871 658 3937 signifi·
741 3867 951 3936 κατηγήσαντο]
960 3870 1022 3920 Vid.
1034 3869 1132 3922 oleseh,
1146 3869 1191 3921 Gr.
1199 3869 1246 3920 Gr.

116 3944 251 3994 ostionem
262 3943 297 3993 ub
310 3943 361 3993 hoc
372 3942 432 3993 loco
443 3959 526 4007 seque
539 3940 658 3992 alienum
707 3943 732 4003 ξ.
742 3941 802 4002 360,
814 3957 838 3990 α.
853 3946 880 3991 et
895 3957 943 4002 eu,
960 3955 1029 4005 quse
1041 3939 1122 4004 paulo
1135 3945 1198 3989 sote
1210 3939 1246 3989 ud

116 4025 175 4062 esse
189 4013 271 4064 credo
285 4017 367 4077 utque
380 4013 415 4061 ub
429 4013 501 4070 ullis,
517 4027 585 4077 quus
597 4026 659 4077 pro·
707 4027 767 4075 cup.
787 4011 837 4061 214
858 4011 891 4060 de
910 4011 990 4060 huius
1009 4011 1086 4061 verbi
1109 4013 1248 4060 structure

115 4080 170 4131 furt
182 4081 319 4148 (Sophocl.
334 4082 431 4145 Oedip.
443 4083 508 4145 Tyr.
523 4083 583 4133 411.
604 4084 657 4132 Xe·
707 4081 898 4132 excitavimus.
920 4079 998 4130 (luni.
1010 4080 1247 4146 praeteneuHero·

115 4151 196 4216 noph.
211 4152 363 4217 Cyropued.
378 4151 429 4210 IV,
443 4151 474 4216 3,
494 4152 542 4212 21,
560 4152 608 4202 ubi
626 4159 656 4201 tn
705 4152 761 4200 dot.
774 4151 823 4210 IX,
839 4151 878 4202 15.
891 4150 932 4201 73.
947 4149 1005 4202 105.
1025 4150 1067 4200 Ad
1077 4149 1161 4200 verbs
1171 4135 1245 4213 ἦσαν

115 4221 172 4270 vid.
186 4220 346 4284 Hertlein.)‚
360 4221 496 4304 inquibus
509 4221 561 4270 vim
576 4237 655 4272 susm
707 4219 758 4284 (sic
778 4219 842 4270 dedi
861 4235 910 4286 pro
930 4213 1009 4283 ἕσαν)
1029 4211 1059 4268 ἐν
1081 4213 1170 4283 σκέπη
1193 4216 1245 4269 τοῦ

116 4291 214 4341 retinet
229 4293 341 4344 verbum
360 4305 474 4355 γράφω,
502 4291 573 4357 quud
591 4290 617 4340 h.
636 4290 655 4340 1.
706 4287 831 4354 πολέμου
850 4291 903 4340 vid.
921 4293 993 4340 nott.
1013 4290 1049 4339 ud
1067 4290 1137 4351 vll,
1156 4290 1203 4341 172
1217 4294 1246 4341 et

116 4374 169 4411 non
190 4363 297 4413 sineri
317 4359 433 4428 quadum
456 4361 574 4426 positum
599 4366 653 4411 est:
706 4360 738 4411 de
753 4359 869 4411 formula
883 4353 914 4409 ἔκ
934 4374 962 4408 τε
975 4350 1063 4409 τόσον
1079 4364 1148 4408 nott.
1161 4358 1197 4409 ud
1212 4362 1245 4424 V,

116 4429 178 4479 λιιιο
192 4434 269 4498 iqitur
286 4432 425 4498 (quonium
435 4430 475 4481 itu
489 4436 655 4495 compertum
704 4431 748 4481 88.
778 4430 820 4481 Ad
832 4431 1125 4496 plusquamperfectum
1137 4426 1246 4479 untedi-

117 4507 271 4568 certumque
285 4499 385 4567 habeo)
399 4501 471 4552 λιιίιιι
481 4502 592 4553 cuminis
603 4503 655 4552 cul·
704 4496 802 4566 δεκτο,
816 4501 888 4566 quud
900 4501 968 4552 bene
979 4508 1072 4552 tuetur
1082 4499 1245 4566 wesseling.

150 4607 314 4649 nunonem.
340 4608 389 4649 111.
1005 4586 1046 4650 49
