3100 5175
1166 412 1176 434 ’
1230 416 1292 478 627

456 415 824 478 POLYMNIA.V11.
848 426 906 479 128.
930 426 989 481 129.

155 589 241 673 ulei,
271 585 358 669 ὅκως
380 616 411 658 τι
434 591 547 659 ἐθέλοι
573 595 705 659 τοιοῦτο
730 594 884 678 ποιήσαι,
912 586 1047 671 ἀνέδεξε
1073 589 1215 679 σημήϊον
1235 592 1292 660 καλ

97 710 151 762 eol
164 707 250 761 rotor
271 689 403 762 ἄλλοισι
418 690 623 781 ἀνοίγεσθαι,
649 691 844 763 καταλιπών
862 690 968 761 αὐτοῦ
988 692 1047 763 τόν
1070 693 1170 777 πεζὸν
1190 716 1289 783 στρα-

154 795 223 864 τόν.
261 799 334 865 ἐπεὶ
356 796 393 866 δὲ
415 795 553 866 ἀπίκετο
574 800 631 867 καλ
652 798 817 886 ἐθεήσατο
837 800 960 885 Ξέρξης
983 796 1045 886 τήν
1063 796 1206 886 ἐκβολήν
1230 804 1290 867 τοῦ

153 905 319 988 Πηνειοῦ,
335 904 372 969 έν
385 901 542 990 θαύματι
558 902 692 996 μεγαλῳ
703 905 865 989 ἐνέσχετο.
893 904 1035 981 καλέσας
1049 902 1086 970 di
1097 898 1174 981 τούς
1188 930 1288 989 κατη·

152 1003 296 1090 γεμόνας
316 1009 375 1092 τῆς
395 1001 477 1074 ὁδοῦ
492 1015 618 1093 είρετο,
646 1012 677 1075 εί
690 1003 749 1076 τὸν
768 1002 918 1092 ποταμὸν
940 1012 1009 1073 ἐστι
1031 1007 1288 1093 παρατρέψαντα

153 1110 249 1195 ἑτέρη
269 1110 303 1187 ἐς
317 1108 495 1177 θάλασσαν
514 1113 699 1197 ἐξαγαγεῖν.
753 1118 783 1177 Τ
780 1106 822 1197 ήν
841 1109 878 1177 δὲ
895 1116 1082 1195 Θεσσαλίην
1101 1110 1198 1195 λόγος
1217 1109 1356 1178 melliti

151 1209 189 1279 τὰ
204 1209 348 1279 παλαιὸν
362 1210 449 1280 εἶναι
464 1220 604 1302 λίμνην,
630 1210 712 1281 ὥστε
733 1239 771 1298 γε
786 1215 1096 1300 συγκεκληϊομένην
1116 1212 1287 1282 πάντοθεν

149 1311 357 1402 ὑπερμήκεσι
379 1312 504 1404 οὔρεσι.
532 1314 572 1385 τὰ
591 1314 733 1404 μὲνγὰρ
752 1312 855 1404 αὐτῆς
874 1314 956 1405 πρὸς
971 1301 1033 1404 τήν
1050 1314 1098 1403 ήώ
1114 1323 1230 1403 ἔχοντα
1250 1316 1287 1386 τό

148 1445 187 1487 τε
202 1418 332 1505 Πήλιον
345 1410 445 1507 οὖρος
458 1422 514 1489 καλ
528 1416 663 1509 ήὍσσα
677 1416 870 1507 ἀποκληίει,
884 1427 1114 1508 συμμίσγοντα
1127 1419 1185 1499 τὰς
1194 1415 1286 1489 ὑπω-

147 1624 299 1676 Schoeiero
311 1626 438 1676 insertam
450 1627 573 1692 equidem
581 1644 641 1679 cum
653 1646 693 1679 ro·

147 1696 233 1761 liquis
249 1695 309 1748 edd.
324 1696 421 1749 delevi.
458 1696 500 1746 Ad
521 1690 636 1760 ἀνέδεξε
654 1698 692 1750 ei.

148 1769 221 1815 nott.
235 1764 270 1814 ed
283 1765 336 1828 VI,
353 1766 411 1816 121.

184 1829 347 1883 καταλιπών
356 1829 447 1884 αὑτοῦ
456 1830 507 1885 τὸν
517 1827 602 1896 πεζὸν
612 1850 692 1898 στρα-

146 1897 212 1967 τὸν]
226 1895 318 1953 αὐτοῦ
330 1905 365 1954 od
377 1905 505 1956 meream
514 1907 613 1957 relero.
628 1908 692 1957 Mox

145 1968 282 2038 θωύματα
302 1975 410 2039 reposui
427 1991 476 2041 pro
497 1970 620 2039 θεάματι.
650 1977 692 2026 Ad

146 2043 226 2094 verbi
238 2035 386 2108 ἐνέχεσθαι
399 2059 477 2095 usum
492 2047 520 2095 iu
535 2045 638 2096 talibus
653 2047 689 2096 cf.

147 2113 236 2164 ollutr
249 2115 283 2163 ed
294 2114 341 2175 VI,
357 2113 398 2162 50.
409 2115 488 2175 Vlll,
501 2116 544 2166 52.
567 2116 606 2163 Ac
621 2116 692 2165 dixit

146 2186 251 2235 Noster
271 2183 355 2244 Vlll,
373 2184 421 2235 135
446 2177 480 2232 ἐν
498 2177 630 2248 θαύματι
649 2178 692 2234 ἐν-

147 2251 280 2316 έχεσθαι,
305 2254 423 2319 itemque
448 2255 502 2317 IX,
516 2253 549 2303 37
572 2253 634 2305 coll.
652 2256 691 2319 ΙΙ,

148 2324 276 2385 12182,
289 2323 335 2372 ubi
346 2323 495 2388 simplicem
509 2324 631 2373 dativum
646 2325 695 2374 ad·

147 2394 259 2443 struxit.
300 2393 384 2444 Medii
409 2398 501 2443 eutem
523 2397 626 2444 eoristo
652 2395 692 2445 sic

146 2463 249 2514 Noster
258 2477 323 2513 usus
334 2469 390 2526 est,
402 2469 433 2512 ut
443 2464 477 2512 od
486 2465 626 2527 passivum
637 2465 691 2514 vim

147 2533 266 2582 medium
280 2547 389 2596 prorsus
405 2534 534 2584 accedere
549 2534 690 2596 videatur,

145 2603 220 2654 uude
251 2603 378 2653 Kuehner
406 2603 452 2653 Gr.
471 2603 516 2653 Gr.
538 2606 562 2667 ξ.
583 2606 649 2667 loo,
675 2608 691 2655 2

145 2672 295 2724 verneoule
311 2673 387 2723 reddi
402 2672 475 2723 vult:
495 2690 524 2723 er
536 2688 590 2722 mor
602 2675 689 2736 deson·

142 2759 210 2807 pen,
230 2743 311 2809 plane
328 2744 401 2806 utI,
416 2742 447 2795 31
470 2734 500 2791 έν
514 2736 586 2791 τέλεϊ
598 2739 689 2812 τούτῳ

146 2808 306 2877 ἔσχοντο.
333 2813 401 2862 Mihi
424 2814 452 2863 in
474 2817 591 2864 mentem
610 2830 691 2864 vene-

145 2889 211 2934 rant
231 2883 376 2934 Homerico
395 2882 494 2948 Odyss.
517 2884 574 2945 XI,
595 2882 646 2935 333
663 2889 690 2933 et

145 2952 236 3014 Xlll,
249 2954 279 3001 2:
295 2948 434 3019 κηληθμῷ
447 2943 475 3001 δ’
487 2943 642 3016 ἔσχοντο.
657 2982 689 2990 -

146 3024 180 3073 In
201 3036 276 3087 seqq.
291 3038 340 3087 pro
361 3014 491 3086 ποταμόν
507 3013 564 3070 ἐστι
580 3023 689 3073 exhibui

145 3086 277 3156 ποταμὸν
294 3087 362 3144 ἐστι,
398 3092 441 3142 Ad
459 3107 553 3142 vocem
574 3105 691 3156 κατηγε-

144 3156 237 3227 μόνας
249 3162 320 3213 coni.
329 3163 362 3224 V,
376 3162 407 3212 14
424 3162 516 3228 ibique
525 3167 594 3212 nott.
618 3161 687 3213 ndo.

145 3230 288 3283 Sehseler.
311 3232 346 3282 ud
364 3233 453 3298 Longi
469 3232 606 3283 Pastorel.
625 3248 688 3297 μορ.

180 3369 283 3436 είρετο]
311 3370 405 3433 „Quid
428 3376 555 3435 spectans
575 3373 692 3423 interro·

142 3442 254 3506 gurerit
266 3441 318 3490 hoc
332 3441 451 3503 Xerxes,
464 3457 525 3507 eep.
541 3440 589 3491 130
601 3443 690 3492 declu-

144 3512 251 3561 retur.“
264 3509 521 3575 Schweiqdeeur.

312 3683 378 3733 Cur.
397 3683 520 3735 CXXIX.

180 3778 245 3851 ,Τήν
262 3778 294 3835 δέ
310 3785 469 3851 Θεσσαλίην
489 3778 570 3851 λόγος
584 3775 641 3834 ἐστὶ
655 3777 688 3832 τὸ

143 3849 269 3906 παλαιὸν
288 3848 363 3905 εἶναι
377 3855 491 3922 λίμνην]
512 3855 590 3918 Quod
604 3853 689 3904 Thes·

142 3927 244 3977 saliem
261 3926 325 3976 olim
339 3927 413 3977 ieme
432 3927 499 3989 fert,
516 3941 604 3989 eaque
621 3940 686 3974 con·

745 1632 826 1691 nent,
841 1625 909 1677 adeo
922 1631 953 1676 ut
965 1627 1105 1678 verissime
1117 1628 1217 1678 Noster
1231 1633 1285 1677 tre-

744 1697 846 1747 didisse
862 1697 998 1761 putandus
1011 1697 1056 1766 sit.
1083 1696 1144 1746 Vid.
1159 1697 1287 1747 Vaudon·

745 1777 831 1817 court.
853 1767 872 1819 l.
891 1766 909 1817 1.
928 1781 990 1831 pag.
1010 1765 1070 1817 300.
1089 1766 1155 1828 310,
1181 1768 1284 1818 Kruso:

743 1836 838 1886 Helles
854 1838 876 1888 l.
892 1851 956 1902 pag.
968 1837 1019 1886 281
1043 1841 1070 1886 et
1087 1851 1158 1901 queo
1175 1851 1284 1887 monne-

743 1912 808 1954 rnnt
832 1905 940 1955 Lealre:
965 1905 1078 1955 Travels
1100 1906 1129 1955 iu
1146 1906 1284 1956 Northern

743 1977 845 2026 Greeoe
861 1976 909 2026 IV.
925 1991 987 2040 pag.
1005 1975 1056 2026 513
1073 1991 1146 2040 seq,
1171 1976 1284 2041 Clrrhe:

742 2044 971 2095 Ττενο1ο]1.2ῖο.
981 2045 1040 2105 280,
1055 2046 1101 2109 qui
1111 2046 1179 2094 bene
1193 2046 1297 2096 obser·

741 2116 838 2176 revit,
852 2114 924 2164 idem
934 2114 1054 2179 lepidum
1064 2131 1149 2179 genus
1159 2116 1284 2165 eandem·

743 2200 796 2250 que
807 2187 916 2234 omnino
926 2186 1067 2234 materiem
1080 2186 1108 2232 in
1116 2184 1230 2249 Olympo
1242 2191 1283 2234 nt-

742 2270 795 2320 que
809 2255 836 2303 in
853 2255 923 2304 Osse
937 2255 1063 2319 reperiri,
1083 2252 1216 2304 llle'zieres
1232 2255 1281 2305 1.1.

741 2326 863 2389 pagens
874 2339 932 2389 req.
947 2331 974 2374 et
985 2325 1158 2389 potissimum
1170 2324 1283 2389 Kriegk.

742 2394 759 2445 1.
778 2395 795 2446 l.
812 2410 875 2458 pag.
891 2394 1014 2444 35-39.
1046 2394 1217 2458 Quemquam
1229 2411 1282 2459 quo

742 2469 862 2528 tempore
875 2479 964 2529 aquae
977 2463 1158 2528 perruperint,
1173 2463 1283 2514 difficile

742 2534 858 2595 dixeris;
873 2536 907 2583 od
920 2548 1019 2583 annum
1036 2534 1099 2583 1885
1114 2548 1139 2583 e.
1153 2533 1215 2583 Chr.
1226 2534 1284 2599 ple·

740 2620 855 2670 rumque
875 2606 1017 2660 reiicinnt;
1039 2603 1072 2652 od
1092 2619 1192 2653 ennum
1215 2603 1279 2653 1541

740 2690 767 2725 e.
783 2674 845 2725 Chr.
859 2691 885 2724 n.
897 2674 993 2725 referri
1004 2673 1065 2722 vult
1077 2675 1188 2723 Dureau
1204 2673 1237 2724 de
1255 2672 1282 2722 lu

740 2744 837 2794 Molle:
860 2742 1013 2808 Gdogrnph.
1033 2741 1110 2806 phys.
1131 2742 1163 2791 de
1182 2742 1210 2790 lu
1223 2743 1282 2791 Mer

740 2815 826 2865 noire.
846 2829 905 2877 cop.
927 2812 961 2861 20
973 2828 1027 2875 seq.
1044 2827 1070 2875 p.
1083 2811 1134 2859 201
1151 2826 1226 2876 seqq.
1247 2838 1280 2846 -

740 2883 885 2933 Caeterum
902 2897 935 2933 ex
951 2888 1081 2931 accurato
1096 2878 1147 2928 hec
1159 2880 1280 2929 faucium

741 2948 1279 3016 descriptionebenecolligitDehlmenn.

740 3024 768 3070 in
796 3021 928 3072 Herodot.
947 3035 1010 3085 pag.
1026 3018 1060 3068 50
1081 3016 1142 3067 οο11.
1166 3019 1279 3069 Rennel.

741 3107 802 3156 pag.
815 3090 881 3152 208,
900 3089 1069 3139 llerodotum
1087 3087 1175 3151 iprum
1192 3088 1280 3153 perlu-

740 3167 844 3215 strasse
867 3157 1036 3209 Thessaliam
1061 3157 1204 3222 ipsumque
1229 3157 1279 3207 her

739 3228 1004 3292 frucesinspexiese.
1013 3228 1055 3277 De
1067 3226 1280 3292 Theseatiepluro

741 3298 879 3365 congessit
897 3296 1057 3347 Trsohuoke
1073 3297 1106 3345 ed
1120 3296 1184 3347 Mel.
1199 3298 1237 3360 11,
1252 3297 1278 3347 3.

739 3373 796 3434 §.4
811 3385 837 3433 p.
848 3367 893 3418 101
910 3372 980 3416 nott.
992 3381 1087 3431 exegg.
1101 3367 1170 3417 Add.
1183 3368 1280 3416 Forbi·
1368 3390 1373 3399 ·

738 3455 799 3505 ger:
814 3436 923 3487 Hendb.
940 3437 967 3487 d.
981 3436 1133 3523 oltGeoqr.
1148 3437 1201 3487 111.
1214 3454 1278 3503 pog.

738 3508 788 3559 881
802 3522 860 3572 seq.
887 3507 979 3557 Verbo
991 3521 1067 3571 seqq.
1088 3518 1157 3555 ωοτε
1172 3521 1202 3570 γε
1217 3522 1280 3571 σογ-

737 3571 943 3641 κεκληϊσμένην
958 3591 984 3627 κ.
996 3591 1020 3627 τ.
1034 3576 1058 3624 λ.
1079 3578 1174 3641 attigit
1188 3577 1279 3629 Schol.

736 3646 865 3713 Apellen.
879 3646 967 3696 Rhod.
981 3646 1037 3708 111,
1053 3646 1130 3697 1085.

772 3710 806 3765 τό
820 3730 849 3765 τε
861 3710 971 3780 Πήλιον
987 3704 1074 3777 οὖρος
1088 3710 1134 3762 καὶ
1151 3705 1277 3778 ήὍοοα]

738 3787 811 3838 Orsa
822 3802 898 3836 mons
911 3786 1025 3849 Olympo
1040 3784 1186 3847 respondet
1196 3800 1212 3833 e
1225 3799 1279 3834 me·

737 3858 822 3917 ridie,
858 3858 947 3905 Peneo
975 3854 1058 3903 fluvio
1088 3854 1277 3905 interiacente.

737 3928 760 3976 A
782 3942 833 3990 quo
850 3930 941 3974 monto
961 3925 1006 3990 qui
1027 3921 1164 3972 meridiem
1183 3938 1278 3973 versus

143 4002 222 4047 siens
239 3996 296 4047 iere
310 4012 358 4062 per
372 4012 476 4047 omnem
490 3995 684 4060 antiquitatem
737 3996 843 4044 modice
866 3993 902 4042 ed
922 3994 1054 4044 orientem
1074 3992 1137 4043 flexi
1162 3992 1279 4042 tendunt

143 4066 188 4131 (nt
215 4066 269 4116 loci
296 4069 511 4116 commonstrent
530 4064 639 4116 collecti
668 4079 685 4112 u
736 4062 1278 4129 montesedPogeseeumsinuminmere

142 4136 277 4202 Krieglrio
288 4136 330 4185 l.l.
342 4152 368 4201 p.
377 4134 433 4199 35),
448 4140 536 4185 totum
546 4135 626 4199 equis
638 4132 684 4182 ob·
736 4138 942 4200 procurrentes,
959 4133 1026 4181 Pelii
1038 4131 1146 4181 nomine
1160 4130 1224 4181 olim
1238 4133 1279 4181 in·

141 4210 245 4256 tectum
271 4206 369 4268 inisse,
394 4221 465 4270 quoe
492 4208 588 4268 operte
613 4204 685 4252 inter
737 4203 900 4253 dicebantur
915 4208 943 4251 et
963 4201 1017 4266 ipsi
1035 4200 1178 4268 altissimi,
1205 4217 1278 4252 nuuc

142 4275 289 4341 Olympum
302 4281 330 4325 et
342 4276 440 4326 Orsem
454 4274 568 4339 rupturi
580 4274 685 4323 demum
737 4273 841 4338 cogniti
858 4271 966 4322 nomine
978 4271 1092 4335 Ζοροτα,
1107 4286 1215 4335 epego,
1230 4271 1279 4336 qui

142 4345 178 4395 ad
194 4360 270 4395 more
283 4346 386 4395 exitum
399 4342 567 4404 invenerint,
586 4342 685 4405 idipso
736 4343 788 4393 hoc
802 4357 898 4391 nomeu
913 4357 979 4406 pree
994 4355 1023 4391 se
1034 4340 1102 4401 sert3
1115 4341 1277 4391 altissimum

142 4415 262 4466 felicium
275 4415 331 4465 situ
340 4419 455 4479 totoque
465 4414 586 4478 regionis
597 4410 682 4461 'l'hes-
737 4413 810 4478 quod
826 4416 868 4462 est
881 4411 952 4460 Pelii
972 4423 1117 4469 cacumen,
1137 4408 1200 4459 olim
1213 4410 1279 4461 inri-

141 4485 247 4536 seliose
269 4483 359 4534 indole
379 4484 488 4549 egregie
508 4481 616 4548 probari
632 4497 688 4531 mo·
736 4483 841 4549 gnitum
856 4482 943 4532 socris
958 4481 1032 4531 lovis
1044 4471 1188 4545 Ἡραίου,
1206 4495 1278 4530 uunc

1016 4569 1081 4629 40*
