3100 5175
1214 431 1273 503 321

139 605 216 687 πάν,
231 596 313 671 ὅσον
326 631 357 672 τι
373 603 428 672 καὶ
441 603 579 692 βούλεαι
594 609 777 676 πυθέσθαι.
798 603 820 697 ἢ
834 607 898 698 γάρ
909 613 945 679 ἐκ
960 617 1021 680 τοῦ
1036 608 1141 702 ἥρωος
1153 612 1274 683 τούτου

138 709 296 793 γέγονας,
318 715 378 775 καί
396 735 447 777 τοι
470 709 577 797 πατήρ
598 713 665 778 ἐστι
686 708 888 798 Ἀρτάβακος
911 710 1072 804 ὁῆρωςῆ
1095 713 1270 805 Ἀρίστων·

138 814 174 878 ἐν
195 810 261 899 γάρ
282 830 321 877 σε
344 815 385 900 τῇ
405 813 503 879 νυκτὶ
525 811 630 900 ταύτῃ
649 809 857 902 άναιρεόμαι.
908 824 955 905 Τῇ
978 822 1104 887 δέθσεν
1129 819 1272 907 μάλιστα

137 911 361 981 κατάπτονται
383 917 419 981 ol
433 917 549 1002 ἐχθροὶ
573 919 742 1002 λέγοντες,
772 913 817 996 τός
842 916 942 999 αὐτὸς
967 917 985 990 δ
1014 918 1188 1010 Ἀρίστων,
1217 919 1272 991 ὅτε

137 1013 230 1108 αὐτῷ
243 1014 287 1084 od
300 1013 470 1104 ἠγγέλθης
485 1021 722 1106 γεγενημένος,
740 1026 875 1090 πολλῶν
889 1020 1085 1093 ἀκουόντων
1098 1022 1139 1095 οὐ
1154 1025 1275 1114 φήσειέ

138 1142 174 1187 σε
196 1122 326 1188 ἑωυτοῦ
341 1119 444 1204 εἶναι,
465 1120 525 1190 τόν
544 1123 667 1209 χρόνον
680 1121 762 1208 γάρ,
784 1123 862 1203 τούς
876 1129 957 1195 δέκα
975 1132 1099 1215 μῆνας,
1121 1124 1205 1197 οὐδέ
1221 1155 1270 1198 κω

138 1221 284 1310 ἐξήκειν·
321 1219 452 1312 άλδρείῃ
476 1229 545 1292 τάν
575 1225 736 1294 τοιούτων
764 1230 891 1307 ἐκεῖνος
918 1233 1017 1298 τοῦτο
1043 1228 1208 1319 ἀπέρριψε
1232 1228 1270 1299 τδ

138 1332 225 1405 ἐπος.
248 1332 398 1394 τίκτουσι
412 1324 476 1414 γάρ
490 1345 647 1414 γυναῖκες
662 1332 716 1397 καλ
731 1331 919 1418 ἐννεάμηνα
932 1334 988 1400 καὶ
1004 1332 1193 1421 ἑπτάμηνα,
1214 1335 1270 1402 καὶ

137 1426 294 1497 οὐτάσαι
309 1432 389 1498 δέκα
402 1434 509 1519 μῆνας
521 1433 747 1500 ἐκτελέσασαι·
777 1432 842 1518 ἐγώ
858 1433 895 1502 δέ
908 1435 961 1520 σὲ,
985 1427 1101 1521 circat,
1122 1435 1267 1524 ἑπτάμη-

138 1617 177 1692 (ἐν
186 1622 240 1692 γάρ
253 1641 283 1675 σε
293 1625 327 1694 τῇ
337 1623 417 1677 νυκτὶ
427 1619 526 1692 ταότη)
540 1629 678 1680 disiuncta
728 1647 788 1680 cum
803 1631 926 1682 Beklrero
943 1649 975 1682 ac
988 1634 1123 1684 Bredovio
1138 1649 1203 1698 pag.
1219 1634 1267 1684 187

137 1699 240 1748 monuit
256 1699 384 1747 Kuehner
402 1697 447 1774 Gr.
464 1697 509 1777 Gr.
521 1702 550 1760 '§.
564 1699 630 1761 626,
646 1715 675 1759 ες
728 1715 776 1764 pro
795 1700 867 1764 vulg.
886 1693 1006 1766 α’ϊδρηΐη
1026 1704 1124 1766 scripsi
1144 1695 1268 1768 α’·ιδρειή,

136 1768 168 1818 de
182 1773 322 1816 structura
334 1766 409 1819 verbi
421 1767 604 1830 αγγελλεσθαι
616 1783 677 1817 cum
727 1770 799 1833 quod
812 1771 985 1820 Florentinus
1000 1775 1027 1821 et
1043 1771 1184 1822 Sancroiti
1199 1772 1268 1822 liber

135 1837 280 1902 participio
308 1837 364 1889 vid.
389 1842 458 1888 nott.
488 1837 524 1886 ad
549 1837 591 1898 ΙΙ,
617 1837 676 1887 121.
727 1838 863 1887 exhibent.
891 1840 932 1888 Ad
950 1840 1112 1890 locutionem
1126 1834 1268 1904 ἀπέρριψε
1344 1871 1346 1874 -

136 1911 159 1968 ξ.
175 1906 200 1955 5.
725 1899 758 1955 τὸ
771 1901 839 1963 έπος
850 1909 922 1960 conf.
937 1908 959 1964 1.
972 1909 1029 1962 153.
1044 1911 1091 1972 lv,
1108 1912 1163 1960 142.
1187 1909 1267 1974 Apud

167 1964 292 2038 ἐξήκειν]
303 1972 378 2022 Idem
390 1974 501 2024 verbum
512 1974 676 2025 observante
724 1978 843 2027 Pausan.
857 1978 908 2040 ΙΙΙ,
918 1980 943 2027 4.
956 1981 979 2041 5.
991 1980 1007 2028 4
1022 1978 1054 2028 δε
1066 1979 1160 2028 eadem
1170 1994 1199 2028 re
1211 1981 1266 2029 sic:

135 2042 315 2108 Wcsselingio
327 2042 472 2108 legiturss,
483 2043 673 2108 lll.Sophocl.
727 2035 777 2102 σός
796 2037 919 2110 (λόγους)
938 2038 1066 2109 Ἀρίστων
1079 2041 1147 2095 ποτὲ
1165 2037 1193 2104 ἐς
1209 2050 1266 2112 Δη-

135 2111 361 2165 assecretem.
389 2112 467 2174 Quod
486 2114 608 2177 sequitur
631 2107 674 2162 α’ϊ-
725 2108 855 2178 μάρατον
885 2113 1022 2181 τεχθέντα
1052 2107 1181 2183 ἐξέβαλεν
1207 2108 1265 2166 ὑπὸ

134 2179 214 2247 δρειή
233 2180 357 2246 (inscitia)
383 2196 416 2231 er
436 2183 555 2232 Homero
578 2183 674 2242 fluxit;
724 2175 864 2246 ἀμαθίας.

135 2251 206 2305 conf.
223 2253 322 2314 Odyss.
337 2250 405 2312 Xll,
424 2253 467 2301 41.
485 2253 525 2313 X,
538 2251 599 2301 231.
612 2253 671 2302 257.
746 2254 886 2302 Ιτίκτουσι
899 2244 952 2316 γάρ
965 2254 1097 2317 γυναῖκες
1109 2249 1158 2301 καὶ
1172 2245 1266 2302 ἐννεά-

135 2322 186 2384 xl,
201 2323 262 2371 272.
281 2319 322 2370 lli.
342 2320 396 2370 Vll
405 2358 412 2382 ‚
432 2321 481 2371 198
499 2322 564 2386 ibiq.
583 2321 674 2384 Heyn.
723 2338 799 2386 μηνα
811 2350 844 2358 -
854 2314 1038 2386 ἐκτελέσασαι]
1052 2323 1200 2387 Attigimns
1214 2323 1265 2372 hoc

134 2391 206 2454 xlx,
223 2392 280 2441 lli.
317 2387 490 2440 Adiectirum
507 2381 602 2451 ἄϊδρις
619 2391 674 2455 (rim
722 2391 1027 2456 iamsupraedVl,63.
1054 2394 1152 2442 Partus
1164 2395 1266 2454 septeno

133 2464 244 2523 peritur,
271 2460 331 2509 nihil
347 2457 440 2523 sciens)
467 2461 605 2510 invenitur
628 2460 672 2512 lli.
724 2478 814 2512 mense
830 2463 898 2512 editi
917 2460 1068 2525 exemplum
1083 2461 1196 2526 praebet
1211 2462 1265 2511 Eu-

135 2530 190 2596 111,
206 2531 266 2581 219.
290 2529 342 2580 Od.
356 2529 394 2591 X,
411 2530 471 2580 282.
504 2530 571 2580 Inde
590 2529 672 2579 etism
723 2530 849 2598 rystheus
862 2533 890 2580 in
903 2531 983 2582 Iliad.
996 2531 1069 2593 ΧΙΧ,
1089 2532 1151 2581 lli:

335 2635 353 2709 ἡ
365 2634 478 2693 δ’έκόει
489 2643 575 2707 φίλον
587 2639 666 2709 οἷόν,
681 2638 694 2695 ὁ
707 2641 735 2695 δ’
746 2644 865 2712 ἕβδομος
877 2638 985 2712 ἑστήκει
998 2646 1069 2710 μείς.

134 2765 211 2815 Unde
223 2764 319 2815 scribit
335 2779 443 2830 quoque
455 2764 549 2815 Cicero
561 2766 601 2815 De
615 2772 672 2817 nat.
724 2767 799 2818 etc.“
830 2767 946 2817 Octavum
958 2782 1076 2817 mensem
1095 2781 1141 2815 cur
1155 2766 1265 2816 silentio

134 2835 205 2884 deor.
219 2835 256 2897 11,
272 2835 315 2898 27,
327 2836 374 2885 bb:
394 2834 569 2898 „Adhibetur
582 2841 672 2885 sutem
724 2843 830 2902 premat
844 2838 1014 2897 Herodotus,
1028 2852 1044 2885 a
1061 2835 1179 2886 Caecilio
1193 2835 1266 2900 apud

135 2902 246 2969 (Diana)
266 2902 302 2953 ad
322 2909 430 2967 partus,
455 2903 525 2968 quod
544 2906 565 2953 ii
586 2911 673 2955 matu-
724 2906 792 2957 Gell.
812 2908 846 2957 N.
866 2908 923 2956 Att.
947 2906 1005 2967 111,
1028 2906 1059 2956 lb
1079 2910 1265 2966 memoratum,

133 2981 241 3023 rescunt
251 2980 400 3036 autseplem
411 2989 613 3037 nonnunquam,
625 2979 674 3025 aut
724 2977 802 3026 cuius
810 2975 877 3026 haec
888 2981 951 3025 sunt
962 2975 1044 3024 verba
1056 2973 1122 3038 (vid.
1133 2973 1265 3023 Ribbeck.

134 3049 164 3093 ut
180 3043 340 3108 plerumque
352 3060 435 3095 uorem
451 3043 533 3093 laruae
549 3045 672 3094 cursibus
726 3046 844 3095 Comicc.
859 3045 935 3093 Latt.
951 3044 1055 3108 Reliqq.
1068 3058 1094 3107 p.
1110 3041 1172 3106 etl:

336 3143 425 3183 Soletnc
441 3142 519 3182 rnulicr
532 3142 616 3183 decimo
632 3155 704 3183 nierise
720 3144 810 3195 parcre?
824 3166 847 3173 -
864 3143 903 3184 l'ol

335 3193 399 3234 Nono
413 3206 501 3246 ηαοιηοε
515 3201 579 3246 slipis
593 3200 669 3236 octavo
683 3200 747 3247 atquc
762 3197 828 3235 ctiam
841 3196 947 3248 septimo:

134 3289 675 3353 tenendumest,Hcrodotumstqueeius
724 3298 812 3340 octavo
834 3305 925 3341 mense
943 3288 1032 3353 gigni,
1054 3291 1085 3339 nt
1100 3287 1205 3338 Plinius
1225 3288 1265 3337 ait

133 3359 272 3425 aequalem
283 3359 481 3423 Hippocratem
495 3357 547 3423 (De
560 3374 635 3410 carn.
646 3374 672 3424 p.
723 3361 889 3411 Aristotelea
917 3359 1067 3422 respiciens
1088 3358 1124 3409 H.
1147 3358 1181 3407 N.
1201 3358 1264 3421 Vll,

133 3432 192 3481 254.
208 3431 251 3479 De
265 3433 323 3494 opt.
340 3436 411 3492 part.
431 3444 457 3492 p.
475 3429 526 3477 258
539 3443 596 3494 seq.
609 3428 672 3480 coll.
723 3431 748 3492 ὀ,
759 3433 784 3480 4.
798 3446 862 3495 pag.
874 3427 1019 3481 3inard.
1044 3429 1136 3493 Atque
1149 3426 1219 3478 hanc
1231 3426 1265 3478 de

134 3499 288 3565 Olympiod
299 3499 462 3548 Commentt.
474 3498 501 3546 in
511 3498 597 3547 Alcib.
609 3514 672 3563 pag.
723 3507 823 3550 octavo
836 3515 926 3549 mense
940 3497 1157 3548 observationem
1172 3497 1207 3547 sd
1218 3513 1266 3547 nu-

135 3571 181 3620 lob
199 3569 291 3634 ibique
311 3572 382 3618 nott.
396 3566 503 3616 Philon.
520 3569 562 3617 De
579 3567 673 3617 mundi
724 3584 857 3619 merorum
878 3568 1077 3632 philosophiam
1099 3572 1266 3617 revocarunt

133 3640 227 3704 opitl.
238 3655 264 3703 p.
273 3637 317 3690 82.
325 3652 350 3701 p.
358 3635 404 3699 84)
417 3635 584 3702 applicuisse
596 3654 625 3688 se
637 3637 672 3687 ad
722 3638 911 3703 Pythagor-ich
932 3637 987 3687 vid.
1004 3636 1164 3687 Nicomachi
1177 3635 1265 3687 Theo·

130 3708 269 3774 vulgarem
286 3709 467 3770 sententiam,
488 3721 557 3772 qnae
574 3717 674 3770 parram
722 3708 795 3773 legg.
811 3707 967 3759 Aritbmett.
992 3722 1016 3770 p.
1035 3707 1078 3755 47.
1097 3706 1139 3758 48.
1156 3706 1190 3755 56
1203 3708 1264 3756 Ast.

131 3788 215 3830 νιιανο
234 3783 380 3828 mecaenat
399 3777 442 3825 edi
464 3792 541 3839 posse
557 3786 672 3841 separet,
724 3779 835 3842 eiusque
849 3776 1032 3827 animadvers.
1045 3790 1070 3839 p.
1085 3774 1144 3825 188.
1160 3775 1182 3825 1.
1194 3775 1264 3840 Lyd.

130 3846 445 3909 catcerteuitalerusore.
471 3846 673 3897 Inaliaumnia
722 3849 876 3899 Demenss.
891 3863 916 3910 p.
932 3844 1138 3896 53ed.Schow.
1164 3844 1266 3894 Attulit

131 3920 238 3969 abierat
252 3916 414 3967 Aristoteles
428 3917 470 3965 De
481 3932 569 3981 procr.
582 3917 629 3979 IV,
645 3919 672 3967 4.
723 3918 791 3968 baec
802 3920 922 3967 Creuzer.
934 3916 960 3963 in
971 3914 1133 3963 Commentt.
1144 3913 1264 3962 Herodd.

130 3988 221 4040 Probl.
239 3987 351 4048 xb,10
371 3991 399 4037 et
415 3987 537 4051 inprimis
556 3987 584 4035 in
597 3987 672 4035 Hist.
724 4001 787 4050 pag.
806 3988 858 4035 ‘240
874 4000 930 4047 seq.
950 3982 993 4033 his
1012 3985 1040 4030 in
1057 3979 1182 4030 clausula
1202 3982 1266 4030 sub·

130 4060 220 4111 Anim.
236 4058 304 4119 VII,
320 4059 350 4119 4,
372 4057 419 4106 ubi
435 4057 505 4105 inter
524 4054 671 4104 aliahaec:
723 4056 839 4104 iunctisz
867 4054 1030 4115 „Camerum
1056 4048 1266 4113 quodHerodo-

132 4122 172 4186 εἷς
187 4122 243 4193 γάρ
264 4117 382 4189 εόριοται
398 4123 449 4173 τοῦ
463 4116 551 4173 τόκον
571 4116 673 4187 χρόνος
724 4130 782 4173 tum
796 4124 853 4174 dixi
869 4134 1037 4172 communem
1051 4119 1205 4183 opinionem
1224 4135 1266 4169 se·

133 4196 234 4247 πᾶσιν·
259 4186 407 4260 ἀνθρώπῳ
428 4188 460 4242 δέ
479 4190 579 4242 πολλοὶ
594 4185 672 4257 μόνῳ
727 4194 786 4258 qui,
813 4192 864 4242 hoc
888 4208 920 4241 eo
945 4190 1076 4253 pertinet,
1101 4188 1172 4251 quod
1197 4186 1267 4238 talia

133 4265 187 4316 τῶν
199 4258 297 4327 ζιόων,
315 4258 429 4327 καὶγὰρ
445 4252 593 4327 ἑπτάμηνα
611 4256 673 4310 καλ
726 4263 851 4312 diverbia
871 4258 1047 4325 probabiliter
1071 4257 1201 4321 effingere
1221 4256 1267 4307 rel

134 4331 315 4399 ὀκτάμηνα
329 4329 377 4383 καὶ
392 4325 551 4395 ἐννεάμηνα
563 4329 674 4395 γέγνον-
726 4335 800 4381 certe
815 4345 947 4380 exornare
960 4326 1049 4377 solent
1061 4331 1168 4377 veteres
1180 4326 1267 4377 histo·

132 4422 175 4455 ται
185 4402 234 4455 καλ
245 4396 393 4467 δεκάμηνα
404 4395 435 4452 τδ
445 4401 587 4451 πλεῖστον.
604 4402 673 4450 Tum
725 4402 788 4453 rici.
814 4402 874 4450 Non
887 4398 1001 4448 audeam
1015 4396 1105 4446 dicere
1119 4396 1267 4447 doctiorem

133 4476 210 4527 addit
222 4474 386 4538 indegypto
398 4472 634 4523 tralatitiumcsse
647 4474 675 4522 et
725 4471 778 4521 bac
803 4471 833 4520 in
853 4484 882 4519 re
903 4467 1036 4519 historiae
1058 4470 1166 4531 patrem
1186 4483 1268 4533 quam

165 4580 336 4624 annones.
354 4580 404 4621 111.
1030 4551 1068 4612 21
