3100 5175
274 395 336 463 302

710 395 977 459 HERODOTI

273 571 416 664 unicorni
435 595 496 662 σφι
518 577 587 642 τῶν
608 570 780 660 γερόντων
802 572 1030 661 προσήκοντας
1052 578 1141 659 ἔχειν
1167 569 1208 640 τᾶ
1225 576 1294 640 τῶν
1314 576 1410 658 βασι·

273 682 359 749 λέων
373 681 489 767 γέρεα,
514 677 575 746 δύο
591 678 727 765 ψήφους
746 679 963 763 τιθεμένους,
983 684 1099 826 τρίτην
1124 675 1161 744 δὲ
1178 674 1240 765 τὴν
1263 678 1410 744 ἑωυτῶν.

272 920 345 976 tum,
375 911 492 964 subinde
515 912 669 977 designari
694 916 819 963 monente

272 984 343 1035 0ηο
350 982 497 1033 Muellero:
508 984 574 1033 Dor.
580 983 618 1032 11
626 997 690 1047 pag.
699 982 817 1047 illseqq.

271 1055 315 1105 94.
329 1053 387 1103 102.
406 1053 477 1101 Add.
489 1053 641 1101 ΊΙΙΙριεοτι.
653 1054 817 1102 Staatsveri.

271 1139 335 1188 pag.
354 1123 419 1185 ll7,
438 1123 467 1171 C.
486 1122 517 1170 F.
532 1123 686 1172 Hermann:
706 1122 816 1173 Griech

272 1191 479 1245 Staatsalterth.
506 1195 530 1254 ξ.
552 1194 595 1242 24.
619 1198 676 1244 not.
697 1191 710 1242 1
730 1208 816 1257 seqq,

272 1262 456 1313 Schoemann:
470 1261 579 1311 Gricch.
595 1259 710 1310 Alterth.
726 1278 753 1326 p.
763 1261 816 1312 230

272 1348 348 1397 seqq.
384 1331 490 1396 Viginti
508 1336 570 1380 octo
589 1333 631 1396 (ut
649 1347 711 1380 cum
729 1332 816 1380 Hero-

272 1402 336 1452 doto
346 1402 549 1451 consentientes
559 1399 815 1450 traduntPlutarch.

271 1472 452 1537 VitLycurg.
462 1472 478 1521 n
489 1475 516 1519 et
525 1470 681 1521 Pausanias
692 1471 745 1535 111,
754 1473 778 1531 5,
786 1471 814 1534 3)

271 1542 399 1590 constitit
415 1541 527 1606 gerusia
544 1540 734 1603 aenatoribus,
756 1542 818 1605 qui-

270 1611 334 1671 bus,
358 1615 389 1660 ut
406 1611 512 1674 integer
530 1611 605 1660 lieret
623 1611 816 1676 perfectusque

271 1696 416 1742 numerus,
448 1680 502 1730 duo
534 1680 704 1730 accedebant
737 1695 815 1744 reges

270 1751 420 1814 praesides.
445 1750 498 1809 Qui
510 1745 638 1799 numerus
649 1750 762 1814 triginta
773 1767 815 1800 se-

270 1826 396 1870 natorum
413 1819 542 1884 congruit
560 1835 623 1869 cum
643 1820 746 1869 dierum
764 1835 815 1868 nu·

269 1904 344 1939 mero
364 1890 465 1940 mensis
484 1888 616 1954 cuiusque
638 1890 665 1938 in
681 1905 754 1939 anno
773 1890 816 1939 lu·

269 1960 344 2022 nari,
373 1957 479 2024 qualem
504 1958 657 2023 Spartanos
680 1959 744 2010 olim
766 1959 814 2008 ha·

269 2029 362 2079 buissc
371 2028 501 2079 credibile
512 2035 564 2079 est.
590 2031 627 2078 Et
641 2029 702 2094 quis
715 2030 813 2090 nescit,

271 2103 401 2179 quantam
419 2099 527 2148 omnino
539 2114 583 2149 res
595 2098 704 2148 lunares
718 2100 746 2148 in
759 2114 814 2148 om-

270 2168 317 2217 nia
329 2169 524 2231 Spartanorum
543 2170 672 2218 instituta
689 2184 770 2218 sacra
786 2175 813 2219 et

269 2237 386 2302 profana
398 2236 585 2287 habuerint
559 2241 635 2287 vim?
650 2239 737 2286 —ln
750 2253 812 2302 pro-

270 2308 342 2358 xime
359 2322 434 2371 seqq.
455 2321 523 2363 τους
540 2297 660 2369 μάλιστά
683 2319 733 2369 σφι
754 2304 813 2355 τών

269 2369 412 2439 γερόντων
430 2388 626 2439 προοηκοντοις
646 2377 730 2439 dixit,
754 2377 811 2441 opi·

269 2460 328 2499 nor
343 2459 390 2495 eos
405 2449 555 2507 senatores,
570 2449 616 2509 qui
628 2447 737 2510 regibus
747 2463 811 2511 pro·

268 2515 334 2564 simi
348 2520 427 2564 erant
442 2530 551 2579 genere.

304 2576 357 2634 δυο
372 2575 494 2667 νρήφους
506 2576 691 2647 τιθεμένους,
710 2579 810 2646 τρίτην

268 2647 345 2704 dl
314 2670 367 2719 την
379 2646 504 2719 εωυτων]
520 2655 563 2705 Ad
576 2654 740 2703 locutionem
753 2647 811 2717 ’ψή-

268 2739 343 2788 φους
358 2724 496 2774 τίθεσθαι
511 2725 585 2776 coni.
598 2724 655 2787 ΙΙΙ,
669 2722 703 2773 73
703 2723 811 2803 ibique

267 2800 338 2845 nott.
370 2796 461 2845 Verba
476 2795 574 2858 τρίτην
588 2787 619 2842 da
631 2761 684 2856 τὴν
698 2784 810 2841 Ιωυτιόν

268 2863 340 2929 quod
359 2863 423 2914 eiici
437 2865 497 2914 vult
510 2863 603 2914 Kiehl:
626 2864 667 2913 De
680 2862 811 2927 Aeschyli

266 2935 405 2985 Prometb.
419 2950 482 3000 pag.
498 2936 561 2995 104,
575 2949 652 2983 nemo
664 2947 748 2983 sanus
763 2932 811 2981 bo-

266 3019 310 3053 mo
333 3005 454 3056 accedet.
493 3003 571 3067 Quod
591 3003 625 3053 ad
644 3003 810 3053 senteutiam

265 3074 367 3124 attinet
379 3075 482 3138 ipsam,
494 3072 715 3137 Schweighaeus.
730 3088 810 3136 prae·

266 3149 348 3195 eunte
368 3144 485 3197 Wossel.
504 3143 637 3193 Herodoti
659 3142 743 3192 verba
767 3143 809 3191 ita

267 3214 386 3278 accipit,
403 3220 434 3264 ut
449 3215 479 3263 in
492 3229 585 3278 regum
600 3212 727 3262 absentia
738 3227 809 3261 unus

268 3283 488 3345 escnatoribus,
506 3298 605 3347 genera
623 3282 732 3345 regibus
749 3297 810 3344 pro·

264 3352 352 3402 ximus
362 3356 390 3400 et
403 3367 494 3401 eorum
508 3353 567 3402 rice
582 3350 661 3416 quasi
674 3353 808 3400 constitu-

264 3426 325 3483 tus,
343 3420 396 3470 duo
407 3436 456 3486 pro
470 3420 575 3471 duobus
588 3420 696 3483 regibus
714 3419 809 3469 tulerit

264 3489 395 3556 suffragia
421 3492 585 3556 tertiumque
608 3504 685 3540 suum
708 3490 806 3553 ipsius.

263 3558 296 3608 In
317 3576 370 3622 qua
388 3560 623 3637 interpretatione
633 3575 674 3609 me
695 3560 808 3610 offendit

264 3628 376 3710 pluralis
390 3644 517 3680 numerus
529 3621 737 3694 ττροοήκῳιτᾱς,
752 3645 805 3694 quo

264 3701 325 3763 ipso
333 3700 433 3750 Noster
447 3699 587 3750 declarare
597 3691 719 3751 voluisse
729 3700 805 3749 vide-

263 3773 321 3831 tur,
334 3769 363 3818 in
375 3771 481 3819 duorum
493 3785 585 3835 regum
597 3768 751 3820 absentium
764 3768 805 3819 lo-

869 912 1107 988 terpretationem‚
1132 925 1186 975 qna
1210 910 1303 976 priora
1328 909 1412 960 verba

868 981 934 1047 (δύο
944 974 1061 1046 ψήφους
1071 979 1250 1044 τιθεμένους)
1261 979 1296 1029 de
1306 978 1412 1029 duobus

868 1051 1042 1103 senatoribus
1062 1051 1233 1128 coniunctis,
1256 1051 1411 1114 posteriora

868 1121 979 1185 (τριτρν
998 1114 1030 1168 (ΙΙ
1049 1114 1103 1182 τὴν
1121 1111 1245 1182 ἑωυτῶν)
1266 1119 1300 1169 (1ο
1314 1119 1411 1170 iisdem

867 1192 981 1256 singulis
992 1192 1179 1254 accipiantur,
1193 1190 1367 1240 durissimam
1379 1205 1410 1240 ac

866 1263 913 1311 vir
924 1260 1061 1311 serendam
1072 1276 1119 1309 cur
1129 1260 1259 1320 declaret,
1269 1259 1343 1309 haud
1354 1275 1412 1325 per·

867 1332 969 1395 apicio:
993 1330 1074 1395 longe
1091 1333 1161 1378 anim
1180 1327 1332 1393 simplicior
1344 1330 1411 1379 haec

866 1403 938 1450 ratio
955 1401 1076 1464 ipsisque
1094 1401 1237 1464 scriptoris
1254 1399 1347 1448 vorbis
1366 1415 1409 1449 ac-

866 1471 1064 1520 commodatior
1092 1470 1215 1532 videtur,
1252 1484 1334 1533 quam
1367 1484 1409 1530 ea,

866 1538 1408 1660 rsiniti”titltiititnsii

866 1646 953 1744 ipsius
973 1624 1123 1729 conte‘ulissa
1146 1645 1291 1740 dicalnr,“
1318 1694 1408 1744 quam·

865 1765 916 1813 que
930 1755 1009 1798 tanta
1022 1747 1198 1811 simplicitate
1214 1753 1241 1797 et
1259 1749 1408 1813 perspicui·

866 1826 925 1869 tate
940 1819 1122 1869 commendari
1133 1822 1213 1881 putat
1221 1818 1293 1868 idem
1305 1819 1349 1867 vir
1361 1818 1407 1868 do-

865 1894 941 1952 ctus,
974 1895 1029 1951 „ut
1053 1888 1088 1937 ad
1109 1887 1242 1938 Herodoti
1269 1887 1408 1937 scribendi

865 1974 951 2023 genus
974 1958 1041 2007 nibil
1063 1957 1296 2008 accommodatius
1319 1958 1406 2008 videri

865 2029 976 2093 queat.“
1016 2029 1059 2076 De
1081 2042 1134 2092 quo
1152 2027 1277 2092 equidem
1297 2042 1407 2091 prorsus

863 2098 945 2147 aliter
964 2098 1063 2148 sentio.
1102 2098 1196 2161 Neque
1214 2097 1286 2145 enim
1303 2096 1355 2147 hoc
1375 2110 1407 2146 ex

864 2167 924 2218 loeo
941 2168 968 2217 id
989 2167 1058 2216 effici
1082 2181 1162 2230 posse
1182 2173 1265 2231 puto,
1291 2171 1323 2216 ut
1343 2166 1406 2216 bina

862 2237 976 2302 singulis
988 2236 1097 2301 regibus
1115 2235 1246 2300 suffragia
1265 2235 1352 2286 fuisse
1368 2235 1406 2284 di·
1484 2251 1489 2261 ·

863 2322 971 2370 camus,
987 2307 1027 2355 ita
1036 2312 1066 2355 ut
1080 2307 1125 2370 qui
1141 2321 1232 2355 eorum
1245 2305 1307 2356 vice
1317 2305 1403 2355 suncti

862 2377 917 2425 sint
929 2381 1084 2434 senatores,
1101 2391 1192 2425 corum
1210 2376 1326 2439 quisquc
1338 2377 1404 2424 trina

862 2445 958 2496 tulerit
980 2445 1127 2510 suffragia,
1148 2446 1206 2497 birra
1228 2459 1277 2509 pro
1292 2460 1358 2509 rege
1377 2451 1405 2495 et

862 2519 1048 2567 tertirousuum
1063 2516 1158 2580 ipsius.
1193 2517 1280 2577 Quam
1305 2513 1403 2565 falsam

861 2586 1030 2649 quorundam
1056 2588 1110 2634 iam
1138 2585 1291 2651 antiquitus
1319 2585 1404 2635 fuisse

860 2656 1403 2790 ti¹3¹⁰.¹}t{;¹.ll¹ltiiattinnt,

861 2797 952 2860 arguit
964 2795 1139 2858 Thucydides
1150 2796 1172 2853 Ι,
1182 2795 1227 2844 21:
1244 2810 1262 2843 a
1274 2810 1329 2858 quo
1342 2797 1402 2859 ipso

860 2865 1028 2915 Herodotum
1040 2865 1117 2929 tangi
1130 2866 1153 2912 si
1168 2865 1213 2930 qui
1225 2870 1340 2928 putent,
1360 2879 1403 2914 co·

859 2935 948 2999 gitcnt
959 2935 999 2983 illi
1012 2934 1112 2995 selim,
1132 2949 1217 2999 neque
1233 2934 1402 2983 Herodotum

860 3004 917 3054 tale
928 3004 1008 3069 quid,
1031 3004 1103 3069 quod
1119 3019 1135 3052 a
1148 3003 1309 3068 Thucydide
1324 3010 1401 3054 nota·

860 3078 911 3131 tur,
927 3075 1072 3124 enuntiare
1083 3073 1166 3138 (quod
1179 3083 1252 3123 recte
1265 3073 1403 3124 intellexit

858 3144 978 3193 Boebme
991 3145 1018 3192 in
1032 3148 1100 3194 nott.
1118 3143 1153 3192 ad
1167 3142 1337 3206 Thucydidis
1351 3143 1368 3191 l.
1382 3143 1399 3194 l.

859 3229 922 3278 pag.
940 3215 979 3264 la.
1001 3214 1034 3264 T.
1050 3212 1073 3263 1.
1092 3215 1212 3278 itemque
1230 3211 1260 3263 O.
1280 3213 1314 3261 F.
1331 3214 1400 3264 ller-

859 3299 950 3336 maun,
963 3283 1004 3333 l.l.
1014 3286 1039 3346 ἓ.
1047 3283 1089 3331 21.
1099 3289 1155 3335 not.
1165 3284 1203 3346 o),
1217 3296 1304 3346 usque
1316 3284 1400 3333 etiam

857 3358 1001 3418 utrumque
1014 3354 1175 3416 scriptorem
1193 3351 1247 3402 sibi
1259 3353 1399 3416 cognitum

857 3421 944 3472 fuisse
956 3424 1059 3484 videri,
1073 3428 1104 3473 ut
1116 3424 1185 3473 bene
1198 3423 1303 3472 monuit
1314 3423 1399 3472 Dald-

857 3508 946 3541 mann.
960 3492 1061 3543 Herod.
1077 3508 1138 3558 pag.
1150 3492 1202 3541 218
1214 3506 1289 3556 seqq.
1318 3491 1398 3542 Cous.

857 3563 939 3611 etiam
950 3562 980 3613 C.
988 3562 1149 3613 O.Mueller.
1158 3561 1175 3610 l.
1187 3560 1205 3610 l.
1213 3562 1251 3610 lI.
1264 3576 1329 3626 pag.
1340 3562 1398 3623 102,

855 3646 900 3696 qur
893 3630 1079 3682 Hellanicum
1092 3634 1183 3696 potius
1193 3632 1271 3696 tangi
1281 3631 1315 3680 ab
1326 3631 1399 3682 Thu·

856 3699 951 3783 cydide
962 3702 1112 3766 existimat,
1122 3717 1209 3766 neque
1216 3700 1397 3765 Herodotum,

855 3771 902 3835 qui
916 3770 1024 3833 vulgari
1043 3772 1182 3836 opinioni,
1208 3785 1289 3836 quam
1307 3787 1398 3836 repre-

263 3853 323 3888 cum
343 3840 406 3889 duos
421 3856 528 3906 quoque
545 3840 712 3889 successisse
727 3854 805 3889 seua·
855 3840 950 3889 hendit
964 3840 1147 3904 Thucydides,
1165 3842 1218 3905 ipsi
1231 3856 1338 3906 quoque
1350 3842 1397 3891 ob·

263 3914 349 3970 tores,
376 3910 423 3976 qui
445 3925 494 3974 pro
510 3910 606 3959 duodus
622 3909 733 3975 regibus
754 3910 804 3958 duo
854 3915 963 3960 secutus
979 3909 1004 3959 h.
1019 3907 1038 3963 l.
1055 3912 1095 3960 sic
1112 3911 1267 3976 scripserit,
1286 3911 1397 3961 uthina

260 3979 374 4031 tulerint
401 3980 533 4046 suffragia
556 3982 701 4045 tertiumque
724 3995 803 4029 suum
853 3978 975 4044 singulos
988 3996 1067 4045 reges
1081 3980 1213 4045 suffragia
1228 3980 1325 4030 tulisse
1339 3982 1395 4030 exi-

261 4050 347 4113 ipsius
365 4049 530 4103 addiderint.
565 4051 610 4100 lta
631 4052 703 4100 enim
717 4050 803 4099 Hero·
853 4050 988 4109 stimerit3
1017 4050 1081 4101 add.
1103 4049 1277 4100 Lachmann:
1302 4051 1394 4114 Spart.

260 4118 318 4168 doti
336 4120 420 4170 verba
443 4119 621 4186 intelligenda
642 4135 701 4170 esse
720 4119 802 4169 credo
853 4118 1064 4170 Staatsvoriass.
1078 4135 1139 4185 pag.
1156 4120 1198 4170 88.
1225 4120 1293 4169 Mihi
1305 4135 1393 4185 nsque

260 4203 347 4253 neque
360 4190 440 4240 aliter
451 4206 484 4240 ea
496 4191 605 4256 accepit
618 4188 741 4240 Gabriel:
758 4190 801 4240 De
852 4188 991 4254 vulgarem
1015 4190 1170 4254 opinionem
1195 4195 1306 4239 secutus
1333 4206 1394 4241 esse

259 4259 382 4322 magistr
395 4259 513 4311 Lacedd.
527 4275 591 4324 pag.
604 4261 630 4311 7
644 4260 675 4320 8,
696 4259 800 4310 dissen—
851 4258 960 4310 videtur
973 4260 1144 4322 Herodotus
1168 4275 1257 4323 neque
1283 4260 1393 4310 omnino

258 4328 343 4377 tientc
362 4329 500 4380 Salomon.
521 4329 574 4395 (De
594 4326 747 4394 Thucydid.
772 4335 801 4379 et
851 4328 1245 4393 cognitusinisseThucydidi3
1258 4328 1314 4380 vid.
1323 4344 1393 4395 quae

257 4395 390 4447 Herodot.
407 4400 520 4460 Quaest
535 4398 630 4449 histor.
646 4398 799 4463 Spscimen.
851 4397 946 4448 dixiin
963 4398 1077 4449 Jahrbb
1097 4398 1263 4464 f.Phi1010g
1283 4415 1309 4449 u.
1323 4401 1390 4452 l'·ac

257 4463 464 4519 namuurum.
474 4484 535 4533 pag.
545 4465 601 4532 28),
616 4467 798 4531 quibaucin-
850 4467 911 4533 dag.
926 4466 986 4520 Vol.
1000 4469 1096 4520 XLVI.
1110 4485 1173 4535 pag.
1188 4469 1250 4521 430
