3100 5175
455 347 826 414 TERPSIGHORE.
849 351 888 415 V.
910 366 954 417 51.
976 362 1021 420 52.
1264 353 1301 418 81

108 522 234 591 397ελσλ
253 521 426 611 βασιλήιοι
447 525 503 592 καὶ
517 522 713 606 καταλύσιες
734 526 926 614 κάλλισται,
950 523 1006 597 διὰ
1025 530 1217 632 οἰκεομέαης
1236 526 1307 618 rer}

160 721 299 785 regiorum
319 720 366 786 (de
385 723 484 788 quibus
505 723 709 789 vid.v111,98

159 790 251 855 ibique
265 790 362 856 nott),
378 793 408 841 iu
420 793 512 843 vonas
526 796 604 859 regni
615 799 708 859 partes

159 860 237 909 iussa
266 862 341 926 regis
370 863 567 926 perferentium
592 865 708 930 indeque

158 928 351 992 redeuntium,
367 934 488 997 itemque
500 934 526 982 iu
540 949 618 983 usum
631 949 708 999 prae-

158 999 296 1050 fectorum
328 1002 466 1066 regiorum
492 1004 521 1053 iu
549 1004 708 1067 provincias

158 1070 307 1119 missorum
328 1075 356 1120 et
373 1071 410 1120 ad
435 1072 506 1135 regis
527 1072 619 1123 aulam
635 1088 708 1124 rece·

160 1139 284 1189 dentium
298 1139 423 1205 adeoque
433 1140 554 1206 ipsarum
566 1143 709 1207 copiarum

157 1209 297 1272 regiarum
320 1210 373 1259 iter
390 1209 549 1260 iacientium
566 1227 615 1276 per
632 1214 709 1277 regui

157 1278 265 1328 Persici
291 1279 465 1343 provincias:
495 1279 563 1331 adeo
586 1286 618 1332 nt
640 1281 709 1331 haec

158 1362 225 1396 cura
238 1350 349 1399 riarum
362 1349 498 1413 regiarum
508 1352 656 1401 coniuncta
668 1352 709 1402 vi-

159 1415 259 1466 deatur
273 1432 335 1467 cum
349 1423 482 1468 accurata
501 1418 551 1469 illa
567 1421 644 1485 regni
660 1420 708 1469 ad·

159 1488 380 1546 ministratione,
392 1503 472 1553 quam
482 1490 583 1539 Darius
593 1504 706 1554 regnum

158 1555 278 1621 adeptus
298 1558 420 1607 instituit
441 1563 552 1609 auctore
565 1559 706 1610 Herodoto

158 1625 268 1688 111,89
282 1626 342 1692 (ubi
355 1626 412 1676 vid.
427 1627 527 1691 nott.),
542 1643 602 1679 cum
613 1629 705 1680 varias

158 1697 236 1759 regni
257 1697 353 1760 pacati
382 1701 471 1747 terras
495 1712 542 1760 per
567 1698 705 1763 satrapias

157 1764 309 1826 divideret,
335 1766 435 1831 quibus
459 1766 575 1831 singulis
601 1768 707 1832 praefe-

156 1841 218 1884 ctos
246 1836 395 1885 constituit
424 1836 611 1900 tributumque
642 1852 705 1901 pen·

156 1903 274 1954 deudum
305 1905 463 1969 imperavit.
513 1906 603 1968 Quare
631 1907 705 1971 equi·

157 1973 219 2022 dem
243 1979 334 2024 totum
357 1973 386 2024 id
409 1975 567 2025 institutum
592 1974 629 2024 ad
650 1977 704 2025 Da·

156 2043 225 2092 rium
238 2058 371 2093 reuocare
383 2042 489 2106 malim,
499 2044 573 2108 quod
582 2044 653 2094 idem
667 2044 705 2094 fe·

156 2114 228 2162 cisse
237 2112 320 2163 video
330 2111 430 2164 Grote:
442 2114 556 2177 History
565 2114 597 2164 oi
602 2113 704 2163 Graece

156 2183 204 2231 lv.
217 2197 244 2245 p.
259 2183 326 2233 320:
346 2182 447 2233 etenim
462 2179 568 2247 insigne
584 2182 651 2232 mibi
664 2184 703 2233 vi-

155 2251 235 2300 detur
258 2251 453 2301 documentum
471 2267 531 2302 esse
548 2266 630 2303 curae
649 2252 704 2301 exi·

155 2322 243 2382 miae,
275 2335 357 2385 quam
382 2335 466 2385 regno
495 2320 563 2370 bene
587 2321 703 2371 admini-

155 2388 271 2440 strando
282 2390 381 2438 tribuit
391 2390 509 2452 Darius,
528 2405 615 2454 neque
627 2405 703 2440 acoe-

156 2459 220 2510 dere
243 2474 356 2523 possum
379 2460 509 2522 Kieperto
533 2458 613 2510 buius
641 2460 704 2509 viae

154 2529 274 2594 vestigia
284 2542 372 2593 nsque
381 2527 417 2577 sd
425 2529 599 2593 Assyriorum
609 2544 703 2594 regum

156 2605 282 2663 tempora
306 2598 434 2649 recedere
454 2598 620 2664 multumque
639 2599 703 2650 inde

155 2671 301 2720 Persarum
312 2683 425 2733 regnum
437 2669 599 2719 antecedere
612 2669 702 2734 suspi-

155 2740 230 2789 canti
241 2754 270 2802 p.
286 2738 336 2787 124
351 2738 380 2786 iu
392 2737 601 2801 dissertatione,
621 2754 702 2803 quam

155 2809 188 2858 de
199 2809 252 2859 bac
268 2808 317 2858 ria
329 2808 407 2872 regia
420 2807 546 2872 scripsit,
561 2808 664 2857 inserta
675 2806 705 2856 li·

155 2878 240 2929 bello:
255 2876 493 2927 Honstsberichte
504 2877 530 2928 d.
539 2877 668 2927 Akadem.
677 2875 703 2926 d.

155 2945 325 2998 Wissensoh.
342 2963 366 2998 z.
378 2946 472 2996 Berlin
487 2946 563 2999 1857.
580 2947 661 2998 Febr.
677 2962 702 3011 p.

158 3014 709 3081 l²3seqq.,nbiadditaqnoqueesttabu·

156 3086 183 3138 la
193 3085 382 3152 geographica
390 3084 549 3150 singularis,
564 3101 634 3150 quae
644 3100 705 3149 pro·

155 3158 247 3221 posuit
262 3156 305 3205 vir
319 3155 426 3218 doctus,
442 3155 541 3205 eximie
553 3154 704 3206 illustrans.

156 3227 234 3289 Quod
253 3241 320 3276 vero
342 3224 414 3275 idem
431 3224 473 3275 vir
491 3223 589 3275 doctus
607 3239 633 3289 p.
652 3224 701 3275 125

156 3311 204 3359 ca,
219 3310 291 3361 quae
304 3294 331 3347 h.
342 3292 363 3345 l.
376 3294 533 3345 Herodotus
545 3292 578 3344 de
590 3292 643 3344 hac
655 3295 702 3342 via

155 3367 231 3430 regia
251 3363 355 3426 tradit,
383 3379 416 3412 ex
438 3363 485 3414 illa
504 3364 641 3414 Hecataei
661 3366 703 3411 ta-

156 3435 235 3495 bula,
252 3433 357 3484 additis
373 3434 423 3491 iis,
444 3449 514 3498 quae
529 3448 546 3482 a
558 3433 703 3483 Persarum

155 3505 304 3569 praefectis
320 3504 379 3567 ipse
393 3503 492 3553 Noster
507 3502 637 3553 Sardibus
657 3518 703 3552 ae-

156 3575 276 3639 ceperit,
291 3572 403 3624 tinxisse
416 3572 572 3623 contendit:
597 3572 624 3621 id
645 3572 703 3635 qui-

157 3645 214 3694 dem
239 3642 309 3693 mihi
332 3656 440 3707 quoquc
464 3657 559 3693 verum
583 3641 703 3704 videtur,

157 3715 201 3778 qui
214 3719 376 3764 accuratam
390 3713 451 3762 riae
464 3711 550 3776 ipsius
564 3725 597 3761 ac
610 3711 704 3777 singu·

157 3782 240 3833 lorum
256 3779 465 3833 intervallorum
479 3781 647 3832 notationem
661 3778 705 3831 vel

158 3868 171 3901 e
182 3852 300 3918 publicis
310 3853 457 3901 Persarum
471 3851 673 3901 commentariis
687 3864 705 3899 a

157 3923 255 3975 Nostro
274 3921 410 3986 inspectis
431 3919 542 3972 ductam
566 3937 626 3971 esse
648 3934 705 3970 cre·

158 3992 216 4043 dam
231 3992 276 4044 rel
296 4007 314 4041 a
325 3992 471 4041 Persarum
489 3990 637 4055 praefectis
651 3990 705 4039 He·

158 4063 254 4113 rodoto
267 4061 414 4127 quaerenti
426 4060 567 4110 traditam.
594 4062 636 4110 Ex
649 4059 704 4110 He·

159 4133 245 4182 cataei
258 4131 370 4193 tabula,
384 4131 413 4180 iu
428 4146 483 4195 qua
493 4134 600 4194 praeter
613 4134 704 4179 terrae

159 4203 242 4253 totius
253 4200 390 4251 ambitum
401 4202 489 4250 maria
500 4202 606 4249 tuntum
618 4204 646 4249 et
656 4200 704 4248 flu-

160 4273 229 4322 mina
244 4269 386 4335 insculpta
401 4270 485 4320 fuisse
495 4270 594 4320 Noster
609 4268 705 4318 scribit

162 4356 217 4407 cap.
229 4342 278 4401 49,
295 4340 409 4405 singula
421 4340 505 4404 igitur
515 4338 592 4399 loca,
609 4338 706 4388 statio-

162 4426 220 4477 ues,
234 4412 335 4475 urbes,
352 4410 410 4462 alia
423 4408 497 4461 band
510 4408 634 4461 indicata
646 4421 707 4460 esse

192 4517 361 4561 waucort
384 4515 433 4557 111.

760 726 892 778 credibile
901 727 939 789 fit,
952 726 1020 777 haec
1030 726 1138 778 haurire
1147 729 1172 778 N
1175 731 1249 778 oster
1259 727 1304 776 vir

759 798 860 862 potuit,
873 798 929 862 qni,
943 803 973 847 ut
983 812 1042 847 mea
1054 798 1108 848 fert
1118 797 1220 861 opinio,
1233 796 1305 845 hauc
1360 819 1364 826 ·

759 868 822 917 viae
831 867 923 932 regiae
934 867 1163 930 descriptionem,
1174 871 1304 930 tanquam

759 926 936 995 ἐπεισόδιον,
952 952 1040 987 rerum
1053 936 1207 985 narrationi
1218 938 1303 985 inser·

758 1010 816 1054 tam
823 1013 853 1055 ut
862 1005 1011 1068 exhiberet,
1019 1007 1051 1054 ei
1061 1005 1229 1069 potissimum
1241 1019 1303 1054 cau·

758 1076 791 1126 sa
804 1075 932 1126 inductus
949 1080 999 1136 est,
1012 1075 1093 1140 quod,
1106 1081 1137 1124 ut
1147 1074 1205 1138 ipsc
1220 1079 1304 1125 testa·

759 1143 1303 1210 turcap.54iuit.,accuratinsexpiioare

759 1211 849 1264 voluit
866 1229 913 1274 ea,
938 1228 1008 1278 quse
1031 1228 1092 1277 cap.
1112 1213 1147 1262 50
1161 1214 1303 1276 Aristago-

758 1298 817 1332 ram
828 1283 963 1333 dicentem
974 1284 1079 1334 iecerat
1088 1282 1122 1332 de
1131 1281 1303 1347 longitudine

759 1353 822 1403 viae
835 1368 885 1415 per
896 1360 949 1403 tres
957 1368 1054 1403 menses
1065 1356 1208 1402 extensae:
1224 1366 1303 1417 prae·

759 1422 854 1472 sertim
867 1438 929 1472 cum
941 1424 1016 1472 recta
1029 1419 1160 1471 Sardibus
1174 1421 1243 1471 Susa
1257 1435 1302 1484 pe·

758 1492 881 1541 tentibus
903 1491 1011 1542 brevior
1030 1492 1125 1554 ntique
1145 1494 1302 1553 suppeteret

757 1563 818 1624 ria,
836 1577 869 1611 ex
883 1565 962 1626 parte
980 1576 1027 1626 per
1040 1557 1158 1609 incultas
1174 1559 1300 1623 regiones

757 1645 791 1679 ac
808 1630 916 1680 deserta
934 1628 1064 1694 periculis
1089 1629 1175 1679 omnis
1194 1628 1301 1692 generis

756 1699 861 1750 referta
874 1699 1018 1750 iacienda:
1043 1712 1114 1762 qnae
1128 1698 1189 1762 ipsa
1202 1702 1233 1748 ut
1246 1697 1302 1748 evi-

757 1774 899 1830 tarentur,
925 1768 993 1819 haec
1014 1767 1089 1832 regia
1112 1768 1159 1817 via
1182 1766 1301 1831 longiori

756 1839 873 1903 quidem,
884 1838 931 1889 sed
940 1838 1004 1887 utili
1013 1837 1117 1886 ambitu
1127 1835 1244 1885 ducebat
1253 1851 1301 1899 per

755 1909 881 1972 regiones
901 1906 969 1957 bene
996 1904 1086 1956 cultas
1108 1905 1201 1954 omnia
1223 1905 1301 1967 profi.

757 1977 923 2027 ciscentibus
951 1974 1108 2025 necessaria
1137 1973 1300 2036 praebentes

756 2045 892 2110 simulque
905 2050 980 2095 tutas
993 2058 1010 2092 a
1024 2042 1159 2092 latronum
1172 2049 1222 2092 aut
1233 2057 1298 2108 geu·

755 2117 825 2164 tium
838 2115 957 2165 ferarum
971 2112 1171 2186 incursionibus
1184 2109 1246 2176 (διὰ
1258 2104 1299 2159 οἰ-

755 2182 891 2247 κεομένης
900 2175 955 2244 τεὴ
967 2174 1036 2237 ὁδὸς
1045 2194 1141 2229 απασα
1151 2182 1199 2229 καλ
1208 2171 1300 2242 ἄσφα-

754 2250 837 2318 λέος),
865 2251 1034 2316 Quodigitur
1047 2250 1154 2314 longior
1164 2254 1224 2299 erat
1233 2250 1300 2299 haec

754 2323 801 2372 via
815 2323 904 2387 regia,
919 2322 983 2371 inde
997 2319 1173 2384 intelligitur,
1188 2335 1236 2370 cur
1246 2319 1300 2383 Cy·

754 2407 800 2441 rus
821 2393 909 2441 minor
927 2396 994 2440 natu
1017 2388 1070 2438 hac
1092 2389 1154 2453 ipsa
1174 2389 1299 2455 neglecta

755 2461 837 2511 aliam
864 2461 1024 2525 praetulerit
1047 2461 1123 2508 recta
1147 2473 1195 2522 per
1216 2459 1299 2507 Asiae

754 2530 866 2581 minoris
879 2534 972 2595 partes
985 2526 1170 2578 meridionalis
1181 2525 1216 2576 ad
1230 2527 1298 2576 iute-

753 2603 835 2652 rioris
856 2601 938 2651 Asiae
959 2600 1056 2663 plagas
1082 2597 1240 2661 ducentem,
1268 2604 1299 2646 ut

753 2677 829 2722 recte
843 2671 946 2719 monuit
961 2669 1031 2718 idern
1045 2667 1159 2731 Kiepert
1172 2667 1199 2715 in
1214 2682 1299 2716 anno·

756 2742 863 2790 tatione
875 2739 910 2789 ad
921 2736 1090 2802 Xenophont,
1105 2736 1191 2786 duab.
1202 2737 1230 2797 l,
1241 2737 1299 2797 ab

757 2809 799 2859 ed.
819 2808 953 2859 Hertlein.
974 2822 1029 2857 sec.
1071 2807 1110 2855 Ac
1129 2805 1245 2867 denique
1263 2805 1299 2854 od

755 2879 940 2928 Herodotesm
964 2876 1114 2925 hanoviae
1137 2873 1299 2938 descriptio·

756 2964 818 2997 nem
846 2950 1065 3009 accuratamquc
1093 2941 1298 2992 intervallorum

756 3016 925 3066 notationem
941 3013 1016 3131 ban?
1032 3012 1089 3061 scio
1105 3026 1139 3060 an
1155 3010 1221 3060 illud
1233 3026 1300 3076 qno·

755 3101 808 3151 que
820 3085 920 3145 iaciat,
935 3099 988 3148 qno
1020 3082 1102 3132 etiam
1113 3081 1236 3142 Ctesias,
1252 3082 1298 3145 qui

754 3154 889 3206 Herodoti
908 3152 995 3202 fertur
1016 3156 1044 3201 et
1060 3149 1184 3199 aemulus
1203 3155 1231 3198 et
1253 3150 1300 3199 ob·

753 3229 902 3285 tractator,
924 3224 951 3272 in
969 3222 1020 3273 fine
1043 3221 1134 3284 operis
1153 3220 1187 3270 de
1201 3220 1299 3269 Persa-

753 3310 814 3345 rum
831 3294 912 3346 rebus
927 3291 1077 3354 conscripti
1096 3288 1210 3340 similem
1226 3304 1300 3354 pror-

754 3379 801 3415 sus
824 3365 852 3413 in
871 3362 978 3412 modum
995 3362 1057 3411 viae
1075 3361 1209 3409 rationem
1231 3361 1302 3408 eins·

753 3450 807 3499 que
821 3431 1017 3498 longitudinem
1033 3429 1220 3490 indicaverat,
1238 3443 1300 3479 curu

754 3506 783 3554 iu
801 3504 945 3566 Excerptis
964 3499 1049 3565 (apud
1066 3497 1205 3563 Plrotium)
1226 3500 1250 3559 ξ.
1265 3499 1299 3548 ot

754 3573 821 3623 haec
838 3573 978 3637 legantur:
1006 3560 1064 3617 ἀπὸ
1080 3560 1201 3643 Ἐφέσια
1219 3561 1300 3631 μέχρι

754 3636 889 3708 Βάκτρων
901 3635 949 3688 καὶ
959 3631 1082 3700 Ἰνδικῆς
1095 3628 1223 3699 &priuos
1237 3648 1299 3685 σια-

754 3710 855 3775 baon,
877 3701 1004 3774 ἡμερῶν,
1024 3701 1230 3769 παρασαγγώκ,
1252 3704 1300 3753 ubi

756 3782 829 3832 coni.
845 3795 915 3846 quae
935 3777 1067 3828 annotavi
1088 3791 1151 3841 pag.
1166 3774 1227 3826 217.
1259 3773 1301 3824 De

755 3849 914 3902 huiusmodi
939 3848 992 3899 viis
1024 3850 1108 3911 atque
1134 3843 1301 3896 stationibus

746 3920 821 3972 olim
835 3920 1004 3984 scripserant
1017 3918 1102 3966 Baete
1113 3920 1142 3966 et
1152 3916 1284 3977 Amyntas
1294 3929 1300 3960 ι

755 3992 789 4041 de
803 3990 901 4055 quibus
915 3986 973 4037 vid.
986 4000 1058 4049 qnae
1071 4000 1134 4033 mox
1145 3982 1301 4033 afferemus.

795 4055 924 4117 σταθμοί
940 4068 970 4102 τε
989 4049 1120 4116 πανταχῆ
1147 4045 1201 4100 εἰσὶ
1224 4046 1303 4116 βασι-

757 4120 844 4192 λήϊοι]
864 4127 1002 4176 intactum
1025 4121 1136 4173 servavi
1162 4116 1302 4185 πανταχῆ,

754 4198 829 4248 band
848 4193 1005 4245 mutandum
1024 4192 1052 4241 in
1070 4190 1217 4254 παντακῆς
1244 4190 1300 4240 vid.

755 4272 825 4317 nott.
834 4265 868 4316 ad
878 4264 915 4325 11,
930 4264 987 4313 124.
997 4290 1028 4297 -
1040 4256 1163 4324 σταθμοὶ
1172 4275 1231 4309 cum
1242 4276 1302 4325 pro·

757 4338 815 4402 prie
827 4337 883 4387 sint
895 4348 1022 4399 pecorum
1034 4332 1144 4383 stabula
1158 4336 1207 4380 ant
1218 4330 1302 4380 bomi-

757 4423 820 4458 num
831 4407 860 4457 iu
873 4420 934 4456 rure
944 4402 1128 4455 habitantium
1138 4416 1219 4453 casae
1233 4398 1302 4464 (vid.

1089 4488 1109 4551 6
