3100 5175
278 433 342 495 656
715 435 984 497 HERODO'I'I

280 638 332 679 ειν
349 606 456 698 ἠπίως
475 614 681 697 χρησθῆναι,
704 605 790 679 ἄλλά
812 598 896 695 ὧδε,
923 601 964 679 Ὠ
986 618 1119 697 σχετλίη
1140 611 1311 698 Σαλαμίς,
1342 607 1415 679 rivel

280 718 341 782 τοῦ
364 705 405 781 Ὠ
431 719 511 801 θείη
531 718 698 801 Σαλαμίς·
740 724 836 800 εἰπερ
860 741 898 801 με
921 719 1062 803 ἔμελλον
1080 717 1116 781 οί
1133 713 1304 802 οἰκήτορες
1327 710 1412 801 ἄμφ’

279 813 364 905 αὐτῇ
381 817 603 903 τελευτήσειν.
636 813 720 884 ἀλλὰ
736 815 800 904 γάρ
821 820 854 896 ές
873 814 952 896 τούς
971 826 1150 904 πολεμίους
1171 822 1218 909 τῷ
1237 822 1310 909 θεῷ
1325 823 1414 905 εἰρῆ-

280 933 362 989 σθαι
376 918 413 988 τὸ
433 917 653 1008 χρηστήριον,
673 919 943 1007 συλλαμβάνοντι
964 919 1046 989 κατά
1060 917 1098 988 τό
1112 916 1239 1004 ὀρθὸν,
1260 918 1340 989 ἀλλ’
1355 918 1413 988 οὐκ

280 1028 313 1103 ές
329 1021 537 1112 Ἀθηναίους.
571 1023 885 1109 παρασκευάζεσθαι
909 1014 957 1092 ὧν
980 1021 1103 1103 αὐτοῦς
1120 1018 1163 1103 ὠς
1179 1024 1412 1112 ναυμαχήσον-

280 1155 337 1206 τας
352 1125 589 1215 συνεβούλενε,
605 1120 649 1205 ὦς
660 1127 781 1196 τούτου
795 1127 906 1207 ἐόντος
916 1132 976 1195 τοῦ
986 1129 1124 1207 ξυλίνου
1137 1132 1272 1213 τείχεος.
1303 1127 1413 1217 Ταύτη

281 1232 520 1320 Θεμιστοκλέος
545 1225 820 1317 ἀποφαινομένου
849 1227 1022 1318 Ἀθηναῖοι
1049 1228 1153 1298 ταῦτα’
1177 1251 1239 1318 σφι
1263 1237 1414 1316 ἔγνωσαν

280 1332 481 1422 αἱρετώτερα
501 1332 587 1402 εἰναι
606 1337 734 1421 μᾶλλον
754 1327 775 1420 ἢ
797 1331 837 1402 τὰ
852 1337 919 1401 τῶν
938 1332 1193 1421 χρησμολόγων,
1214 1340 1248 1401 ol
1267 1330 1333 1402 οὐκ
1352 1339 1414 1402 ἔων

280 1445 470 1528 ναυμαχίην
483 1432 680 1524 άρτέεσθαι,
701 1434 738 1504 τό
760 1437 797 1506 δέ
810 1436 948 1525 σύμπαν
963 1436 1066 1521 εἶναι,
1090 1433 1171 1505 οὐδὲ
1188 1451 1301 1524 χεῖρας
1316 1434 1415 1506 ἄντα-

279 1633 312 1692 τό
337 1635 407 1699 lnce
426 1640 478 1691 duo
497 1640 577 1691 codd.
596 1633 628 1689 τὸ
646 1630 744 1697 πάθος
760 1655 824 1705 pro·
871 1637 972 1705 μένου]
992 1640 1009 1691 i.
1026 1657 1049 1690 e.
1062 1639 1161 1691 ἰιαυσίπ
1174 1642 1271 1692 modum
1284 1656 1339 1691 cra
1358 1641 1415 1691 rte·

278 1714 362 1764 brute
384 1711 534 1769 harchem,
571 1710 620 1760 sed
648 1710 822 1774 improbante
871 1712 1152 1760 uisroclesserrtertian
1167 1727 1237 1761 suam
1250 1712 1296 1770 (de
1310 1711 1416 1762 orsculi

279 1781 555 1846 Schweighseueero,
574 1782 621 1846 qui
639 1796 654 1829 e
671 1779 773 1830 scholio
793 1780 820 1828 id
872 1783 967 1842 seusu)
977 1784 1090 1843 operiret
1102 1796 1124 1831 s.
1132 1784 1276 1831 muntium
1282 1799 1293 1836 ,·
1304 1782 1353 1830 ubi
1363 1797 1415 1831 uon

279 1855 416 1902 invectum
426 1856 514 1915 putet.
531 1850 610 1911 Quod
619 1853 752 1914 sequitur,
764 1865 821 1898 om·
871 1850 993 1900 additum
1008 1850 1107 1914 legitur
1120 1846 1252 1914 γνώμην,
1268 1852 1342 1915 quod
1355 1850 1413 1900 eliis

279 1937 327 1972 nes
342 1923 404 1971 libri
415 1920 513 1984 scripti
525 1920 654 1970 exhibent
668 1913 820 1983 εἰρημένον
871 1920 938 1970 locis
961 1920 1104 1970 adstruere
1122 1921 1222 1970 Noster
1244 1927 1331 1976 solet:
1360 1919 1412 1970 vid

278 1983 327 2041 έιίν
343 2006 413 2054 κως,
441 1989 535 2041 eodem
560 1988 820 2054 Schweighaeusero
871 1995 940 2039 nott.
960 1988 994 2038 sd
1014 1990 1098 2052 Vlll,
1118 1989 1160 2039 su.
1199 1990 1231 2039 lu
1252 2005 1329 2055 seqq.
1347 1991 1412 2039 bene

278 2058 821 2124 suctoresicexplicsudurn:„nonjun-
871 2065 962 2109 tuctur
989 2059 1152 2123 wesseling.
1181 2075 1278 2110 vocem
1306 2059 1413 2122 μᾶλλον

278 2137 325 2182 cta
344 2130 461 2195 intelligi
478 2128 579 2180 debent
594 2124 745 2193 εἰρημένον
759 2121 818 2192 lo'v,
868 2136 932 2193 post
951 2122 1121 2190 αἱρετώτερα
1135 2127 1242 2178 illatum
1260 2131 1334 2180 etin
1351 2130 1413 2180 duo·

277 2203 325 2252 sed
348 2199 483 2250 usturslis
507 2200 649 2249 verborum
678 2204 819 2250 structura
867 2199 920 2248 bus
932 2197 1011 2249 codd.
1025 2198 1162 2249 emissem.
1185 2197 1294 2248 Similis
1303 2205 1412 2249 exstent

276 2274 305 2320 iu
320 2270 392 2320 bunc
410 2269 517 2319 modum
531 2269 724 2332 concipienda:
746 2265 773 2318 εἰ
786 2263 817 2316 τὸ
862 2269 896 2326 ·l,
917 2269 966 2331 32,
981 2267 1028 2316 ubi
1042 2269 1113 2318 conf.
1130 2269 1233 2331 cltsts,
1246 2269 1302 2332 ix,
1318 2270 1343 2318 λ.
1363 2273 1413 2318 Ae·

277 2335 346 2395 έπος
369 2333 520 2402 εἰρημένον
547 2332 603 2401 εἰχε
630 2330 678 2387 έόν
705 2353 762 2395 κως
791 2330 819 2395 ές
868 2337 954 2400 schyl.
967 2337 997 2387 S.
1011 2353 1034 2386 c.
1048 2338 1099 2387 Tb.
1112 2337 1173 2389 679.

272 2404 456 2471 Ἀθηναίουςι
474 2413 502 2456 et
518 2399 575 2470 εἷχε
594 2400 642 2456 ἐὰν
656 2409 726 2458 idem
742 2408 818 2458 vele·
904 2401 933 2455 οἳ
944 2399 1061 2455 ονίέων
1072 2422 1097 2456 κ.
1108 2405 1175 2472 τ.λ.]
1191 2407 1232 2454 Ad
1244 2411 1412 2457 structuram

277 2478 318 2528 bit
332 2493 363 2527 sc
377 2469 434 2539 εἷχε
446 2470 580 2532 έόντως,“
599 2477 677 2539 Quod
688 2476 753 2527 mihi
762 2494 818 2529 non
869 2476 924 2526 loci
936 2475 991 2527 vid.
1009 2476 1077 2539 Vll,
1095 2477 1144 2528 10⁴
1161 2476 1226 2540 ibiq.
1242 2482 1315 2527 nott.
1347 2477 1412 2526 lude

277 2551 413 2614 persuasit
429 2546 472 2598 vir
485 2546 596 2598 doctus:
616 2550 711 2613 itique
724 2550 818 2612 recepi
869 2546 904 2598 ed
919 2538 1002 2596 verbi
1015 2537 1046 2595 τό
1057 2541 1088 2596 δέ
1098 2541 1214 2611 σύμπαν
1226 2537 1302 2596 εἶναι
1315 2562 1349 2597 ex
1364 2562 1411 2597 su·

276 2634 337 2669 curn
350 2616 497 2667 Scbselero
512 2622 666 2667 etrcceutt.
679 2619 739 2671 edd.
754 2619 817 2669 inde
868 2616 1004 2666 tecedenti
1023 2610 1076 2665 οἰκ
1099 2610 1153 2665 ἔων
1175 2622 1266 2666 mente
1287 2622 1412 2681 repeten-

275 2704 291 2738 s
304 2687 443 2749 Belslrero‚
459 2688 532 2751 quod
545 2688 671 2737 Reislrius
684 2688 746 2738 olim
758 2704 818 2752 pro·

275 2758 368 2824 posuit
382 2758 564 2822 probavitque
576 2772 637 2808 cum
651 2759 815 2809 Vslckeuur.

276 2828 391 2879 Bredov.
405 2828 481 2891 pet:
497 2818 601 2884 ἐόντως
611 2835 673 2891 (pro
680 2819 728 2876 έόν
737 2826 816 2893 κως),

275 2900 294 2948 i.
307 2915 331 2951 e.
347 2913 453 2952 reuera:
473 2897 598 2948 voculam
615 2912 664 2960 μιν
684 2898 711 2946 iu
726 2899 817 2961 proxi·

203 2984 206 2989 ’
275 2984 317 3018 me
335 2967 513 3032 sequentibus
535 2965 570 3017 sd
587 2968 672 3029 deum,
695 2970 742 3032 qui
761 2968 816 3030 Py-

275 3038 350 3088 thise
371 3053 417 3087 ore
433 3036 519 3086 edidit
537 3036 690 3100 oraculum,
715 3037 815 3100 refero,

274 3108 424 3172 respiciens
435 3106 470 3156 sd
480 3105 516 3167 id,
526 3107 598 3171 quod
609 3106 691 3170 psulo
702 3113 765 3171 post
780 3108 817 3157 le·

274 3166 663 3309 retributurus*
680 3172 816 3309 νεα·

274 3321 439 3381 sequuntur,
464 3316 560 3379 attigit
581 3314 672 3366 schol.
698 3316 814 3368 Aristid.

274 3400 337 3451 pag.
350 3384 401 3434 230
412 3384 555 3435 Frommcl.
594 3384 636 3434 Ad
650 3386 738 3450 ipssm
753 3401 814 3435 ors·

273 3454 341 3514 culi,
360 3468 441 3518 quem
456 3453 532 3503 dedit
545 3454 757 3518 Themistocles,
775 3457 816 3505 in·

274 3523 513 3587 terpretetionem‚
526 3524 598 3573 conf.
613 3524 751 3575 Plutarch.
766 3525 814 3579 l.1.

274 3608 335 3657 esp.
348 3591 389 3644 10.
405 3591 534 3657 Polysen.
547 3594 576 3655 1,
591 3593 634 3644 30.
649 3593 730 3644 corn.
743 3596 814 3659 Nep.

274 3663 408 3714 Themist.
428 3665 444 3712 2
469 3661 528 3726 (ubi
548 3664 626 3727 pluru
645 3664 741 3714 attulit
759 3681 814 3717 ven

273 3732 429 3795 Stsvcren).
448 3731 547 3783 lustin.
563 3734 600 3797 ll,
616 3733 647 3784 12
661 3735 722 3784 coll.
732 3735 814 3785 Cleu-

274 3803 348 3852 diuu.
385 3803 427 3851 De
445 3802 535 3851 Mellii
552 3802 688 3854 Theodor.
709 3803 815 3856 consul.

276 3873 334 3922 150.
363 3873 458 3935 Neque
479 3870 532 3922 huc
559 3889 613 3922 non
632 3873 701 3925 t‘scit
725 3874 815 3925 simile

274 3940 413 3991 orsculum
431 3940 553 4005 Sipbuiis
571 3938 723 3994 exhibitum
742 3945 815 4010 apud

273 4011 376 4064 Herod.
392 4010 451 4072 111,
465 4013 508 4063 57.
522 4010 565 4061 58.

292 4103 518 4180 συλλαμβάνοντι
527 4104 637 4164 κατὰτὸ
646 4104 751 4177 ὀρθὸν]
762 4116 780 4163 l.
788 4130 812 4166 e.

274 4189 298 4235 τι·
309 4187 365 4248 ρυλε
376 4191 445 4233 recte
458 4182 487 4248 (i.
500 4201 523 4235 e.
537 4182 729 4245 oeconomio,
742 4183 815 4248 quod

274 4258 378 4303 rectum
389 4268 534 4318 verumque
544 4254 598 4315 est)
610 4254 738 4318 iutelllput.
754 4254 816 4303 vid.

274 4322 385 4372 Kiihner
397 4321 443 4371 Gr.
451 4321 497 4371 Gr.
509 4326 534 4385 ξ.
544 4323 604 4386 681,
613 4338 639 4384 s,
648 4327 675 4371 et
687 4323 720 4372 de
731 4323 815 4373 verbo

275 4383 481 4455 συλλαμβάνειν
496 4397 566 4442 uott.
581 4393 615 4442 sd
630 4393 657 4454 Ι,
671 4391 713 4441 68.

309 4484 398 4558 ταύτῃ
424 4490 627 4557 Θεμιστοκλέος
653 4483 815 4558 άπσφαινο·

866 2686 931 2736 dum
944 2678 1040 2749 ἔλεγον
1052 2686 1095 2738 vel
1107 2685 1195 2737 simile
1209 2686 1285 2751 quid.
1302 2687 1411 2736 Etenim

866 2756 1412 2821 ναίετε.οεεοοίοτοαιὶυεετρεειετλιαε·

867 2825 1008 2876 nieusibus
1034 2825 1232 2877 dissusdebsut
1256 2820 1325 2889 (oris
1344 2819 1409 2889 ἔστι)

866 2901 1031 2961 sppsretum
1048 2911 1159 2962 pugnes
1180 2894 1289 2946 ussslis
1307 2894 1411 2947 sscien-

867 2965 946 3028 dum,
959 2966 1008 3015 sed
1018 2981 1133 3015 εαπιπσνι
1145 2967 1185 3015 rei
1199 2968 1223 3015 r'u
1237 2980 1268 3015 eo
1282 2968 1351 3015 verti
1369 2966 1410 3014 di·

865 3035 979 3096 cebant,
998 3044 1025 3085 ut
1041 3051 1073 3086 ne
1090 3051 1177 3085 νιαπαε
1197 3035 1295 3099 quiden
1312 3034 1359 3100 (sd
1372 3050 1411 3084 re-

864 3104 1005 3170 pellendos
1029 3104 1138 3166 hostes,
1161 3107 1207 3170 qui
1225 3105 1351 3155 invasuri
1370 3120 1413 3154 es·

865 3174 938 3238 seut)
948 3176 1073 3236 tollerent,
1083 3177 1131 3225 sed
1138 3174 1211 3224 terrd
1224 3174 1313 3225 Attice
1323 3175 1411 3224 relicti

865 3247 941 3294 aliam
958 3244 1008 3294 ridi
1020 3252 1174 3309 quaererent
1191 3253 1301 3307 terram,
1323 3246 1348 3294 ir
1361 3261 1411 3309 ρισ

862 3315 938 3364 sedes
949 3323 1080 3376 ponerent.
1103 3315 1145 3364 Tu
1158 3314 1213 3365 vid.
1228 3314 1369 3365 Kuehuer.
1385 3316 1409 3377 §-

864 3384 931 3444 652,
948 3385 974 3432 2.
1006 3385 1077 3435 Vere
1096 3383 1198 3444 videri,
1218 3398 1290 3448 quse
1305 3384 1340 3435 sb
1358 3383 1412 3433 lle·

865 3454 961 3504 rodoto
972 3454 1125 3516 truduntur,
1139 3454 1303 3518 pronuntiet
1311 3452 1411 3504 Grote:

865 3523 980 3588 History
997 3523 1027 3573 of
1042 3523 1145 3573 Greece
1170 3523 1201 3572 V.
1224 3538 1287 3587 pag.
1308 3524 1361 3585 81,
1386 3525 1411 3573 si
1438 3522 1441 3527 '

863 3592 969 3657 quidem
989 3593 1076 3642 onmis
1092 3593 1161 3643 hsec
1174 3591 1341 3643 deliberatio
1360 3610 1411 3658 pu·

865 3660 935 3712 bliee
957 3662 1053 3711 habits
1074 3667 1117 3712 est
1141 3662 1255 3727 eiusque
1279 3666 1409 3713 notitiem

863 3732 963 3782 Noster
983 3732 1123 3797 accepisse
1149 3732 1287 3796 putandus
1307 3739 1352 3783 est
1372 3733 1409 3781 ab

863 3816 917 3851 uno
934 3817 1043 3864 eorum,
1068 3804 1114 3866 qui
1133 3802 1324 3851 iuterfuerunt.
1355 3804 1409 3852 Pro

865 3867 1027 3935 ναυμαχίην
1045 3865 1198 3931 ἀρτέεσθαι
1223 3870 1272 3935 (ad
1285 3876 1410 3933 proelia-r

865 3944 955 3990 navale
980 3955 1009 3990 se
1031 3956 1146 4004 perere,
1175 3941 1320 4006 accingere)
1353 3944 1410 3992 No·

865 4014 923 4059 stro
949 4010 1068 4060 scribere
1097 4025 1206 4076 quoque
1233 4010 1347 4061 licuisse
1380 4003 1410 4067 ές

865 4076 1028 4143 ναυμαχίην
1051 4074 1204 4140 ἀρτέεσθαι
1227 4086 1293 4144 epte
1317 4080 1411 4132 obser·

865 4154 914 4198 vat
923 4147 1199 4213 Schweighaeuserus
1210 4150 1363 4214 respiciens
1372 4150 1409 4199 sd

865 4217 949 4277 v111,
967 4218 1014 4280 97,
1036 4218 1084 4268 ubi
1101 4218 1216 4283 legimus
1238 4213 1353 4281 ἀρτέετσ
1373 4210 1411 4276 ές

866 4281 1007 4350 πόλεμον,
1027 4287 1088 4339 coll.
1110 4290 1148 4347 V,
1167 4288 1214 4350 λθ,
1237 4288 1287 4338 ubi
1303 4289 1411 4354 simpli·

852 4362 924 4408 'cem
938 4356 1102 4408 infinitivum
1119 4357 1181 4408 lruic
1200 4358 1284 4408 verbo
1299 4358 1411 4409 adstru-

866 4428 921 4489 xit,
942 4426 1165 4491 quemadmodum
1182 4427 1264 4478 verbo
1276 4421 1412 4489 αἰναρτέε·

866 4494 936 4546 σθαι
953 4497 1018 4561 vll,
1035 4498 1062 4550 8.
1082 4500 1106 4561 5.
1125 4496 1150 4548 3.
1170 4496 1226 4562 vl,
1246 4496 1290 4552 66.
1309 4497 1339 4561 1,
1361 4498 1409 4550 90.
