<?xml version="1.0" encoding="UTF-8"?>
<!DOCTYPE html PUBLIC "-//W3C//DTD XHTML 1.0 Transitional//EN"
    "http://www.w3.org/TR/xhtml1/DTD/xhtml1-transitional.dtd">
<html xmlns="http://www.w3.org/1999/xhtml" xml:lang="en" lang="en">
 <head>
  <title>
</title>
<meta http-equiv="Content-Type" content="text/html;charset=utf-8" />
  <meta name='ocr-system' content='tesseract 3.04.00' />
  <meta name='ocr-capabilities' content='ocr_page ocr_carea ocr_par ocr_line ocrx_word'/>
</head>
<body>
  <div class='ocr_page' id='page_1' title='image "./herodotihalicar01unkngoog/herodotihalicar01unkngoog_0104.png"; bbox 0 0 3100 5175; ppageno 0'>
   <div class='ocr_carea' id='block_1_1' title="bbox 254 363 1052 444">
    <p class='ocr_par' dir='ltr' id='par_1_1' title="bbox 254 363 1052 444">
     <span class='ocr_line' id='line_1_1' title="bbox 254 363 1052 444; baseline -0.004 -2"><span class='ocrx_word' id='word_1_1' title='bbox 254 373 294 444; x_wconf 84' lang='lat'><strong>92</strong></span> <span class='ocrx_word' id='word_1_2' title='bbox 685 363 953 442; x_wconf 85' lang='lat' dir='ltr'>HERODOTI</span> <span class='ocrx_word' id='word_1_3' title='bbox 1050 413 1052 417; x_wconf 57' lang='lat'>&gt;</span> 
     </span>
    </p>
   </div>
   <div class='ocr_carea' id='block_1_2' title="bbox 208 549 1446 852">
    <p class='ocr_par' dir='ltr' id='par_1_2' title="bbox 208 549 1446 852">
     <span class='ocr_line' id='line_1_2' title="bbox 254 549 1446 645; baseline 0 -20"><span class='ocrx_word' id='word_1_4' title='bbox 254 581 311 637; x_wconf 91' lang='grc' dir='ltr'><strong>νος</strong></span> <span class='ocrx_word' id='word_1_5' title='bbox 329 550 587 644; x_wconf 78' lang='grc' dir='ltr'><em>ὀνειροπόλοισι·</em></span> <span class='ocrx_word' id='word_1_6' title='bbox 614 550 696 644; x_wconf 81' lang='grc' dir='ltr'><em>μετὰ</em></span> <span class='ocrx_word' id='word_1_7' title='bbox 711 552 747 624; x_wconf 76' lang='lat' dir='ltr'><strong>di</strong></span> <span class='ocrx_word' id='word_1_8' title='bbox 769 549 993 645; x_wconf 76' lang='grc' dir='ltr'><em>ἀπειπάμενος</em></span> <span class='ocrx_word' id='word_1_9' title='bbox 1007 549 1068 643; x_wconf 78' lang='grc' dir='ltr'><strong>τὴν</strong></span> <span class='ocrx_word' id='word_1_10' title='bbox 1081 549 1162 635; x_wconf 77' lang='grc' dir='ltr'><em>ὅφιν</em></span> <span class='ocrx_word' id='word_1_11' title='bbox 1181 557 1305 641; x_wconf 83' lang='grc' dir='ltr'><em>ἔπεμπε</em></span> <span class='ocrx_word' id='word_1_12' title='bbox 1321 549 1446 640; x_wconf 80' lang='grc' dir='ltr'><em>τῆν399</em></span> 
     </span>
     <span class='ocr_line' id='line_1_3' title="bbox 256 655 730 749; baseline -0.002 -20"><span class='ocrx_word' id='word_1_13' title='bbox 256 656 408 749; x_wconf 77' lang='grc' dir='ltr'><em>πομπὴν,</em></span> <span class='ocrx_word' id='word_1_14' title='bbox 425 655 462 730; x_wconf 80' lang='grc' dir='ltr'><strong>ἒν</strong></span> <span class='ocrx_word' id='word_1_15' title='bbox 475 664 516 749; x_wconf 79' lang='grc' dir='ltr'><strong>τῇ</strong></span> <span class='ocrx_word' id='word_1_16' title='bbox 531 656 571 748; x_wconf 79' lang='grc' dir='ltr'><strong>δὴ</strong></span> <span class='ocrx_word' id='word_1_17' title='bbox 584 662 730 749; x_wconf 78' lang='grc' dir='ltr'><em>τελευτᾷ.</em></span> 
     </span>
     <span class='ocr_line' id='line_1_4' title="bbox 208 751 1394 852; baseline -0.002 -23"><span class='ocrx_word' id='word_1_18' title='bbox 208 767 248 829; x_wconf 84' lang='grc'><strong>57</strong></span> <span class='ocrx_word' id='word_1_19' title='bbox 336 768 381 833; x_wconf 80' lang='lat' dir='ltr'><strong>Oi</strong></span> <span class='ocrx_word' id='word_1_20' title='bbox 393 764 429 834; x_wconf 72' lang='lat' dir='ltr'><strong>di</strong></span> <span class='ocrx_word' id='word_1_21' title='bbox 440 771 642 852; x_wconf 79' lang='grc' dir='ltr'><em>Γεφυραῖοι,</em></span> <span class='ocrx_word' id='word_1_22' title='bbox 656 765 724 832; x_wconf 75' lang='grc' dir='ltr'><strong>τῶν</strong></span> <span class='ocrx_word' id='word_1_23' title='bbox 738 751 824 851; x_wconf 77' lang='grc' dir='ltr'><em>ἦσαν</em></span> <span class='ocrx_word' id='word_1_24' title='bbox 837 767 872 830; x_wconf 83' lang='lat' dir='ltr'><strong>ol</strong></span> <span class='ocrx_word' id='word_1_25' title='bbox 882 762 1000 849; x_wconf 79' lang='grc' dir='ltr'><em>φονέες</em></span> <span class='ocrx_word' id='word_1_26' title='bbox 1014 765 1049 829; x_wconf 77' lang='lat' dir='ltr'><strong>oi</strong></span> <span class='ocrx_word' id='word_1_27' title='bbox 1061 754 1257 848; x_wconf 78' lang='grc' dir='ltr'><em>Ἱππάρχου,</em></span> <span class='ocrx_word' id='word_1_28' title='bbox 1272 754 1316 839; x_wconf 74' lang='grc' dir='ltr'><strong>ὡς</strong></span> <span class='ocrx_word' id='word_1_29' title='bbox 1330 758 1394 847; x_wconf 70' lang='grc' dir='ltr'><strong>μὲν</strong></span> 
     </span>
    </p>
   </div>
   <div class='ocr_carea' id='block_1_3' title="bbox 257 961 1395 1101">
    <p class='ocr_par' dir='ltr' id='par_1_3' title="bbox 257 961 1395 1101">
     <span class='ocr_line' id='line_1_5' title="bbox 258 961 1393 1033; baseline -0.007 -15"><span class='ocrx_word' id='word_1_30' title='bbox 258 964 342 1033; x_wconf 86' lang='lat' dir='ltr'><strong>[coni.</strong></span> <span class='ocrx_word' id='word_1_31' title='bbox 375 966 457 1017; x_wconf 87' lang='lat' dir='ltr'><strong>etiam</strong></span> <span class='ocrx_word' id='word_1_32' title='bbox 486 963 613 1030; x_wconf 53' lang='lat' dir='ltr'><strong>Aeschyl,</strong></span> <span class='ocrx_word' id='word_1_33' title='bbox 641 965 717 1014; x_wconf 90' lang='lat' dir='ltr'><strong>Pers.</strong></span> <span class='ocrx_word' id='word_1_34' title='bbox 744 963 795 1014; x_wconf 81' lang='lat'><strong>221</strong></span> <span class='ocrx_word' id='word_1_35' title='bbox 848 962 895 1014; x_wconf 87' lang='lat' dir='ltr'><strong>sed</strong></span> <span class='ocrx_word' id='word_1_36' title='bbox 914 961 1016 1013; x_wconf 81' lang='lat' dir='ltr'>Thebis</span> <span class='ocrx_word' id='word_1_37' title='bbox 1034 977 1114 1026; x_wconf 86' lang='lat' dir='ltr'><strong>quam</strong></span> <span class='ocrx_word' id='word_1_38' title='bbox 1132 961 1248 1012; x_wconf 81' lang='lat' dir='ltr'><strong>maxime</strong></span> <span class='ocrx_word' id='word_1_39' title='bbox 1271 963 1308 1012; x_wconf 89' lang='lat' dir='ltr'><strong>sit</strong></span> <span class='ocrx_word' id='word_1_40' title='bbox 1331 976 1393 1026; x_wconf 91' lang='lat' dir='ltr'><strong>pro-</strong></span> 
     </span>
     <span class='ocr_line' id='line_1_6' title="bbox 257 1024 1395 1101; baseline -0.006 -15"><span class='ocrx_word' id='word_1_41' title='bbox 257 1034 361 1101; x_wconf 88' lang='lat' dir='ltr'><strong>seqq.]:</strong></span> <span class='ocrx_word' id='word_1_42' title='bbox 383 1035 417 1084; x_wconf 90' lang='lat' dir='ltr'><strong>ad</strong></span> <span class='ocrx_word' id='word_1_43' title='bbox 437 1051 516 1099; x_wconf 90' lang='lat' dir='ltr'><strong>quam</strong></span> <span class='ocrx_word' id='word_1_44' title='bbox 532 1028 727 1096; x_wconf 75' lang='grc' dir='ltr'><em>ἀπειπάμενος</em></span> <span class='ocrx_word' id='word_1_45' title='bbox 744 1024 797 1097; x_wconf 82' lang='grc' dir='ltr'><strong>τὴν</strong></span> <span class='ocrx_word' id='word_1_46' title='bbox 847 1034 936 1099; x_wconf 86' lang='lat' dir='ltr'><strong>prium</strong></span> <span class='ocrx_word' id='word_1_47' title='bbox 957 1048 990 1083; x_wconf 90' lang='lat' dir='ltr'><strong>ac</strong></span> <span class='ocrx_word' id='word_1_48' title='bbox 1008 1031 1161 1096; x_wconf 82' lang='lat' dir='ltr'><strong>peculiare,</strong></span> <span class='ocrx_word' id='word_1_49' title='bbox 1183 1037 1266 1096; x_wconf 89' lang='lat' dir='ltr'><strong>atque</strong></span> <span class='ocrx_word' id='word_1_50' title='bbox 1283 1047 1316 1082; x_wconf 87' lang='lat' dir='ltr'><strong>ea</strong></span> <span class='ocrx_word' id='word_1_51' title='bbox 1332 1032 1395 1094; x_wconf 88' lang='lat' dir='ltr'><strong>ipsa</strong></span> 
     </span>
    </p>
   </div>
   <div class='ocr_carea' id='block_1_4' title="bbox 256 1098 803 3383">
    <p class='ocr_par' dir='ltr' id='par_1_4' title="bbox 256 1098 803 3383">
     <span class='ocr_line' id='line_1_7' title="bbox 256 1098 796 1169; baseline -0.006 -12"><span class='ocrx_word' id='word_1_52' title='bbox 256 1098 327 1167; x_wconf 78' lang='grc' dir='ltr'><em>ὅφιν</em></span> <span class='ocrx_word' id='word_1_53' title='bbox 338 1106 420 1156; x_wconf 89' lang='lat' dir='ltr'><strong>etiam</strong></span> <span class='ocrx_word' id='word_1_54' title='bbox 434 1105 570 1169; x_wconf 88' lang='lat' dir='ltr'><strong>pertinere</strong></span> <span class='ocrx_word' id='word_1_55' title='bbox 585 1105 695 1169; x_wconf 82' lang='lat' dir='ltr'>opinor,</span> <span class='ocrx_word' id='word_1_56' title='bbox 710 1119 796 1168; x_wconf 86' lang='lat' dir='ltr'><strong>neque</strong></span> 
     </span>
     <span class='ocr_line' id='line_1_8' title="bbox 257 1174 798 1238; baseline -0.011 -11"><span class='ocrx_word' id='word_1_57' title='bbox 257 1176 324 1227; x_wconf 89' lang='lat' dir='ltr'><strong>adeo</strong></span> <span class='ocrx_word' id='word_1_58' title='bbox 341 1183 451 1238; x_wconf 84' lang='lat' dir='ltr'><strong>spretum</strong></span> <span class='ocrx_word' id='word_1_59' title='bbox 468 1178 597 1234; x_wconf 73' lang='lat' dir='ltr'><strong><em>visionem,</em></strong></span> <span class='ocrx_word' id='word_1_60' title='bbox 618 1175 665 1225; x_wconf 90' lang='lat' dir='ltr'><strong>sed</strong></span> <span class='ocrx_word' id='word_1_61' title='bbox 681 1174 740 1224; x_wconf 87' lang='lat' dir='ltr'><strong>eius</strong></span> <span class='ocrx_word' id='word_1_62' title='bbox 754 1188 798 1223; x_wconf 86' lang='lat' dir='ltr'><strong>ex-</strong></span> 
     </span>
     <span class='ocr_line' id='line_1_9' title="bbox 257 1234 797 1310; baseline -0.004 -14"><span class='ocrx_word' id='word_1_63' title='bbox 257 1247 407 1310; x_wconf 90' lang='lat' dir='ltr'><strong>piationem</strong></span> <span class='ocrx_word' id='word_1_64' title='bbox 423 1249 450 1294; x_wconf 91' lang='lat' dir='ltr'><strong>et</strong></span> <span class='ocrx_word' id='word_1_65' title='bbox 461 1234 698 1307; x_wconf 81' lang='grc' dir='ltr'><em>άποτροπιασμὸν</em></span> <span class='ocrx_word' id='word_1_66' title='bbox 711 1243 797 1294; x_wconf 89' lang='lat' dir='ltr'><strong>innui.</strong></span> 
     </span>
     <span class='ocr_line' id='line_1_10' title="bbox 256 1311 797 1378; baseline -0.006 -14"><span class='ocrx_word' id='word_1_67' title='bbox 256 1316 317 1366; x_wconf 82' lang='lat' dir='ltr'><strong>Vid.</strong></span> <span class='ocrx_word' id='word_1_68' title='bbox 326 1314 480 1364; x_wconf 85' lang='lat' dir='ltr'><strong>Casaubon.</strong></span> <span class='ocrx_word' id='word_1_69' title='bbox 488 1313 522 1362; x_wconf 86' lang='lat' dir='ltr'><strong>ad</strong></span> <span class='ocrx_word' id='word_1_70' title='bbox 533 1312 715 1378; x_wconf 87' lang='lat' dir='ltr'><strong>Theophrast.</strong></span> <span class='ocrx_word' id='word_1_71' title='bbox 725 1311 797 1376; x_wconf 85' lang='lat' dir='ltr'><strong>[pag.</strong></span> 
     </span>
     <span class='ocr_line' id='line_1_11' title="bbox 260 1381 797 1448; baseline -0.011 -13"><span class='ocrx_word' id='word_1_72' title='bbox 260 1385 307 1435; x_wconf 83' lang='grc'><strong>184</strong></span> <span class='ocrx_word' id='word_1_73' title='bbox 322 1382 391 1448; x_wconf 85' lang='lat' dir='ltr'><strong>seq]</strong></span> <span class='ocrx_word' id='word_1_74' title='bbox 414 1387 442 1434; x_wconf 91' lang='lat' dir='ltr'><strong>et</strong></span> <span class='ocrx_word' id='word_1_75' title='bbox 456 1381 600 1448; x_wconf 83' lang='lat' dir='ltr'><strong>Spanhem.</strong></span> <span class='ocrx_word' id='word_1_76' title='bbox 615 1384 643 1432; x_wconf 90' lang='lat' dir='ltr'><strong>in</strong></span> <span class='ocrx_word' id='word_1_77' title='bbox 659 1381 797 1445; x_wconf 87' lang='lat' dir='ltr'><strong>Aristopb.</strong></span> 
     </span>
     <span class='ocr_line' id='line_1_12' title="bbox 257 1451 798 1505; baseline -0.009 0"><span class='ocrx_word' id='word_1_78' title='bbox 257 1456 327 1505; x_wconf 83' lang='lat' dir='ltr'><strong>Rau.</strong></span> <span class='ocrx_word' id='word_1_79' title='bbox 339 1453 433 1505; x_wconf 75' lang='lat'><strong>1379.“</strong></span> <span class='ocrx_word' id='word_1_80' title='bbox 450 1451 673 1504; x_wconf 76' lang='lat' dir='ltr'><strong>Addsslomfield.</strong></span> <span class='ocrx_word' id='word_1_81' title='bbox 682 1454 709 1500; x_wconf 90' lang='lat' dir='ltr'><strong>in</strong></span> <span class='ocrx_word' id='word_1_82' title='bbox 719 1451 798 1501; x_wconf 85' lang='lat' dir='ltr'><strong>Glos-</strong></span> 
     </span>
     <span class='ocr_line' id='line_1_13' title="bbox 257 1520 800 1586; baseline -0.011 -13"><span class='ocrx_word' id='word_1_83' title='bbox 257 1539 312 1575; x_wconf 87' lang='lat' dir='ltr'><strong>sar.</strong></span> <span class='ocrx_word' id='word_1_84' title='bbox 323 1524 359 1574; x_wconf 90' lang='lat' dir='ltr'><strong>ad</strong></span> <span class='ocrx_word' id='word_1_85' title='bbox 372 1521 498 1586; x_wconf 78' lang='lat' dir='ltr'>Aeschyli</span> <span class='ocrx_word' id='word_1_86' title='bbox 511 1525 586 1573; x_wconf 89' lang='lat' dir='ltr'><strong>Pers.</strong></span> <span class='ocrx_word' id='word_1_87' title='bbox 602 1524 661 1573; x_wconf 81' lang='lat'>207.</span> <span class='ocrx_word' id='word_1_88' title='bbox 681 1520 800 1585; x_wconf 83' lang='lat' dir='ltr'><strong>Hippar-</strong></span> 
     </span>
     <span class='ocr_line' id='line_1_14' title="bbox 258 1590 798 1658; baseline -0.011 -14"><span class='ocrx_word' id='word_1_89' title='bbox 258 1593 324 1644; x_wconf 88' lang='lat' dir='ltr'><strong>chus</strong></span> <span class='ocrx_word' id='word_1_90' title='bbox 343 1594 426 1658; x_wconf 85' lang='lat' dir='ltr'><strong>igitur</strong></span> <span class='ocrx_word' id='word_1_91' title='bbox 444 1593 601 1657; x_wconf 78' lang='lat' dir='ltr'><strong>expiatione</strong></span> <span class='ocrx_word' id='word_1_92' title='bbox 621 1590 684 1653; x_wconf 90' lang='lat' dir='ltr'><strong>illa,</strong></span> <span class='ocrx_word' id='word_1_93' title='bbox 711 1590 798 1641; x_wconf 88' lang='lat' dir='ltr'><strong>sacris</strong></span> 
     </span>
     <span class='ocr_line' id='line_1_15' title="bbox 258 1659 798 1714; baseline -0.007 -1"><span class='ocrx_word' id='word_1_94' title='bbox 258 1661 316 1713; x_wconf 90' lang='lat' dir='ltr'><strong>scil.</strong></span> <span class='ocrx_word' id='word_1_95' title='bbox 333 1662 532 1714; x_wconf 85' lang='lat' dir='ltr'><strong>averruncandi</strong></span> <span class='ocrx_word' id='word_1_96' title='bbox 547 1660 611 1711; x_wconf 84' lang='lat' dir='ltr'><strong>mali</strong></span> <span class='ocrx_word' id='word_1_97' title='bbox 631 1659 798 1710; x_wconf 88' lang='lat' dir='ltr'><strong>imminentis</strong></span> 
     </span>
     <span class='ocr_line' id='line_1_16' title="bbox 258 1727 799 1797; baseline -0.011 -13"><span class='ocrx_word' id='word_1_98' title='bbox 258 1747 342 1784; x_wconf 77' lang='lat' dir='ltr'><strong>caiisa</strong></span> <span class='ocrx_word' id='word_1_99' title='bbox 354 1733 437 1782; x_wconf 87' lang='lat' dir='ltr'><strong>factis</strong></span> <span class='ocrx_word' id='word_1_100' title='bbox 449 1732 628 1797; x_wconf 80' lang='lat' dir='ltr'>precibusque</span> <span class='ocrx_word' id='word_1_101' title='bbox 643 1730 756 1792; x_wconf 88' lang='lat' dir='ltr'><strong>additis,</strong></span> <span class='ocrx_word' id='word_1_102' title='bbox 770 1727 799 1778; x_wconf 87' lang='lat' dir='ltr'><strong>id</strong></span> 
     </span>
     <span class='ocr_line' id='line_1_17' title="bbox 258 1797 800 1866; baseline -0.009 -13"><span class='ocrx_word' id='word_1_103' title='bbox 258 1803 428 1853; x_wconf 83' lang='lat' dir='ltr'><strong>seeffecisse</strong></span> <span class='ocrx_word' id='word_1_104' title='bbox 449 1800 625 1866; x_wconf 75' lang='lat' dir='ltr'>opinabatur,</span> <span class='ocrx_word' id='word_1_105' title='bbox 648 1805 679 1850; x_wconf 90' lang='lat' dir='ltr'><strong>nt</strong></span> <span class='ocrx_word' id='word_1_106' title='bbox 700 1797 800 1849; x_wconf 87' lang='lat' dir='ltr'><strong>malum</strong></span> 
     </span>
     <span class='ocr_line' id='line_1_18' title="bbox 258 1870 800 1934; baseline -0.006 -14"><span class='ocrx_word' id='word_1_107' title='bbox 258 1873 362 1922; x_wconf 86' lang='lat' dir='ltr'><strong>somnio</strong></span> <span class='ocrx_word' id='word_1_108' title='bbox 377 1871 527 1921; x_wconf 90' lang='lat' dir='ltr'><strong>indicatum</strong></span> <span class='ocrx_word' id='word_1_109' title='bbox 544 1870 646 1920; x_wconf 84' lang='lat' dir='ltr'><strong>nullam</strong></span> <span class='ocrx_word' id='word_1_110' title='bbox 666 1870 694 1919; x_wconf 88' lang='lat' dir='ltr'><strong>in</strong></span> <span class='ocrx_word' id='word_1_111' title='bbox 711 1870 800 1934; x_wconf 86' lang='lat' dir='ltr'><strong>ipsum</strong></span> 
     </span>
     <span class='ocr_line' id='line_1_19' title="bbox 257 1940 800 2006; baseline -0.007 -15"><span class='ocrx_word' id='word_1_112' title='bbox 257 1941 371 1991; x_wconf 89' lang='lat' dir='ltr'><strong>haberet</strong></span> <span class='ocrx_word' id='word_1_113' title='bbox 390 1941 445 1992; x_wconf 84' lang='lat' dir='ltr'><strong>vim</strong></span> <span class='ocrx_word' id='word_1_114' title='bbox 467 1956 555 2006; x_wconf 89' lang='lat' dir='ltr'><strong>neque</strong></span> <span class='ocrx_word' id='word_1_115' title='bbox 576 1940 723 2006; x_wconf 78' lang='lat' dir='ltr'><strong>quidquam</strong></span> <span class='ocrx_word' id='word_1_116' title='bbox 742 1954 800 1988; x_wconf 88' lang='lat' dir='ltr'><strong>am-</strong></span> 
     </span>
     <span class='ocr_line' id='line_1_20' title="bbox 258 2008 801 2076; baseline -0.006 -16"><span class='ocrx_word' id='word_1_117' title='bbox 258 2012 328 2075; x_wconf 88' lang='lat' dir='ltr'><strong>plius</strong></span> <span class='ocrx_word' id='word_1_118' title='bbox 351 2014 447 2060; x_wconf 88' lang='lat' dir='ltr'><strong>contra</strong></span> <span class='ocrx_word' id='word_1_119' title='bbox 468 2012 556 2076; x_wconf 88' lang='lat' dir='ltr'><strong>ipsum</strong></span> <span class='ocrx_word' id='word_1_120' title='bbox 578 2010 685 2060; x_wconf 91' lang='lat' dir='ltr'><strong>valeret</strong></span> <span class='ocrx_word' id='word_1_121' title='bbox 705 2008 801 2058; x_wconf 90' lang='lat' dir='ltr'><strong>ullum-</strong></span> 
     </span>
     <span class='ocr_line' id='line_1_21' title="bbox 258 2078 801 2144; baseline -0.011 -13"><span class='ocrx_word' id='word_1_122' title='bbox 258 2096 309 2143; x_wconf 87' lang='lat' dir='ltr'><strong>que</strong></span> <span class='ocrx_word' id='word_1_123' title='bbox 320 2080 433 2129; x_wconf 88' lang='lat' dir='ltr'><strong>haberet</strong></span> <span class='ocrx_word' id='word_1_124' title='bbox 446 2084 580 2130; x_wconf 89' lang='lat' dir='ltr'><strong>eventurn.</strong></span> <span class='ocrx_word' id='word_1_125' title='bbox 607 2081 704 2144; x_wconf 88' lang='lat' dir='ltr'><strong>Itaque</strong></span> <span class='ocrx_word' id='word_1_126' title='bbox 717 2078 801 2129; x_wconf 88' lang='lat' dir='ltr'><strong>verba</strong></span> 
     </span>
     <span class='ocr_line' id='line_1_22' title="bbox 256 2137 802 2211; baseline -0.007 -12"><span class='ocrx_word' id='word_1_127' title='bbox 256 2141 451 2210; x_wconf 70' lang='grc' dir='ltr'><em>ἀπειπάμενος</em></span> <span class='ocrx_word' id='word_1_128' title='bbox 467 2141 519 2211; x_wconf 81' lang='grc' dir='ltr'><strong>τὴν</strong></span> <span class='ocrx_word' id='word_1_129' title='bbox 533 2137 604 2209; x_wconf 82' lang='grc' dir='ltr'><em>ὄφιν</em></span> <span class='ocrx_word' id='word_1_130' title='bbox 621 2149 728 2198; x_wconf 83' lang='lat' dir='ltr'><strong>valent:</strong></span> <span class='ocrx_word' id='word_1_131' title='bbox 748 2163 802 2196; x_wconf 77' lang='lat' dir='ltr'><strong>curn</strong></span> 
     </span>
     <span class='ocr_line' id='line_1_23' title="bbox 257 2220 802 2271; baseline -0.011 -2"><span class='ocrx_word' id='word_1_132' title='bbox 257 2222 430 2271; x_wconf 62' lang='lat' dir='ltr'><strong>renunciasset</strong></span> <span class='ocrx_word' id='word_1_133' title='bbox 447 2220 563 2267; x_wconf 77' lang='lat' dir='ltr'><strong>terrarium</strong></span> <span class='ocrx_word' id='word_1_134' title='bbox 579 2232 601 2269; x_wconf 82' lang='lat' dir='ltr'><strong>s.</strong></span> <span class='ocrx_word' id='word_1_135' title='bbox 619 2232 672 2266; x_wconf 79' lang='lat' dir='ltr'><strong>curn</strong></span> <span class='ocrx_word' id='word_1_136' title='bbox 686 2220 802 2267; x_wconf 73' lang='lat' dir='ltr'><strong>sarranium</strong></span> 
     </span>
     <span class='ocr_line' id='line_1_24' title="bbox 259 2286 802 2352; baseline -0.011 -13"><span class='ocrx_word' id='word_1_137' title='bbox 259 2288 315 2352; x_wconf 84' lang='lat' dir='ltr'><strong>(vel</strong></span> <span class='ocrx_word' id='word_1_138' title='bbox 328 2289 419 2352; x_wconf 88' lang='lat' dir='ltr'><strong>potius</strong></span> <span class='ocrx_word' id='word_1_139' title='bbox 435 2287 477 2350; x_wconf 92' lang='lat' dir='ltr'><strong>id,</strong></span> <span class='ocrx_word' id='word_1_140' title='bbox 490 2286 561 2352; x_wconf 91' lang='lat' dir='ltr'><strong>quod</strong></span> <span class='ocrx_word' id='word_1_141' title='bbox 575 2288 680 2337; x_wconf 90' lang='lat' dir='ltr'><strong>somnio</strong></span> <span class='ocrx_word' id='word_1_142' title='bbox 691 2290 802 2350; x_wconf 90' lang='lat' dir='ltr'><strong>portcn-</strong></span> 
     </span>
     <span class='ocr_line' id='line_1_25' title="bbox 258 2355 802 2420; baseline -0.006 -13"><span class='ocrx_word' id='word_1_143' title='bbox 258 2358 367 2407; x_wconf 79' lang='lat' dir='ltr'>deretur</span> <span class='ocrx_word' id='word_1_144' title='bbox 377 2355 487 2420; x_wconf 86' lang='lat' dir='ltr'><strong>malum)</strong></span> <span class='ocrx_word' id='word_1_145' title='bbox 499 2358 582 2406; x_wconf 85' lang='lat' dir='ltr'><strong>sacris</strong></span> <span class='ocrx_word' id='word_1_146' title='bbox 591 2357 671 2419; x_wconf 74' lang='lat' dir='ltr'><strong>sactis</strong></span> <span class='ocrx_word' id='word_1_147' title='bbox 680 2371 802 2407; x_wconf 78' lang='grc' dir='ltr'><em>ουεννιοι-</em></span> 
     </span>
     <span class='ocr_line' id='line_1_26' title="bbox 257 2425 802 2490; baseline -0.004 -14"><span class='ocrx_word' id='word_1_148' title='bbox 257 2435 341 2477; x_wconf 83' lang='lat' dir='ltr'><strong>cosset</strong></span> <span class='ocrx_word' id='word_1_149' title='bbox 352 2427 457 2490; x_wconf 79' lang='lat' dir='ltr'><strong>indeque</strong></span> <span class='ocrx_word' id='word_1_150' title='bbox 467 2427 503 2476; x_wconf 83' lang='lat' dir='ltr'><strong>od</strong></span> <span class='ocrx_word' id='word_1_151' title='bbox 509 2442 537 2476; x_wconf 82' lang='lat' dir='ltr'><strong>se</strong></span> <span class='ocrx_word' id='word_1_152' title='bbox 545 2427 595 2475; x_wconf 83' lang='lat' dir='ltr'><strong>iarn</strong></span> <span class='ocrx_word' id='word_1_153' title='bbox 603 2425 664 2477; x_wconf 78' lang='lat' dir='ltr'><strong>nihil</strong></span> <span class='ocrx_word' id='word_1_154' title='bbox 671 2428 802 2489; x_wconf 82' lang='lat' dir='ltr'><strong>pertinere</strong></span> 
     </span>
     <span class='ocr_line' id='line_1_27' title="bbox 259 2489 801 2546; baseline -0.007 0"><span class='ocrx_word' id='word_1_155' title='bbox 259 2504 325 2546; x_wconf 79' lang='lat' dir='ltr'><strong>erret</strong></span> <span class='ocrx_word' id='word_1_156' title='bbox 340 2504 420 2546; x_wconf 68' lang='lat' dir='ltr'><strong>ratres.</strong></span> <span class='ocrx_word' id='word_1_157' title='bbox 458 2496 499 2545; x_wconf 92' lang='lat' dir='ltr'><strong>De</strong></span> <span class='ocrx_word' id='word_1_158' title='bbox 519 2496 603 2545; x_wconf 76' lang='lat' dir='ltr'><strong>verbo</strong></span> <span class='ocrx_word' id='word_1_159' title='bbox 622 2489 801 2544; x_wconf 83' lang='grc' dir='ltr'><em>άπείποιοθοιι</em></span> 
     </span>
     <span class='ocr_line' id='line_1_28' title="bbox 259 2563 801 2630; baseline -0.007 -13"><span class='ocrx_word' id='word_1_160' title='bbox 259 2566 314 2617; x_wconf 80' lang='lat' dir='ltr'><strong>dlxi</strong></span> <span class='ocrx_word' id='word_1_161' title='bbox 328 2563 668 2617; x_wconf 73' lang='lat' dir='ltr'><strong>sd1³lrrtarch.nlsmin.5.</strong></span> <span class='ocrx_word' id='word_1_162' title='bbox 680 2564 781 2630; x_wconf 74' lang='lat' dir='ltr'><strong>pugili</strong></span> <span class='ocrx_word' id='word_1_163' title='bbox 794 2582 801 2621; x_wconf 75' lang='grc' dir='ltr'><em>ς</em></span> 
     </span>
     <span class='ocr_line' id='line_1_29' title="bbox 260 2634 800 2701; baseline 0 -15"><span class='ocrx_word' id='word_1_164' title='bbox 260 2636 332 2687; x_wconf 83' lang='lat' dir='ltr'><strong>conl.</strong></span> <span class='ocrx_word' id='word_1_165' title='bbox 346 2641 487 2701; x_wconf 88' lang='lat' dir='ltr'><strong>praeterea</strong></span> <span class='ocrx_word' id='word_1_166' title='bbox 496 2637 618 2686; x_wconf 88' lang='lat' dir='ltr'><strong>Kocrner</strong></span> <span class='ocrx_word' id='word_1_167' title='bbox 629 2636 663 2685; x_wconf 89' lang='lat' dir='ltr'><strong>ad</strong></span> <span class='ocrx_word' id='word_1_168' title='bbox 677 2634 800 2699; x_wconf 79' lang='lat' dir='ltr'><strong>Euripid.</strong></span> 
     </span>
     <span class='ocr_line' id='line_1_30' title="bbox 259 2704 800 2770; baseline -0.002 -14"><span class='ocrx_word' id='word_1_169' title='bbox 259 2704 440 2756; x_wconf 76' lang='lat' dir='ltr'><strong>Andromach.</strong></span> <span class='ocrx_word' id='word_1_170' title='bbox 452 2704 495 2755; x_wconf 83' lang='lat'><strong>87.</strong></span> <span class='ocrx_word' id='word_1_171' title='bbox 506 2722 570 2770; x_wconf 86' lang='lat' dir='ltr'><strong>pag.</strong></span> <span class='ocrx_word' id='word_1_172' title='bbox 580 2706 623 2755; x_wconf 84' lang='lat'><strong>26.</strong></span> <span class='ocrx_word' id='word_1_173' title='bbox 647 2705 745 2770; x_wconf 83' lang='lat' dir='ltr'><strong>Negris</strong></span> <span class='ocrx_word' id='word_1_174' title='bbox 758 2720 800 2764; x_wconf 85' lang='lat' dir='ltr'><strong>ea,</strong></span> 
     </span>
     <span class='ocr_line' id='line_1_31' title="bbox 260 2773 802 2839; baseline 0.002 -15"><span class='ocrx_word' id='word_1_175' title='bbox 260 2791 339 2839; x_wconf 88' lang='lat' dir='ltr'><strong>quam</strong></span> <span class='ocrx_word' id='word_1_176' title='bbox 356 2773 494 2835; x_wconf 75' lang='lat' dir='ltr'><strong>dedimus,</strong></span> <span class='ocrx_word' id='word_1_177' title='bbox 516 2776 741 2839; x_wconf 82' lang='lat' dir='ltr'><strong>interpretatione</strong></span> <span class='ocrx_word' id='word_1_178' title='bbox 761 2791 802 2825; x_wconf 89' lang='lat' dir='ltr'><strong>re·</strong></span> 
     </span>
     <span class='ocr_line' id='line_1_32' title="bbox 259 2843 800 2907; baseline -0.007 -12"><span class='ocrx_word' id='word_1_179' title='bbox 259 2847 332 2895; x_wconf 90' lang='lat' dir='ltr'><strong>ieota</strong></span> <span class='ocrx_word' id='word_1_180' title='bbox 355 2844 395 2896; x_wconf 91' lang='lat' dir='ltr'><strong>sic</strong></span> <span class='ocrx_word' id='word_1_181' title='bbox 415 2843 551 2907; x_wconf 79' lang='lat' dir='ltr'><strong>explicere</strong></span> <span class='ocrx_word' id='word_1_182' title='bbox 572 2844 662 2894; x_wconf 89' lang='lat' dir='ltr'><strong>locum</strong></span> <span class='ocrx_word' id='word_1_183' title='bbox 683 2843 800 2894; x_wconf 87' lang='lat' dir='ltr'><strong>mavult:</strong></span> 
     </span>
     <span class='ocr_line' id='line_1_33' title="bbox 259 2901 803 2977; baseline -0.006 -14"><span class='ocrx_word' id='word_1_184' title='bbox 259 2908 297 2976; x_wconf 77' lang='grc' dir='ltr'><strong>μὴ</strong></span> <span class='ocrx_word' id='word_1_185' title='bbox 319 2901 478 2977; x_wconf 75' lang='grc' dir='ltr'><em>φροντῗζωυ</em></span> <span class='ocrx_word' id='word_1_186' title='bbox 502 2929 527 2961; x_wconf 81' lang='lat' dir='ltr'><strong>rr</strong></span> <span class='ocrx_word' id='word_1_187' title='bbox 552 2910 638 2962; x_wconf 76' lang='grc' dir='ltr'><em>πλέον</em></span> <span class='ocrx_word' id='word_1_188' title='bbox 660 2908 725 2974; x_wconf 77' lang='grc' dir='ltr'><em>περὶ</em></span> <span class='ocrx_word' id='word_1_189' title='bbox 750 2908 803 2961; x_wconf 77' lang='grc' dir='ltr'><strong>τοῦ</strong></span> 
     </span>
     <span class='ocr_line' id='line_1_34' title="bbox 258 2972 801 3051; baseline 0 -20"><span class='ocrx_word' id='word_1_190' title='bbox 258 2974 412 3043; x_wconf 70' lang='grc' dir='ltr'><em>ἐνυπνίου,</em></span> <span class='ocrx_word' id='word_1_191' title='bbox 432 2981 542 3045; x_wconf 80' lang='grc' dir='ltr'><em>χαίρειν</em></span> <span class='ocrx_word' id='word_1_192' title='bbox 561 2978 651 3033; x_wconf 76' lang='grc' dir='ltr'><em>εἰπάν</em></span> <span class='ocrx_word' id='word_1_193' title='bbox 669 2979 704 3051; x_wconf 83' lang='grc' dir='ltr'><strong>τῇ</strong></span> <span class='ocrx_word' id='word_1_194' title='bbox 724 2972 801 3043; x_wconf 80' lang='grc' dir='ltr'><em>ὄψει,</em></span> 
     </span>
     <span class='ocr_line' id='line_1_35' title="bbox 259 3045 801 3115; baseline 0.002 -15"><span class='ocrx_word' id='word_1_195' title='bbox 259 3046 374 3115; x_wconf 78' lang='grc' dir='ltr'><em>οἶφίνων</em></span> <span class='ocrx_word' id='word_1_196' title='bbox 386 3047 417 3101; x_wconf 85' lang='grc' dir='ltr'><strong>τὸ</strong></span> <span class='ocrx_word' id='word_1_197' title='bbox 431 3045 554 3114; x_wconf 78' lang='grc' dir='ltr'><em>ὄνειρον.</em></span> <span class='ocrx_word' id='word_1_198' title='bbox 582 3054 623 3104; x_wconf 87' lang='lat' dir='ltr'><strong>Ad</strong></span> <span class='ocrx_word' id='word_1_199' title='bbox 637 3054 801 3105; x_wconf 90' lang='lat' dir='ltr'><strong>locutionem</strong></span> 
     </span>
     <span class='ocr_line' id='line_1_36' title="bbox 259 3112 802 3186; baseline -0.002 -13"><span class='ocrx_word' id='word_1_200' title='bbox 259 3118 364 3186; x_wconf 75' lang='grc' dir='ltr'><em>ἔπεμπε</em></span> <span class='ocrx_word' id='word_1_201' title='bbox 386 3112 440 3186; x_wconf 82' lang='grc' dir='ltr'><strong>τὴν</strong></span> <span class='ocrx_word' id='word_1_202' title='bbox 461 3116 581 3186; x_wconf 83' lang='grc' dir='ltr'><em>πομπὴν</em></span> <span class='ocrx_word' id='word_1_203' title='bbox 601 3124 674 3177; x_wconf 85' lang='lat' dir='ltr'><strong>conf,</strong></span> <span class='ocrx_word' id='word_1_204' title='bbox 696 3123 802 3185; x_wconf 75' lang='lat' dir='ltr'><strong>Thucy-</strong></span> 
     </span>
     <span class='ocr_line' id='line_1_37' title="bbox 259 3185 803 3257; baseline -0.007 -14"><span class='ocrx_word' id='word_1_205' title='bbox 259 3192 314 3244; x_wconf 89' lang='lat' dir='ltr'><strong>did.</strong></span> <span class='ocrx_word' id='word_1_206' title='bbox 329 3193 381 3251; x_wconf 85' lang='lat' dir='ltr'><strong>VI,</strong></span> <span class='ocrx_word' id='word_1_207' title='bbox 398 3193 432 3245; x_wconf 81' lang='grc'><strong>56</strong></span> <span class='ocrx_word' id='word_1_208' title='bbox 455 3192 515 3256; x_wconf 90' lang='lat' dir='ltr'><strong>(nbi</strong></span> <span class='ocrx_word' id='word_1_209' title='bbox 534 3185 600 3248; x_wconf 75' lang='lat' dir='ltr'><strong>roric</strong></span> <span class='ocrx_word' id='word_1_210' title='bbox 614 3185 668 3257; x_wconf 73' lang='grc' dir='ltr'><strong>τὴν</strong></span> <span class='ocrx_word' id='word_1_211' title='bbox 683 3187 803 3254; x_wconf 82' lang='grc' dir='ltr'><em>πομπὴν</em></span> 
     </span>
     <span class='ocr_line' id='line_1_38' title="bbox 259 3255 802 3379; baseline 0 -68"><span class='ocrx_word' id='word_1_212' title='bbox 259 3255 437 3379; x_wconf 59' lang='grc' dir='ltr'><strong>πὶμφαέτας)</strong></span> <span class='ocrx_word' id='word_1_213' title='bbox 452 3262 543 3326; x_wconf 87' lang='lat' dir='ltr'><strong>ibique</strong></span> <span class='ocrx_word' id='word_1_214' title='bbox 552 3263 656 3327; x_wconf 86' lang='lat' dir='ltr'><strong>Poppo.</strong></span> <span class='ocrx_word' id='word_1_215' title='bbox 664 3261 802 3313; x_wconf 88' lang='lat' dir='ltr'><strong>Plutarch.</strong></span> 
     </span>
     <span class='ocr_line' id='line_1_39' title="bbox 258 3331 399 3383; baseline -0.014 -1"><span class='ocrx_word' id='word_1_216' title='bbox 258 3333 341 3383; x_wconf 89' lang='lat' dir='ltr'><strong>Poc.</strong></span> <span class='ocrx_word' id='word_1_217' title='bbox 374 3331 399 3380; x_wconf 83' lang='lat'><strong>7.</strong></span> 
     </span>
    </p>
   </div>
   <div class='ocr_carea' id='block_1_5' title="bbox 445 3498 618 3550">
    <p class='ocr_par' dir='ltr' id='par_1_5' title="bbox 445 3498 618 3550">
     <span class='ocr_line' id='line_1_40' title="bbox 445 3498 618 3550; baseline 0.012 -2"><span class='ocrx_word' id='word_1_218' title='bbox 445 3498 512 3550; x_wconf 73' lang='lat' dir='ltr'><strong>Car.</strong></span> <span class='ocrx_word' id='word_1_219' title='bbox 530 3500 618 3550; x_wconf 88' lang='lat' dir='ltr'><strong>LVII.</strong></span> 
     </span>
    </p>
   </div>
   <div class='ocr_carea' id='block_1_6' title="bbox 848 1102 1420 3608">
    <p class='ocr_par' dir='ltr' id='par_1_6' title="bbox 848 1102 1420 3608">
     <span class='ocr_line' id='line_1_41' title="bbox 848 1102 1394 1165; baseline -0.004 -13"><span class='ocrx_word' id='word_1_220' title='bbox 848 1103 984 1153; x_wconf 88' lang='lat' dir='ltr'><strong>hominnm</strong></span> <span class='ocrx_word' id='word_1_221' title='bbox 1001 1102 1091 1162; x_wconf 88' lang='lat' dir='ltr'><strong>natio,</strong></span> <span class='ocrx_word' id='word_1_222' title='bbox 1112 1117 1182 1165; x_wconf 87' lang='lat' dir='ltr'><strong>quae</strong></span> <span class='ocrx_word' id='word_1_223' title='bbox 1198 1109 1263 1151; x_wconf 88' lang='lat' dir='ltr'><strong>ante</strong></span> <span class='ocrx_word' id='word_1_224' title='bbox 1276 1103 1394 1152; x_wconf 90' lang='lat' dir='ltr'><strong>Boeoto-</strong></span> 
     </span>
     <span class='ocr_line' id='line_1_42' title="bbox 849 1171 1395 1222; baseline -0.005 0"><span class='ocrx_word' id='word_1_225' title='bbox 849 1188 907 1222; x_wconf 89' lang='lat' dir='ltr'><strong>rnm</strong></span> <span class='ocrx_word' id='word_1_226' title='bbox 919 1172 1066 1221; x_wconf 87' lang='lat' dir='ltr'><strong>adventum</strong></span> <span class='ocrx_word' id='word_1_227' title='bbox 1079 1171 1149 1221; x_wconf 90' lang='lat' dir='ltr'><strong>banc</strong></span> <span class='ocrx_word' id='word_1_228' title='bbox 1162 1175 1260 1220; x_wconf 89' lang='lat' dir='ltr'><strong>terram</strong></span> <span class='ocrx_word' id='word_1_229' title='bbox 1273 1172 1395 1221; x_wconf 89' lang='lat' dir='ltr'><strong>tenuerit</strong></span> 
     </span>
     <span class='ocr_line' id='line_1_43' title="bbox 849 1240 1395 1306; baseline -0.005 -14"><span class='ocrx_word' id='word_1_230' title='bbox 849 1241 987 1306; x_wconf 86' lang='lat' dir='ltr'><strong>indigena,</strong></span> <span class='ocrx_word' id='word_1_231' title='bbox 994 1241 1064 1291; x_wconf 84' lang='lat' dir='ltr'><strong>idem</strong></span> <span class='ocrx_word' id='word_1_232' title='bbox 1073 1243 1233 1292; x_wconf 82' lang='lat' dir='ltr'><strong>Cadmeorum</strong></span> <span class='ocrx_word' id='word_1_233' title='bbox 1243 1240 1336 1291; x_wconf 88' lang='lat' dir='ltr'><strong>tulerit</strong></span> <span class='ocrx_word' id='word_1_234' title='bbox 1346 1257 1395 1290; x_wconf 89' lang='lat' dir='ltr'><strong>no·</strong></span> 
     </span>
     <span class='ocr_line' id='line_1_44' title="bbox 850 1310 1394 1375; baseline 0 -15"><span class='ocrx_word' id='word_1_235' title='bbox 850 1327 911 1360; x_wconf 88' lang='lat' dir='ltr'><strong>men</strong></span> <span class='ocrx_word' id='word_1_236' title='bbox 924 1318 980 1360; x_wconf 89' lang='lat' dir='ltr'><strong>tum</strong></span> <span class='ocrx_word' id='word_1_237' title='bbox 994 1311 1096 1361; x_wconf 89' lang='lat' dir='ltr'><strong>insede</strong></span> <span class='ocrx_word' id='word_1_238' title='bbox 1108 1326 1159 1360; x_wconf 89' lang='lat' dir='ltr'><strong>sua</strong></span> <span class='ocrx_word' id='word_1_239' title='bbox 1169 1311 1271 1375; x_wconf 90' lang='lat' dir='ltr'><strong>primiti</strong></span> <span class='ocrx_word' id='word_1_240' title='bbox 1276 1326 1309 1360; x_wconf 86' lang='lat' dir='ltr'><strong>ra</strong></span> <span class='ocrx_word' id='word_1_241' title='bbox 1319 1310 1394 1360; x_wconf 90' lang='lat' dir='ltr'><strong>arcis</strong></span> 
     </span>
     <span class='ocr_line' id='line_1_45' title="bbox 851 1381 1394 1445; baseline 0 -15"><span class='ocrx_word' id='word_1_242' title='bbox 851 1381 1001 1440; x_wconf 81' lang='lat' dir='ltr'><strong>Cadmeae,</strong></span> <span class='ocrx_word' id='word_1_243' title='bbox 1024 1395 1093 1445; x_wconf 89' lang='lat' dir='ltr'><strong>qnae</strong></span> <span class='ocrx_word' id='word_1_244' title='bbox 1106 1381 1271 1443; x_wconf 78' lang='lat' dir='ltr'><strong>vocabatur,</strong></span> <span class='ocrx_word' id='word_1_245' title='bbox 1292 1388 1349 1430; x_wconf 90' lang='lat' dir='ltr'><strong>tum</strong></span> <span class='ocrx_word' id='word_1_246' title='bbox 1365 1381 1394 1429; x_wconf 92' lang='lat' dir='ltr'><strong>in</strong></span> 
     </span>
     <span class='ocr_line' id='line_1_46' title="bbox 849 1448 1393 1501; baseline -0.006 0"><span class='ocrx_word' id='word_1_247' title='bbox 849 1451 966 1501; x_wconf 85' lang='lat' dir='ltr'><strong>coloniis</strong></span> <span class='ocrx_word' id='word_1_248' title='bbox 978 1448 1048 1501; x_wconf 86' lang='lat' dir='ltr'><strong>alias</strong></span> <span class='ocrx_word' id='word_1_249' title='bbox 1060 1450 1087 1499; x_wconf 92' lang='lat' dir='ltr'><strong>in</strong></span> <span class='ocrx_word' id='word_1_250' title='bbox 1100 1454 1187 1501; x_wconf 90' lang='lat' dir='ltr'><strong>terras</strong></span> <span class='ocrx_word' id='word_1_251' title='bbox 1199 1449 1262 1500; x_wconf 90' lang='lat' dir='ltr'><strong>binc</strong></span> <span class='ocrx_word' id='word_1_252' title='bbox 1275 1451 1393 1501; x_wconf 86' lang='lat' dir='ltr'><strong>emissis.</strong></span> 
     </span>
     <span class='ocr_line' id='line_1_47' title="bbox 849 1518 1394 1586; baseline 0 -16"><span class='ocrx_word' id='word_1_253' title='bbox 849 1521 974 1585; x_wconf 86' lang='lat' dir='ltr'><strong>Namque</strong></span> <span class='ocrx_word' id='word_1_254' title='bbox 994 1518 1037 1569; x_wconf 86' lang='lat' dir='ltr'><strong>vel</strong></span> <span class='ocrx_word' id='word_1_255' title='bbox 1051 1525 1161 1584; x_wconf 85' lang='lat' dir='ltr'><strong>postera</strong></span> <span class='ocrx_word' id='word_1_256' title='bbox 1180 1526 1272 1570; x_wconf 88' lang='lat' dir='ltr'><strong>aetate</strong></span> <span class='ocrx_word' id='word_1_257' title='bbox 1286 1521 1394 1586; x_wconf 86' lang='lat' dir='ltr'><strong>Spartis</strong></span> 
     </span>
     <span class='ocr_line' id='line_1_48' title="bbox 850 1590 1395 1653; baseline -0.002 -14"><span class='ocrx_word' id='word_1_258' title='bbox 850 1590 1017 1653; x_wconf 76' lang='lat' dir='ltr'><strong>Athenisque</strong></span> <span class='ocrx_word' id='word_1_259' title='bbox 1030 1591 1117 1639; x_wconf 90' lang='lat' dir='ltr'><strong>tribus</strong></span> <span class='ocrx_word' id='word_1_260' title='bbox 1131 1591 1215 1641; x_wconf 84' lang='lat' dir='ltr'><strong>luisse</strong></span> <span class='ocrx_word' id='word_1_261' title='bbox 1230 1592 1301 1641; x_wconf 88' lang='lat' dir='ltr'><strong>idem</strong></span> <span class='ocrx_word' id='word_1_262' title='bbox 1316 1590 1395 1641; x_wconf 85' lang='lat' dir='ltr'><strong>addit</strong></span> 
     </span>
     <span class='ocr_line' id='line_1_49' title="bbox 850 1659 1396 1725; baseline 0 -17"><span class='ocrx_word' id='word_1_263' title='bbox 850 1675 913 1710; x_wconf 85' lang='lat' dir='ltr'><strong>vere</strong></span> <span class='ocrx_word' id='word_1_264' title='bbox 922 1659 1065 1723; x_wconf 83' lang='lat' dir='ltr'><strong>Cadmeas,</strong></span> <span class='ocrx_word' id='word_1_265' title='bbox 1077 1661 1190 1724; x_wconf 78' lang='grc' dir='ltr'><em>Αεμῑιὶοε</em></span> <span class='ocrx_word' id='word_1_266' title='bbox 1202 1665 1282 1725; x_wconf 89' lang='lat' dir='ltr'><strong>atque</strong></span> <span class='ocrx_word' id='word_1_267' title='bbox 1293 1659 1396 1724; x_wconf 75' lang='lat' dir='ltr'><strong>Gephy-</strong></span> 
     </span>
     <span class='ocr_line' id='line_1_50' title="bbox 850 1729 1395 1793; baseline 0 -15"><span class='ocrx_word' id='word_1_268' title='bbox 850 1746 940 1792; x_wconf 85' lang='lat' dir='ltr'><strong>raeos,</strong></span> <span class='ocrx_word' id='word_1_269' title='bbox 955 1729 1051 1793; x_wconf 89' lang='lat' dir='ltr'><strong>quibus</strong></span> <span class='ocrx_word' id='word_1_270' title='bbox 1063 1729 1242 1780; x_wconf 76' lang='lat' dir='ltr'><strong>Athenienses</strong></span> <span class='ocrx_word' id='word_1_271' title='bbox 1254 1745 1334 1781; x_wconf 89' lang='lat' dir='ltr'><strong>sacra</strong></span> <span class='ocrx_word' id='word_1_272' title='bbox 1344 1730 1395 1779; x_wconf 85' lang='lat' dir='ltr'><strong>Ce-</strong></span> 
     </span>
     <span class='ocr_line' id='line_1_51' title="bbox 850 1798 1393 1864; baseline -0.002 -15"><span class='ocrx_word' id='word_1_273' title='bbox 850 1801 918 1849; x_wconf 86' lang='lat' dir='ltr'><strong>reris</strong></span> <span class='ocrx_word' id='word_1_274' title='bbox 935 1798 1075 1858; x_wconf 77' lang='lat' dir='ltr'><strong>Achaeae,</strong></span> <span class='ocrx_word' id='word_1_275' title='bbox 1095 1799 1128 1849; x_wconf 92' lang='lat' dir='ltr'><strong>de</strong></span> <span class='ocrx_word' id='word_1_276' title='bbox 1147 1800 1246 1864; x_wconf 81' lang='lat' dir='ltr'><strong>quibua</strong></span> <span class='ocrx_word' id='word_1_277' title='bbox 1268 1800 1342 1849; x_wconf 84' lang='lat' dir='ltr'><strong>inira</strong></span> <span class='ocrx_word' id='word_1_278' title='bbox 1359 1800 1393 1860; x_wconf 88' lang='lat' dir='ltr'><strong>V,</strong></span> 
     </span>
     <span class='ocr_line' id='line_1_52' title="bbox 850 1868 1395 1934; baseline -0.004 -14"><span class='ocrx_word' id='word_1_279' title='bbox 850 1870 907 1930; x_wconf 81' lang='lat'><strong>61,</strong></span> <span class='ocrx_word' id='word_1_280' title='bbox 919 1868 1070 1918; x_wconf 81' lang='lat' dir='ltr'><strong>debuerint.</strong></span> <span class='ocrx_word' id='word_1_281' title='bbox 1108 1870 1185 1930; x_wconf 80' lang='lat' dir='ltr'><strong>Quae</strong></span> <span class='ocrx_word' id='word_1_282' title='bbox 1201 1871 1328 1933; x_wconf 86' lang='lat' dir='ltr'><strong>speciosa</strong></span> <span class='ocrx_word' id='word_1_283' title='bbox 1348 1885 1395 1934; x_wconf 90' lang='lat' dir='ltr'><strong>po·</strong></span> 
     </span>
     <span class='ocr_line' id='line_1_53' title="bbox 850 1939 1396 2003; baseline -0.005 -14"><span class='ocrx_word' id='word_1_284' title='bbox 850 1941 907 1989; x_wconf 90' lang='lat' dir='ltr'><strong>tius</strong></span> <span class='ocrx_word' id='word_1_285' title='bbox 925 1953 1005 2002; x_wconf 89' lang='lat' dir='ltr'><strong>quam</strong></span> <span class='ocrx_word' id='word_1_286' title='bbox 1020 1953 1085 1987; x_wconf 85' lang='lat' dir='ltr'><strong>vera</strong></span> <span class='ocrx_word' id='word_1_287' title='bbox 1103 1939 1137 1989; x_wconf 91' lang='lat' dir='ltr'><strong>iis</strong></span> <span class='ocrx_word' id='word_1_288' title='bbox 1151 1940 1328 1997; x_wconf 85' lang='lat' dir='ltr'><strong>videbuntur,</strong></span> <span class='ocrx_word' id='word_1_289' title='bbox 1348 1939 1396 2003; x_wconf 89' lang='lat' dir='ltr'><strong>qni</strong></span> 
     </span>
     <span class='ocr_line' id='line_1_54' title="bbox 851 2008 1394 2074; baseline 0 -17"><span class='ocrx_word' id='word_1_290' title='bbox 851 2009 903 2069; x_wconf 90' lang='lat' dir='ltr'><strong>iis,</strong></span> <span class='ocrx_word' id='word_1_291' title='bbox 921 2022 989 2073; x_wconf 89' lang='lat' dir='ltr'><strong>quae</strong></span> <span class='ocrx_word' id='word_1_292' title='bbox 1006 2008 1167 2074; x_wconf 87' lang='lat' dir='ltr'><strong>scriptorum</strong></span> <span class='ocrx_word' id='word_1_293' title='bbox 1184 2009 1237 2059; x_wconf 87' lang='lat' dir='ltr'><strong>fide</strong></span> <span class='ocrx_word' id='word_1_294' title='bbox 1252 2009 1394 2073; x_wconf 81' lang='lat' dir='ltr'><strong>dignorum</strong></span> 
     </span>
     <span class='ocr_line' id='line_1_55' title="bbox 851 2078 1420 2143; baseline -0.002 -15"><span class='ocrx_word' id='word_1_295' title='bbox 851 2078 1016 2128; x_wconf 82' lang='lat' dir='ltr'><strong>testimoniis</strong></span> <span class='ocrx_word' id='word_1_296' title='bbox 1031 2078 1135 2129; x_wconf 88' lang='lat' dir='ltr'><strong>tradita</strong></span> <span class='ocrx_word' id='word_1_297' title='bbox 1147 2079 1313 2143; x_wconf 74' lang='lat' dir='ltr'><strong>acceptante,</strong></span> <span class='ocrx_word' id='word_1_298' title='bbox 1332 2078 1398 2127; x_wconf 90' lang='lat' dir='ltr'><strong>sub·</strong></span> <span class='ocrx_word' id='word_1_299' title='bbox 1417 2085 1420 2094; x_wconf 63' lang='lat'><em>¹</em></span> 
     </span>
     <span class='ocr_line' id='line_1_56' title="bbox 852 2147 1397 2200; baseline -0.002 -2"><span class='ocrx_word' id='word_1_300' title='bbox 852 2150 967 2198; x_wconf 90' lang='lat' dir='ltr'><strong>stituere</strong></span> <span class='ocrx_word' id='word_1_301' title='bbox 994 2147 1088 2198; x_wconf 92' lang='lat' dir='ltr'><strong>nolent</strong></span> <span class='ocrx_word' id='word_1_302' title='bbox 1116 2149 1298 2200; x_wconf 79' lang='lat' dir='ltr'><strong>recentiorum</strong></span> <span class='ocrx_word' id='word_1_303' title='bbox 1324 2163 1397 2198; x_wconf 88' lang='lat' dir='ltr'><strong>com-</strong></span> 
     </span>
     <span class='ocr_line' id='line_1_57' title="bbox 853 2216 1396 2270; baseline -0.004 -2"><span class='ocrx_word' id='word_1_304' title='bbox 853 2222 944 2268; x_wconf 88' lang='lat' dir='ltr'><strong>menta</strong></span> <span class='ocrx_word' id='word_1_305' title='bbox 956 2216 1041 2268; x_wconf 89' lang='lat' dir='ltr'><strong>firmis</strong></span> <span class='ocrx_word' id='word_1_306' title='bbox 1058 2219 1211 2270; x_wconf 89' lang='lat' dir='ltr'><strong>rationibus</strong></span> <span class='ocrx_word' id='word_1_307' title='bbox 1229 2223 1257 2267; x_wconf 90' lang='lat' dir='ltr'><strong>et</strong></span> <span class='ocrx_word' id='word_1_308' title='bbox 1271 2222 1396 2269; x_wconf 75' lang='lat' dir='ltr'><strong>aeterum</strong></span> 
     </span>
     <span class='ocr_line' id='line_1_58' title="bbox 853 2287 1397 2338; baseline -0.002 -1"><span class='ocrx_word' id='word_1_309' title='bbox 853 2289 964 2337; x_wconf 87' lang='lat' dir='ltr'><strong>testium</strong></span> <span class='ocrx_word' id='word_1_310' title='bbox 979 2287 1145 2338; x_wconf 88' lang='lat' dir='ltr'><strong>auctoritate</strong></span> <span class='ocrx_word' id='word_1_311' title='bbox 1163 2289 1306 2338; x_wconf 87' lang='lat' dir='ltr'><strong>destituta.</strong></span> <span class='ocrx_word' id='word_1_312' title='bbox 1340 2288 1397 2336; x_wconf 85' lang='lat' dir='ltr'><strong>He-</strong></span> 
     </span>
     <span class='ocr_line' id='line_1_59' title="bbox 853 2356 1396 2423; baseline 0 -17"><span class='ocrx_word' id='word_1_313' title='bbox 853 2356 966 2407; x_wconf 89' lang='lat' dir='ltr'><strong>rodotus</strong></span> <span class='ocrx_word' id='word_1_314' title='bbox 985 2358 1072 2417; x_wconf 89' lang='lat' dir='ltr'><strong>enim,</strong></span> <span class='ocrx_word' id='word_1_315' title='bbox 1098 2358 1169 2421; x_wconf 92' lang='lat' dir='ltr'><strong>quod</strong></span> <span class='ocrx_word' id='word_1_316' title='bbox 1187 2357 1344 2423; x_wconf 86' lang='lat' dir='ltr'><strong>Gephyraci</strong></span> <span class='ocrx_word' id='word_1_317' title='bbox 1362 2374 1396 2406; x_wconf 86' lang='lat' dir='ltr'><strong>ex</strong></span> 
     </span>
     <span class='ocr_line' id='line_1_60' title="bbox 853 2426 1397 2491; baseline -0.002 -15"><span class='ocrx_word' id='word_1_318' title='bbox 853 2426 962 2476; x_wconf 87' lang='lat' dir='ltr'><strong>Eretria</strong></span> <span class='ocrx_word' id='word_1_319' title='bbox 980 2431 1102 2476; x_wconf 87' lang='lat' dir='ltr'><strong>scortes</strong></span> <span class='ocrx_word' id='word_1_320' title='bbox 1122 2442 1182 2478; x_wconf 84' lang='lat' dir='ltr'><strong>esse</strong></span> <span class='ocrx_word' id='word_1_321' title='bbox 1198 2427 1397 2491; x_wconf 85' lang='lat' dir='ltr'><strong>praedicabant</strong></span> 
     </span>
     <span class='ocr_line' id='line_1_61' title="bbox 854 2493 1397 2562; baseline 0 -17"><span class='ocrx_word' id='word_1_322' title='bbox 854 2493 1036 2560; x_wconf 81' lang='lat' dir='ltr'><strong>(peregrinam</strong></span> <span class='ocrx_word' id='word_1_323' title='bbox 1050 2496 1133 2560; x_wconf 91' lang='lat' dir='ltr'><strong>igitur</strong></span> <span class='ocrx_word' id='word_1_324' title='bbox 1145 2498 1256 2562; x_wconf 89' lang='lat' dir='ltr'><strong>stirpem</strong></span> <span class='ocrx_word' id='word_1_325' title='bbox 1269 2498 1397 2546; x_wconf 87' lang='lat' dir='ltr'><strong>reiicien-</strong></span> 
     </span>
     <span class='ocr_line' id='line_1_62' title="bbox 853 2565 1395 2632; baseline 0 -18"><span class='ocrx_word' id='word_1_326' title='bbox 853 2570 894 2615; x_wconf 90' lang='lat' dir='ltr'><strong>tes</strong></span> <span class='ocrx_word' id='word_1_327' title='bbox 914 2565 1102 2631; x_wconf 81' lang='lat' dir='ltr'><strong>Graecumque</strong></span> <span class='ocrx_word' id='word_1_328' title='bbox 1123 2582 1188 2632; x_wconf 90' lang='lat' dir='ltr'><strong>prae</strong></span> <span class='ocrx_word' id='word_1_329' title='bbox 1213 2582 1242 2618; x_wconf 91' lang='lat' dir='ltr'><strong>se</strong></span> <span class='ocrx_word' id='word_1_330' title='bbox 1260 2566 1395 2618; x_wconf 82' lang='lat' dir='ltr'><strong>serentes:</strong></span> 
     </span>
     <span class='ocr_line' id='line_1_63' title="bbox 851 2635 1398 2702; baseline 0.005 -19"><span class='ocrx_word' id='word_1_331' title='bbox 851 2636 944 2699; x_wconf 90' lang='lat' dir='ltr'><strong>inquo</strong></span> <span class='ocrx_word' id='word_1_332' title='bbox 958 2635 1017 2698; x_wconf 87' lang='lat' dir='ltr'><strong>ipso</strong></span> <span class='ocrx_word' id='word_1_333' title='bbox 1029 2637 1148 2687; x_wconf 84' lang='lat' dir='ltr'><strong>Graecas</strong></span> <span class='ocrx_word' id='word_1_334' title='bbox 1156 2643 1252 2702; x_wconf 87' lang='lat' dir='ltr'><strong>gentes</strong></span> <span class='ocrx_word' id='word_1_335' title='bbox 1264 2638 1318 2687; x_wconf 85' lang='lat' dir='ltr'><strong>sibi</strong></span> <span class='ocrx_word' id='word_1_336' title='bbox 1330 2635 1398 2687; x_wconf 90' lang='lat' dir='ltr'><strong>mul-</strong></span> 
     </span>
     <span class='ocr_line' id='line_1_64' title="bbox 852 2703 1397 2772; baseline 0.002 -18"><span class='ocrx_word' id='word_1_337' title='bbox 852 2710 910 2754; x_wconf 90' lang='lat' dir='ltr'><strong>turn</strong></span> <span class='ocrx_word' id='word_1_338' title='bbox 924 2703 1062 2769; x_wconf 85' lang='lat' dir='ltr'><strong>placuisse</strong></span> <span class='ocrx_word' id='word_1_339' title='bbox 1073 2707 1211 2772; x_wconf 87' lang='lat' dir='ltr'><strong>constat),</strong></span> <span class='ocrx_word' id='word_1_340' title='bbox 1225 2707 1268 2757; x_wconf 87' lang='lat' dir='ltr'><strong>bis</strong></span> <span class='ocrx_word' id='word_1_341' title='bbox 1282 2707 1397 2771; x_wconf 89' lang='lat' dir='ltr'><strong>opponit</strong></span> 
     </span>
     <span class='ocr_line' id='line_1_65' title="bbox 853 2778 1399 2842; baseline 0 -17"><span class='ocrx_word' id='word_1_342' title='bbox 853 2790 886 2825; x_wconf 85' lang='lat' dir='ltr'><strong>ea</strong></span> <span class='ocrx_word' id='word_1_343' title='bbox 895 2789 988 2839; x_wconf 69' lang='lat' dir='ltr'><strong>,qnae</strong></span> <span class='ocrx_word' id='word_1_344' title='bbox 1000 2779 1057 2839; x_wconf 88' lang='lat' dir='ltr'><strong>ipse</strong></span> <span class='ocrx_word' id='word_1_345' title='bbox 1067 2779 1155 2826; x_wconf 80' lang='lat' dir='ltr'><strong>iterum</strong></span> <span class='ocrx_word' id='word_1_346' title='bbox 1166 2780 1302 2842; x_wconf 72' lang='lat' dir='ltr'><strong>iterumque</strong></span> <span class='ocrx_word' id='word_1_347' title='bbox 1311 2778 1399 2827; x_wconf 75' lang='grc' dir='ltr'><strong>ουίεοί-</strong></span> 
     </span>
     <span class='ocr_line' id='line_1_66' title="bbox 853 2838 1398 2909; baseline -0.002 -14"><span class='ocrx_word' id='word_1_348' title='bbox 853 2845 930 2895; x_wconf 84' lang='lat' dir='ltr'><strong>tundo</strong></span> <span class='ocrx_word' id='word_1_349' title='bbox 946 2843 986 2905; x_wconf 92' lang='lat' dir='ltr'><strong>(id</strong></span> <span class='ocrx_word' id='word_1_350' title='bbox 1001 2846 1073 2895; x_wconf 90' lang='lat' dir='ltr'><strong>enirn</strong></span> <span class='ocrx_word' id='word_1_351' title='bbox 1085 2850 1127 2896; x_wconf 88' lang='lat' dir='ltr'><strong>est</strong></span> <span class='ocrx_word' id='word_1_352' title='bbox 1140 2838 1398 2909; x_wconf 79' lang='grc' dir='ltr'><em>άναπυνθανόμε·</em></span> 
     </span>
     <span class='ocr_line' id='line_1_67' title="bbox 853 2911 1397 2981; baseline 0.011 -21"><span class='ocrx_word' id='word_1_353' title='bbox 853 2911 914 2977; x_wconf 82' lang='grc' dir='ltr'><em>νος)</em></span> <span class='ocrx_word' id='word_1_354' title='bbox 926 2914 1044 2964; x_wconf 88' lang='lat' dir='ltr'><strong>invenit:</strong></span> <span class='ocrx_word' id='word_1_355' title='bbox 1064 2931 1132 2981; x_wconf 88' lang='lat' dir='ltr'><strong>quae</strong></span> <span class='ocrx_word' id='word_1_356' title='bbox 1143 2917 1208 2981; x_wconf 91' lang='lat' dir='ltr'><strong>quin</strong></span> <span class='ocrx_word' id='word_1_357' title='bbox 1219 2932 1284 2967; x_wconf 82' lang='lat' dir='ltr'><strong>vera</strong></span> <span class='ocrx_word' id='word_1_358' title='bbox 1295 2916 1397 2966; x_wconf 86' lang='lat' dir='ltr'><strong>babue-</strong></span> 
     </span>
     <span class='ocr_line' id='line_1_68' title="bbox 853 2982 1396 3051; baseline 0.007 -20"><span class='ocrx_word' id='word_1_359' title='bbox 853 2983 904 3045; x_wconf 89' lang='lat' dir='ltr'><strong>rit,</strong></span> <span class='ocrx_word' id='word_1_360' title='bbox 925 2982 1044 3034; x_wconf 90' lang='lat' dir='ltr'><strong>dubitari</strong></span> <span class='ocrx_word' id='word_1_361' title='bbox 1066 2989 1170 3051; x_wconf 90' lang='lat' dir='ltr'><strong>nequit.</strong></span> <span class='ocrx_word' id='word_1_362' title='bbox 1199 2988 1299 3051; x_wconf 90' lang='lat' dir='ltr'><strong>ltaque</strong></span> <span class='ocrx_word' id='word_1_363' title='bbox 1313 2986 1396 3036; x_wconf 86' lang='lat' dir='ltr'><strong>etiam</strong></span> 
     </span>
     <span class='ocr_line' id='line_1_69' title="bbox 854 3053 1397 3116; baseline 0.006 -15"><span class='ocrx_word' id='word_1_364' title='bbox 854 3068 901 3115; x_wconf 87' lang='lat' dir='ltr'><strong>ea,</strong></span> <span class='ocrx_word' id='word_1_365' title='bbox 917 3067 987 3116; x_wconf 91' lang='lat' dir='ltr'><strong>quae</strong></span> <span class='ocrx_word' id='word_1_366' title='bbox 999 3053 1033 3104; x_wconf 90' lang='lat' dir='ltr'><strong>de</strong></span> <span class='ocrx_word' id='word_1_367' title='bbox 1045 3056 1150 3106; x_wconf 90' lang='lat' dir='ltr'><strong>Punica</strong></span> <span class='ocrx_word' id='word_1_368' title='bbox 1162 3055 1342 3106; x_wconf 83' lang='lat' dir='ltr'><strong>Cadmeorum</strong></span> <span class='ocrx_word' id='word_1_369' title='bbox 1356 3056 1397 3104; x_wconf 91' lang='lat' dir='ltr'><strong>in-</strong></span> 
     </span>
     <span class='ocr_line' id='line_1_70' title="bbox 852 3123 1398 3191; baseline 0.004 -19"><span class='ocrx_word' id='word_1_370' title='bbox 852 3123 938 3187; x_wconf 88' lang='lat' dir='ltr'><strong>deque</strong></span> <span class='ocrx_word' id='word_1_371' title='bbox 958 3125 1040 3173; x_wconf 85' lang='lat' dir='ltr'><strong>etism</strong></span> <span class='ocrx_word' id='word_1_372' title='bbox 1058 3126 1277 3191; x_wconf 79' lang='lat' dir='ltr'><strong>Gephyrasorum</strong></span> <span class='ocrx_word' id='word_1_373' title='bbox 1292 3126 1398 3190; x_wconf 85' lang='lat' dir='ltr'><strong>origine</strong></span> 
     </span>
     <span class='ocr_line' id='line_1_71' title="bbox 853 3192 1397 3260; baseline 0.006 -18"><span class='ocrx_word' id='word_1_374' title='bbox 853 3192 951 3254; x_wconf 91' lang='lat' dir='ltr'><strong>tradit,</strong></span> <span class='ocrx_word' id='word_1_375' title='bbox 967 3195 1006 3243; x_wconf 86' lang='lat' dir='ltr'><strong>sie</strong></span> <span class='ocrx_word' id='word_1_376' title='bbox 1018 3193 1091 3243; x_wconf 89' lang='lat' dir='ltr'><strong>tradi</strong></span> <span class='ocrx_word' id='word_1_377' title='bbox 1103 3193 1204 3257; x_wconf 82' lang='lat' dir='ltr'><strong>voluit,</strong></span> <span class='ocrx_word' id='word_1_378' title='bbox 1218 3200 1249 3245; x_wconf 94' lang='lat' dir='ltr'><strong>ut</strong></span> <span class='ocrx_word' id='word_1_379' title='bbox 1261 3211 1310 3260; x_wconf 87' lang='lat' dir='ltr'><strong>pro</strong></span> <span class='ocrx_word' id='word_1_380' title='bbox 1323 3196 1397 3247; x_wconf 85' lang='lat' dir='ltr'><strong>veris</strong></span> 
     </span>
     <span class='ocr_line' id='line_1_72' title="bbox 852 3261 1396 3329; baseline 0.007 -20"><span class='ocrx_word' id='word_1_381' title='bbox 852 3261 1033 3313; x_wconf 81' lang='lat' dir='ltr'><strong>haberentur:</strong></span> <span class='ocrx_word' id='word_1_382' title='bbox 1058 3279 1146 3328; x_wconf 90' lang='lat' dir='ltr'><strong>neque</strong></span> <span class='ocrx_word' id='word_1_383' title='bbox 1169 3264 1292 3329; x_wconf 88' lang='lat' dir='ltr'><strong>equidem</strong></span> <span class='ocrx_word' id='word_1_384' title='bbox 1311 3263 1396 3314; x_wconf 90' lang='lat' dir='ltr'><strong>ullam</strong></span> 
     </span>
     <span class='ocr_line' id='line_1_73' title="bbox 852 3329 1397 3399; baseline 0.007 -19"><span class='ocrx_word' id='word_1_385' title='bbox 852 3329 932 3380; x_wconf 80' lang='lat' dir='ltr'><strong>video</strong></span> <span class='ocrx_word' id='word_1_386' title='bbox 957 3347 1069 3383; x_wconf 87' lang='lat' dir='ltr'><strong>cansam</strong></span> <span class='ocrx_word' id='word_1_387' title='bbox 1084 3335 1207 3399; x_wconf 84' lang='lat' dir='ltr'><strong>iustam,</strong></span> <span class='ocrx_word' id='word_1_388' title='bbox 1235 3350 1284 3384; x_wconf 90' lang='lat' dir='ltr'><strong>our</strong></span> <span class='ocrx_word' id='word_1_389' title='bbox 1307 3335 1397 3384; x_wconf 88' lang='lat' dir='ltr'><strong>minus</strong></span> 
     </span>
     <span class='ocr_line' id='line_1_74' title="bbox 852 3402 1397 3464; baseline 0.006 -14"><span class='ocrx_word' id='word_1_390' title='bbox 852 3415 918 3450; x_wconf 86' lang='lat' dir='ltr'><strong>vera</strong></span> <span class='ocrx_word' id='word_1_391' title='bbox 933 3417 1004 3452; x_wconf 89' lang='lat' dir='ltr'><strong>nnuc</strong></span> <span class='ocrx_word' id='word_1_392' title='bbox 1024 3402 1191 3464; x_wconf 85' lang='lat' dir='ltr'><strong>habeantur,</strong></span> <span class='ocrx_word' id='word_1_393' title='bbox 1216 3404 1295 3454; x_wconf 90' lang='lat' dir='ltr'><strong>modo</strong></span> <span class='ocrx_word' id='word_1_394' title='bbox 1312 3402 1397 3453; x_wconf 88' lang='lat' dir='ltr'><strong>ullam</strong></span> 
     </span>
     <span class='ocr_line' id='line_1_75' title="bbox 850 3470 1397 3537; baseline 0.004 -17"><span class='ocrx_word' id='word_1_395' title='bbox 850 3470 990 3521; x_wconf 88' lang='lat' dir='ltr'><strong>veteribus</strong></span> <span class='ocrx_word' id='word_1_396' title='bbox 1003 3472 1184 3537; x_wconf 87' lang='lat' dir='ltr'><strong>scriptoribus</strong></span> <span class='ocrx_word' id='word_1_397' title='bbox 1199 3472 1280 3524; x_wconf 85' lang='lat' dir='ltr'><strong>fidem</strong></span> <span class='ocrx_word' id='word_1_398' title='bbox 1292 3473 1397 3524; x_wconf 89' lang='lat' dir='ltr'><strong>babeas</strong></span> 
     </span>
     <span class='ocr_line' id='line_1_76' title="bbox 851 3542 1396 3608; baseline 0.006 -19"><span class='ocrx_word' id='word_1_399' title='bbox 851 3555 938 3604; x_wconf 88' lang='lat' dir='ltr'><strong>neque</strong></span> <span class='ocrx_word' id='word_1_400' title='bbox 950 3544 1052 3592; x_wconf 91' lang='lat' dir='ltr'><strong>temere</strong></span> <span class='ocrx_word' id='word_1_401' title='bbox 1065 3542 1221 3601; x_wconf 83' lang='lat' dir='ltr'><strong>convellas,</strong></span> <span class='ocrx_word' id='word_1_402' title='bbox 1237 3559 1308 3608; x_wconf 90' lang='lat' dir='ltr'><strong>quae</strong></span> <span class='ocrx_word' id='word_1_403' title='bbox 1319 3548 1396 3593; x_wconf 90' lang='lat' dir='ltr'><strong>certa</strong></span> 
     </span>
    </p>
   </div>
   <div class='ocr_carea' id='block_1_7' title="bbox 258 3594 1447 4515">
    <p class='ocr_par' dir='ltr' id='par_1_7' title="bbox 258 3594 1447 4515">
     <span class='ocr_line' id='line_1_77' title="bbox 295 3594 1447 3676; baseline 0.007 -25"><span class='ocrx_word' id='word_1_404' title='bbox 295 3594 333 3651; x_wconf 82' lang='lat' dir='ltr'><strong>Oi</strong></span> <span class='ocrx_word' id='word_1_405' title='bbox 347 3595 378 3652; x_wconf 77' lang='grc' dir='ltr'><strong>δὲ</strong></span> <span class='ocrx_word' id='word_1_406' title='bbox 396 3601 566 3669; x_wconf 78' lang='grc' dir='ltr'><em>Γεφυραῖοι]</em></span> <span class='ocrx_word' id='word_1_407' title='bbox 586 3603 686 3669; x_wconf 81' lang='lat' dir='ltr'><strong>Attigit</strong></span> <span class='ocrx_word' id='word_1_408' title='bbox 701 3603 801 3654; x_wconf 86' lang='lat' dir='ltr'><strong>Snidas</strong></span> <span class='ocrx_word' id='word_1_409' title='bbox 851 3611 1014 3673; x_wconf 81' lang='lat' dir='ltr'><strong>scriptorum</strong></span> <span class='ocrx_word' id='word_1_410' title='bbox 1029 3612 1172 3676; x_wconf 90' lang='lat' dir='ltr'><strong>proborum</strong></span> <span class='ocrx_word' id='word_1_411' title='bbox 1190 3612 1241 3662; x_wconf 87' lang='lat' dir='ltr'><strong>fide</strong></span> <span class='ocrx_word' id='word_1_412' title='bbox 1255 3617 1396 3662; x_wconf 85' lang='lat' dir='ltr'><strong>constant.</strong></span> <span class='ocrx_word' id='word_1_413' title='bbox 1443 3650 1447 3659; x_wconf 92' lang='lat'>.</span> 
     </span>
     <span class='ocr_line' id='line_1_78' title="bbox 260 3671 1397 3743; baseline 0.009 -18"><span class='ocrx_word' id='word_1_414' title='bbox 260 3691 281 3725; x_wconf 87' lang='lat' dir='ltr'><strong>s.</strong></span> <span class='ocrx_word' id='word_1_415' title='bbox 295 3690 320 3725; x_wconf 90' lang='lat' dir='ltr'><strong>v.</strong></span> <span class='ocrx_word' id='word_1_416' title='bbox 334 3671 461 3738; x_wconf 78' lang='grc' dir='ltr'><em>Γεφυρὶς</em></span> <span class='ocrx_word' id='word_1_417' title='bbox 475 3674 508 3728; x_wconf 92' lang='grc' dir='ltr'><strong>Τ.</strong></span> <span class='ocrx_word' id='word_1_418' title='bbox 519 3675 543 3727; x_wconf 91' lang='grc' dir='ltr'><strong>Ι,</strong></span> <span class='ocrx_word' id='word_1_419' title='bbox 558 3690 584 3739; x_wconf 90' lang='lat' dir='ltr'><strong>p.</strong></span> <span class='ocrx_word' id='word_1_420' title='bbox 596 3674 648 3725; x_wconf 80' lang='lat'><strong>479</strong></span> <span class='ocrx_word' id='word_1_421' title='bbox 664 3679 691 3723; x_wconf 92' lang='lat' dir='ltr'><strong>et</strong></span> <span class='ocrx_word' id='word_1_422' title='bbox 705 3674 802 3724; x_wconf 80' lang='lat' dir='ltr'><strong>Aristi·</strong></span> <span class='ocrx_word' id='word_1_423' title='bbox 852 3680 1026 3743; x_wconf 87' lang='lat' dir='ltr'><strong>Quapropter</strong></span> <span class='ocrx_word' id='word_1_424' title='bbox 1034 3682 1122 3731; x_wconf 89' lang='lat' dir='ltr'><strong>malim</strong></span> <span class='ocrx_word' id='word_1_425' title='bbox 1130 3683 1165 3732; x_wconf 92' lang='lat' dir='ltr'><strong>ab</strong></span> <span class='ocrx_word' id='word_1_426' title='bbox 1172 3681 1312 3733; x_wconf 90' lang='lat' dir='ltr'><strong>Herodoto</strong></span> <span class='ocrx_word' id='word_1_427' title='bbox 1321 3688 1397 3735; x_wconf 89' lang='lat' dir='ltr'><strong>stare</strong></span> 
     </span>
     <span class='ocr_line' id='line_1_79' title="bbox 260 3742 1397 3815; baseline 0.009 -21"><span class='ocrx_word' id='word_1_428' title='bbox 260 3744 302 3794; x_wconf 91' lang='lat' dir='ltr'><strong>dis</strong></span> <span class='ocrx_word' id='word_1_429' title='bbox 327 3744 412 3795; x_wconf 91' lang='lat' dir='ltr'><strong>schol.</strong></span> <span class='ocrx_word' id='word_1_430' title='bbox 437 3760 501 3809; x_wconf 86' lang='lat' dir='ltr'><strong>pag.</strong></span> <span class='ocrx_word' id='word_1_431' title='bbox 521 3744 552 3796; x_wconf 86' lang='lat'><strong>31</strong></span> <span class='ocrx_word' id='word_1_432' title='bbox 581 3745 624 3795; x_wconf 87' lang='lat' dir='ltr'><strong>ed.</strong></span> <span class='ocrx_word' id='word_1_433' title='bbox 646 3742 801 3805; x_wconf 74' lang='lat' dir='ltr'><strong>Frommel,</strong></span> <span class='ocrx_word' id='word_1_434' title='bbox 855 3748 1070 3815; x_wconf 73' lang='lat' dir='ltr'><strong>Geplryrneosque</strong></span> <span class='ocrx_word' id='word_1_435' title='bbox 1085 3752 1250 3803; x_wconf 89' lang='lat' dir='ltr'><strong>Phoenicum</strong></span> <span class='ocrx_word' id='word_1_436' title='bbox 1268 3754 1296 3801; x_wconf 91' lang='lat' dir='ltr'><strong>in</strong></span> <span class='ocrx_word' id='word_1_437' title='bbox 1311 3754 1397 3804; x_wconf 90' lang='lat' dir='ltr'><strong>Boeo·</strong></span> 
     </span>
     <span class='ocr_line' id='line_1_80' title="bbox 260 3813 1396 3887; baseline 0.009 -25"><span class='ocrx_word' id='word_1_438' title='bbox 260 3814 753 3879; x_wconf 84' lang='lat' dir='ltr'><strong>quibuscumconi.Pseudoplutarcb.</strong></span> <span class='ocrx_word' id='word_1_439' title='bbox 769 3813 803 3863; x_wconf 89' lang='lat' dir='ltr'><strong>de</strong></span> <span class='ocrx_word' id='word_1_440' title='bbox 854 3819 920 3867; x_wconf 91' lang='lat' dir='ltr'><strong>tiam</strong></span> <span class='ocrx_word' id='word_1_441' title='bbox 943 3821 1127 3879; x_wconf 81' lang='lat' dir='ltr'><strong>ingressorum</strong></span> <span class='ocrx_word' id='word_1_442' title='bbox 1151 3826 1275 3887; x_wconf 89' lang='lat' dir='ltr'><strong>posteros</strong></span> <span class='ocrx_word' id='word_1_443' title='bbox 1296 3821 1396 3874; x_wconf 88' lang='lat' dir='ltr'><strong>habere</strong></span> 
     </span>
     <span class='ocr_line' id='line_1_81' title="bbox 258 3884 1397 3956; baseline 0.008 -22"><span class='ocrx_word' id='word_1_444' title='bbox 258 3884 390 3934; x_wconf 89' lang='lat' dir='ltr'><strong>Herodot.</strong></span> <span class='ocrx_word' id='word_1_445' title='bbox 408 3884 518 3949; x_wconf 81' lang='lat' dir='ltr'><strong>malign.</strong></span> <span class='ocrx_word' id='word_1_446' title='bbox 538 3900 598 3950; x_wconf 87' lang='lat' dir='ltr'><strong>pag.</strong></span> <span class='ocrx_word' id='word_1_447' title='bbox 612 3884 700 3935; x_wconf 83' lang='lat' dir='ltr'>830F.</span> <span class='ocrx_word' id='word_1_448' title='bbox 733 3885 803 3934; x_wconf 82' lang='lat' dir='ltr'><strong>Atti·</strong></span> <span class='ocrx_word' id='word_1_449' title='bbox 854 3903 933 3953; x_wconf 86' lang='lat' dir='ltr'><strong>quam</strong></span> <span class='ocrx_word' id='word_1_450' title='bbox 953 3890 1063 3941; x_wconf 88' lang='lat' dir='ltr'><strong>aliunde</strong></span> <span class='ocrx_word' id='word_1_451' title='bbox 1080 3891 1188 3943; x_wconf 88' lang='lat' dir='ltr'><strong>eosdem</strong></span> <span class='ocrx_word' id='word_1_452' title='bbox 1207 3895 1346 3956; x_wconf 88' lang='lat' dir='ltr'><strong>repetere,</strong></span> <span class='ocrx_word' id='word_1_453' title='bbox 1366 3897 1397 3943; x_wconf 88' lang='lat' dir='ltr'><strong>ut</strong></span> 
     </span>
     <span class='ocr_line' id='line_1_82' title="bbox 258 3952 1396 4027; baseline 0.011 -26"><span class='ocrx_word' id='word_1_454' title='bbox 258 3955 299 4017; x_wconf 82' lang='lat' dir='ltr'><strong>git</strong></span> <span class='ocrx_word' id='word_1_455' title='bbox 310 3955 590 4020; x_wconf 86' lang='lat' dir='ltr'><strong>qnoqueHerodotea,</strong></span> <span class='ocrx_word' id='word_1_456' title='bbox 601 3953 698 4018; x_wconf 92' lang='lat' dir='ltr'><strong>quibus</strong></span> <span class='ocrx_word' id='word_1_457' title='bbox 707 3952 803 4004; x_wconf 85' lang='lat' dir='ltr'><strong>Cadmi</strong></span> <span class='ocrx_word' id='word_1_458' title='bbox 854 3958 920 4008; x_wconf 85' lang='lat' dir='ltr'><strong>icoit</strong></span> <span class='ocrx_word' id='word_1_459' title='bbox 936 3959 1059 4011; x_wconf 86' lang='lat' dir='ltr'><strong>Mueller.</strong></span> <span class='ocrx_word' id='word_1_460' title='bbox 1077 3959 1096 4011; x_wconf 89' lang='lat' dir='ltr'><strong>l.</strong></span> <span class='ocrx_word' id='word_1_461' title='bbox 1115 3960 1146 4024; x_wconf 90' lang='lat' dir='ltr'><strong>l.,</strong></span> <span class='ocrx_word' id='word_1_462' title='bbox 1166 3960 1202 4011; x_wconf 89' lang='lat' dir='ltr'><strong>ad</strong></span> <span class='ocrx_word' id='word_1_463' title='bbox 1223 3977 1302 4027; x_wconf 88' lang='lat' dir='ltr'><strong>quem</strong></span> <span class='ocrx_word' id='word_1_464' title='bbox 1319 3978 1396 4013; x_wconf 86' lang='lat' dir='ltr'><strong>aece-</strong></span> 
     </span>
     <span class='ocr_line' id='line_1_83' title="bbox 258 4023 1395 4095; baseline 0.008 -21"><span class='ocrx_word' id='word_1_465' title='bbox 258 4024 330 4076; x_wconf 86' lang='lat' dir='ltr'><strong>illius</strong></span> <span class='ocrx_word' id='word_1_466' title='bbox 346 4025 424 4087; x_wconf 82' lang='lat' dir='ltr'><strong>origo</strong></span> <span class='ocrx_word' id='word_1_467' title='bbox 436 4023 543 4075; x_wconf 86' lang='lat' dir='ltr'><strong>Punica</strong></span> <span class='ocrx_word' id='word_1_468' title='bbox 562 4024 701 4089; x_wconf 80' lang='lat' dir='ltr'><strong>arguitur,</strong></span> <span class='ocrx_word' id='word_1_469' title='bbox 724 4023 752 4073; x_wconf 84' lang='lat'><strong>0.</strong></span> <span class='ocrx_word' id='word_1_470' title='bbox 767 4024 800 4075; x_wconf 95' lang='grc' dir='ltr'><strong>Ο.</strong></span> <span class='ocrx_word' id='word_1_471' title='bbox 854 4026 923 4077; x_wconf 89' lang='lat' dir='ltr'><strong>dunt</strong></span> <span class='ocrx_word' id='word_1_472' title='bbox 939 4026 996 4079; x_wconf 86' lang='lat' dir='ltr'><strong>iere</strong></span> <span class='ocrx_word' id='word_1_473' title='bbox 1009 4030 1142 4081; x_wconf 84' lang='lat' dir='ltr'><strong>Geseniue</strong></span> <span class='ocrx_word' id='word_1_474' title='bbox 1154 4033 1235 4095; x_wconf 88' lang='lat' dir='ltr'><strong>Ling.</strong></span> <span class='ocrx_word' id='word_1_475' title='bbox 1248 4030 1395 4084; x_wconf 83' lang='lat' dir='ltr'><strong>Phoenice.</strong></span> 
     </span>
     <span class='ocr_line' id='line_1_84' title="bbox 258 4093 1395 4165; baseline 0.007 -21"><span class='ocrx_word' id='word_1_476' title='bbox 258 4095 381 4145; x_wconf 87' lang='lat' dir='ltr'><strong>Mueller.</strong></span> <span class='ocrx_word' id='word_1_477' title='bbox 396 4094 521 4145; x_wconf 84' lang='lat' dir='ltr'><strong>Orcbord.</strong></span> <span class='ocrx_word' id='word_1_478' title='bbox 533 4109 595 4160; x_wconf 88' lang='lat' dir='ltr'><strong>pag.</strong></span> <span class='ocrx_word' id='word_1_479' title='bbox 606 4095 655 4144; x_wconf 84' lang='lat'><strong>117</strong></span> <span class='ocrx_word' id='word_1_480' title='bbox 671 4109 738 4158; x_wconf 86' lang='lat' dir='ltr'><strong>seq,</strong></span> <span class='ocrx_word' id='word_1_481' title='bbox 753 4093 802 4143; x_wconf 91' lang='lat' dir='ltr'><strong>ubi</strong></span> <span class='ocrx_word' id='word_1_482' title='bbox 853 4098 973 4148; x_wconf 79' lang='lat' dir='ltr'><strong>Monuni.</strong></span> <span class='ocrx_word' id='word_1_483' title='bbox 993 4115 1057 4164; x_wconf 86' lang='lat' dir='ltr'><strong>pag.</strong></span> <span class='ocrx_word' id='word_1_484' title='bbox 1077 4101 1124 4151; x_wconf 89' lang='lat' dir='ltr'><strong>ill</strong></span> <span class='ocrx_word' id='word_1_485' title='bbox 1141 4117 1213 4165; x_wconf 85' lang='lat' dir='ltr'><strong>seq,</strong></span> <span class='ocrx_word' id='word_1_486' title='bbox 1235 4103 1334 4152; x_wconf 87' lang='lat' dir='ltr'><strong>Meier:</strong></span> <span class='ocrx_word' id='word_1_487' title='bbox 1354 4103 1395 4152; x_wconf 90' lang='lat' dir='ltr'><strong>De</strong></span> 
     </span>
     <span class='ocr_line' id='line_1_85' title="bbox 260 4163 1395 4236; baseline 0.009 -24"><span class='ocrx_word' id='word_1_488' title='bbox 260 4179 363 4215; x_wconf 89' lang='lat' dir='ltr'><strong>omnem</strong></span> <span class='ocrx_word' id='word_1_489' title='bbox 373 4167 558 4214; x_wconf 87' lang='lat' dir='ltr'><strong>narrationem</strong></span> <span class='ocrx_word' id='word_1_490' title='bbox 569 4163 801 4214; x_wconf 82' lang='lat' dir='ltr'><strong>deCodrnol&#39;oeno</strong></span> <span class='ocrx_word' id='word_1_491' title='bbox 852 4165 1007 4231; x_wconf 86' lang='lat' dir='ltr'><strong>gentilitate</strong></span> <span class='ocrx_word' id='word_1_492' title='bbox 1017 4185 1078 4234; x_wconf 84' lang='lat' dir='ltr'><strong>pag.</strong></span> <span class='ocrx_word' id='word_1_493' title='bbox 1087 4171 1130 4232; x_wconf 81' lang='lat'><strong>39,</strong></span> <span class='ocrx_word' id='word_1_494' title='bbox 1142 4170 1199 4221; x_wconf 82' lang='lat' dir='ltr'><strong>alii.</strong></span> <span class='ocrx_word' id='word_1_495' title='bbox 1224 4173 1320 4236; x_wconf 89' lang='lat' dir='ltr'><strong>Neque</strong></span> <span class='ocrx_word' id='word_1_496' title='bbox 1329 4187 1395 4222; x_wconf 90' lang='lat' dir='ltr'><strong>sane</strong></span> 
     </span>
     <span class='ocr_line' id='line_1_86' title="bbox 259 4232 1395 4304; baseline 0.01 -23"><span class='ocrx_word' id='word_1_497' title='bbox 259 4248 291 4282; x_wconf 84' lang='lat' dir='ltr'><strong>ac</strong></span> <span class='ocrx_word' id='word_1_498' title='bbox 301 4234 334 4283; x_wconf 88' lang='lat' dir='ltr'><strong>de</strong></span> <span class='ocrx_word' id='word_1_499' title='bbox 344 4234 507 4284; x_wconf 86' lang='lat' dir='ltr'><strong>Phoenicum</strong></span> <span class='ocrx_word' id='word_1_500' title='bbox 520 4233 628 4283; x_wconf 89' lang='lat' dir='ltr'><strong>colonia</strong></span> <span class='ocrx_word' id='word_1_501' title='bbox 638 4233 746 4283; x_wconf 83' lang='lat' dir='ltr'><strong>Thebas</strong></span> <span class='ocrx_word' id='word_1_502' title='bbox 756 4232 801 4282; x_wconf 90' lang='lat' dir='ltr'><strong>de·</strong></span> <span class='ocrx_word' id='word_1_503' title='bbox 852 4237 962 4287; x_wconf 89' lang='lat' dir='ltr'><strong>obstare</strong></span> <span class='ocrx_word' id='word_1_504' title='bbox 975 4244 1066 4303; x_wconf 86' lang='lat' dir='ltr'><strong>putem</strong></span> <span class='ocrx_word' id='word_1_505' title='bbox 1079 4241 1167 4304; x_wconf 87' lang='lat' dir='ltr'><strong>ipsum</strong></span> <span class='ocrx_word' id='word_1_506' title='bbox 1181 4242 1272 4304; x_wconf 82' lang='lat' dir='ltr'><strong>gentis</strong></span> <span class='ocrx_word' id='word_1_507' title='bbox 1286 4258 1395 4304; x_wconf 89' lang='lat' dir='ltr'><strong>nomen,</strong></span> 
     </span>
     <span class='ocr_line' id='line_1_87' title="bbox 259 4301 1395 4376; baseline 0.011 -26"><span class='ocrx_word' id='word_1_508' title='bbox 259 4301 342 4350; x_wconf 89' lang='lat' dir='ltr'><strong>ducta</strong></span> <span class='ocrx_word' id='word_1_509' title='bbox 358 4303 386 4350; x_wconf 91' lang='lat' dir='ltr'><strong>in</strong></span> <span class='ocrx_word' id='word_1_510' title='bbox 397 4303 539 4352; x_wconf 90' lang='lat' dir='ltr'><strong>Boeotiam</strong></span> <span class='ocrx_word' id='word_1_511' title='bbox 552 4303 660 4353; x_wconf 87' lang='lat' dir='ltr'><strong>dubiam</strong></span> <span class='ocrx_word' id='word_1_512' title='bbox 677 4302 801 4366; x_wconf 88' lang='lat' dir='ltr'><strong>adeoque</strong></span> <span class='ocrx_word' id='word_1_513' title='bbox 852 4307 925 4372; x_wconf 90' lang='lat' dir='ltr'><strong>quod</strong></span> <span class='ocrx_word' id='word_1_514' title='bbox 946 4311 1070 4371; x_wconf 79' lang='lat' dir='ltr'><strong>quamvis</strong></span> <span class='ocrx_word' id='word_1_515' title='bbox 1088 4311 1219 4361; x_wconf 88' lang='lat' dir='ltr'><strong>Semitiea</strong></span> <span class='ocrx_word' id='word_1_516' title='bbox 1240 4311 1325 4376; x_wconf 88' lang='lat' dir='ltr'><strong>stirpe</strong></span> <span class='ocrx_word' id='word_1_517' title='bbox 1348 4312 1395 4362; x_wconf 88' lang='lat' dir='ltr'><strong>du·</strong></span> 
     </span>
     <span class='ocr_line' id='line_1_88' title="bbox 259 4369 1395 4445; baseline 0.009 -26"><span class='ocrx_word' id='word_1_518' title='bbox 259 4369 350 4420; x_wconf 87' lang='lat' dir='ltr'><strong>fictam</strong></span> <span class='ocrx_word' id='word_1_519' title='bbox 362 4369 450 4421; x_wconf 89' lang='lat' dir='ltr'><strong>videri</strong></span> <span class='ocrx_word' id='word_1_520' title='bbox 465 4372 620 4435; x_wconf 89' lang='lat' dir='ltr'><strong>contendit,</strong></span> <span class='ocrx_word' id='word_1_521' title='bbox 641 4388 701 4421; x_wconf 90' lang='lat' dir='ltr'><strong>oum</strong></span> <span class='ocrx_word' id='word_1_522' title='bbox 713 4373 803 4422; x_wconf 81' lang='lat' dir='ltr'><strong>Cadmi</strong></span> <span class='ocrx_word' id='word_1_523' title='bbox 851 4381 924 4426; x_wconf 89' lang='lat' dir='ltr'><strong>otum</strong></span> <span class='ocrx_word' id='word_1_524' title='bbox 942 4378 1070 4429; x_wconf 84' lang='lat' dir='ltr'><strong>videatur</strong></span> <span class='ocrx_word' id='word_1_525' title='bbox 1081 4380 1205 4445; x_wconf 86' lang='lat' dir='ltr'><strong>Hitaigio</strong></span> <span class='ocrx_word' id='word_1_526' title='bbox 1225 4380 1395 4445; x_wconf 83' lang='lat' dir='ltr'><strong>(Zeitsobrift</strong></span> 
     </span>
     <span class='ocr_line' id='line_1_89' title="bbox 260 4440 1392 4515; baseline 0.007 -22"><span class='ocrx_word' id='word_1_527' title='bbox 260 4455 356 4493; x_wconf 86' lang='lat' dir='ltr'><strong>nomen</strong></span> <span class='ocrx_word' id='word_1_528' title='bbox 381 4440 489 4492; x_wconf 89' lang='lat' dir='ltr'><strong>minime</strong></span> <span class='ocrx_word' id='word_1_529' title='bbox 512 4440 622 4492; x_wconf 88' lang='lat' dir='ltr'><strong>aliunde</strong></span> <span class='ocrx_word' id='word_1_530' title='bbox 647 4441 799 4506; x_wconf 86' lang='lat' dir='ltr'><strong>advectum,</strong></span> <span class='ocrx_word' id='word_1_531' title='bbox 851 4446 881 4513; x_wconf 66' lang='lat' dir='ltr'><strong>d,</strong></span> <span class='ocrx_word' id='word_1_532' title='bbox 894 4446 1017 4500; x_wconf 89' lang='lat' dir='ltr'><strong>deutscb.</strong></span> <span class='ocrx_word' id='word_1_533' title='bbox 1029 4449 1162 4515; x_wconf 86' lang='lat' dir='ltr'><strong>Morgenl.</strong></span> <span class='ocrx_word' id='word_1_534' title='bbox 1175 4449 1325 4503; x_wconf 84' lang='lat' dir='ltr'><strong>Gesellsch.</strong></span> <span class='ocrx_word' id='word_1_535' title='bbox 1344 4451 1392 4502; x_wconf 86' lang='lat' dir='ltr'><strong>IX.</strong></span> 
     </span>
    </p>
   </div>
   <div class='ocr_carea' id='block_1_8' title="bbox 0 0 1557 5175">
    <p class='ocr_par' dir='ltr' id='par_1_8' title="bbox 0 0 1557 5175">
     <span class='ocr_line' id='line_1_90' title="bbox 0 0 1557 5175; baseline 0 0"><span class='ocrx_word' id='word_1_536' title='bbox 0 0 1557 5175; x_wconf 95' lang='lat' dir='ltr'><strong> </strong></span> 
     </span>
    </p>
   </div>
  </div>
 </body>
</html>
