3100 5175
270 394 332 460 σοι
516 355 518 360 ’
704 398 971 463 Ηοιιοοοοι

324 569 376 644 od
390 572 532 643 δύναται
546 572 684 656 Παλλάς
698 571 756 645 Δί’
775 572 959 665 Ὀλύμπιον
972 574 1205 663 ἐξιλάσασθαι,

321 681 499 767 λισσομένη
515 687 667 749 πολλοῖσι
681 678 792 766 λόγοις
806 682 862 749 καὶ
875 679 988 769 μήτιδι
1004 685 1127 771 πυκνῇ.
1231 697 1252 717 ··

321 786 372 852 σοὶ
388 784 425 852 δὲ
440 779 509 852 τόδ’
527 774 621 864 αὖτις
637 789 715 864 ἔπος
730 785 829 870 ἐρέω,
843 781 1009 873 ἀδάμαντι
1023 785 1205 862 πελάσσας·

319 891 388 955 τῶν
402 884 516 956 άλλων
530 885 593 975 γάρ
609 882 857 977 ἁλισκομένων,
871 885 932 958 ὅσα
946 891 1120 976 Κέκροπος
1133 877 1234 973 οὖρος

303 1044 346 1102 Ori
357 1048 488 1117 δύναται]
503 1054 637 1118 Exagitat
651 1053 703 1104 boc
715 1070 811 1104 oracu-

268 1121 323 1173 larn
343 1123 497 1175 Oenomaus
517 1124 591 1188 apud
608 1124 711 1174 Euseb.
727 1125 811 1174 Prae·
832 1170 838 1179 .

270 1208 327 1258 par.
340 1195 389 1243 lla.
405 1195 437 1257 V,
451 1196 495 1257 24,
509 1198 665 1258 tractatque
675 1194 810 1244 Aristides

269 1265 297 1313 in
314 1262 429 1328 Apolog,
443 1279 492 1328 pro
505 1262 637 1314 Themist.
655 1263 705 1314 lll.
722 1280 748 1328 p.
759 1263 810 1314 316

269 1348 382 1384 exorsus
399 1349 416 1382 a
434 1333 525 1383 verbis
539 1335 632 1396 τεῖχος
648 1331 815 1397 Τριτογενεῖ

268 1417 294 1452 ιι.
308 1417 331 1454 τ,
345 1401 368 1451 λ.
384 1401 444 1452 coll.
459 1402 550 1454 Schol.
564 1418 591 1468 p.
606 1404 653 1453 ‘251
671 1402 703 1454 ad
717 1405 811 1453 From·

269 1471 330 1523 mel.
355 1471 442 1522 Affsrt
461 1487 569 1538 quoque
585 1471 675 1524 Schol.
696 1474 732 1522 ad
748 1473 810 1523 Ari-

268 1541 356 1607 noph.
373 1543 440 1606 qu.
454 1542 530 1593 1637.
543 1569 574 1579 -
589 1544 703 1593 Versum
713 1558 810 1592 secun·

269 1611 332 1661 dum
347 1608 497 1675 λισσομένη
507 1611 637 1661 πολλοῖσι
652 1606 747 1676 λόγοις
761 1606 810 1659 καὶ

267 1675 365 1745 μήτιδι
384 1679 480 1747 πυκνῇ
494 1681 527 1731 sd
544 1682 689 1733 Homerica
702 1696 811 1746 expres·

268 1766 327 1802 sum
338 1765 413 1815 esse,
428 1751 473 1802 vel
482 1750 607 1816 singulae
617 1767 698 1802 voces
709 1752 810 1802 Home·

267 1822 341 1871 ricae
357 1821 425 1871 satis
437 1820 586 1873 declarant.
615 1822 656 1872 De
667 1836 810 1886 argumen-

185 1906 190 1917 ·
268 1892 373 1957 teipso
393 1892 416 1940 si
435 1883 566 1956 quaeras,
593 1883 706 1948 Παλλάς
724 1890 809 1940 Athe·

268 1976 364 2010 narum
374 1965 417 2010 est
430 1962 482 2011 dea
512 1961 636 2010 omnibus
651 1961 740 2011 modia
752 1959 808 2010 eni·

267 2036 328 2082 tens
345 2031 489 2097 lovemque
502 2046 629 2095 precans,
646 2035 677 2081 ut
691 2030 754 2080 urbs
768 2030 809 2093 ip·

266 2100 324 2151 sius
340 2101 443 2152 tutelae
459 2103 605 2150 commissa
623 2105 745 2151 servetur
767 2100 807 2148 in·

267 2174 345 2236 tegra
356 2170 528 2221 nceaPersis
537 2176 675 2230 vastatum
690 2170 738 2220 sed
753 2170 808 2219 fru-

267 2247 326 2290 stra
342 2241 414 2305 agit,
432 2240 580 2304 siquidem
599 2241 626 2289 in
644 2241 709 2291 latis
727 2240 808 2290 aliter

266 2309 307 2358 ita
315 2309 453 2360 decretum
467 2314 524 2359 est:
540 2311 634 2374 itaque
644 2312 733 2360 lovem
742 2309 807 2374 (quo

266 2379 327 2442 ipso
337 2379 423 2428 iatum
434 2378 614 2442 irreparabile
624 2385 707 2444 atque
721 2380 808 2429 inevi-

265 2448 349 2497 tabile
368 2447 516 2512 significari
535 2453 601 2511 puto
621 2464 734 2513 eamque
751 2449 807 2499 vim

265 2517 404 2577 divinam,
425 2532 494 2582 quae
508 2518 599 2566 omnia
617 2518 651 2568 ab
667 2518 746 2567 initio
767 2519 807 2567 ita

265 2589 425 2649 coustituit,
446 2593 475 2637 ut
493 2588 559 2637 fiant
574 2604 686 2640 neaerae
703 2590 741 2638 sit
761 2605 807 2638 ns·

265 2673 317 2723 que
342 2657 490 2708 ullomodo
513 2662 601 2709 averti
627 2663 675 2708 aut
699 2659 806 2708 deflecti

264 2727 383 2794 possint)
407 2728 533 2793 precibus
561 2744 670 2779 movere
694 2731 806 2793 eirrsque

264 2798 331 2847 iram
353 2799 479 2863 mitigare
501 2801 612 2862 nequit,
634 2799 713 2863 quia,
736 2813 807 2863 quae

264 2869 293 2917 in
312 2868 379 2918 fatis
397 2869 643 2932 constitutaesint,
658 2868 740 2918 firma·
752 2883 807 2917 ms-

264 2943 348 2988 neant
368 2944 396 2989 et
415 2938 542 2988 adfinem
559 2939 744 3003 perducantur
761 2953 808 2987 ne·

264 3024 342 3059 cesse
363 3012 421 3065 est,
440 3023 526 3073 neque
547 3009 581 3058 ab
600 3009 660 3072 ipso
678 3010 743 3058 Iove
759 3009 807 3057 irn-

264 3079 366 3128 mutari
389 3083 438 3128 aut
457 3077 512 3127 alio
529 3079 653 3128 converti
673 3082 806 3144 possunt:

263 3140 317 3211 τήν
342 3144 523 3210 πεπαυμένην
547 3149 651 3211 μοῖραν
675 3139 807 3196 άδάνατά

263 3208 321 3265 ἔστι
334 3211 496 3280 ἀποφυγεῖν
510 3213 571 3281 θεῷ
584 3216 654 3267 dixit
666 3220 766 3268 Noster
783 3217 805 3278 1,

263 3285 312 3347 91,
332 3286 381 3336 ubi
399 3287 454 3340 vid.
470 3290 539 3336 nott.
555 3290 582 3337 et
598 3287 659 3337 add.
673 3286 805 3351 Naegels-

263 3354 347 3405 bach:
357 3355 670 3421 Nachhomer.Theolog.
680 3372 742 3421 pag.
755 3357 801 3406 147

264 3423 324 3475 coll.
345 3424 441 3474 Grote:
460 3425 575 3490 History
589 3426 618 3475 oi
635 3427 737 3477 Graece
752 3426 801 3475 lv.

263 3509 327 3559 pag.
341 3494 393 3543 262
411 3511 468 3559 seq.
506 3495 551 3544 lta
567 3495 657 3544 malim
675 3496 741 3545 haec
759 3510 803 3544 ex·

262 3559 803 3629 plicui·c‚quarncumKlausenio(adAe-

263 3633 351 3699 schyti
359 3636 515 3697 Agumemn.
530 3634 587 3686 134.
598 3650 662 3699 pag.
671 3635 683 3685 1
693 3638 721 3685 lb
732 3632 802 3698 seq.)

261 3703 331 3753 haec
353 3705 391 3752 ita
408 3704 546 3768 accipere,
568 3710 598 3753 ut
619 3706 743 3755 Minerva
760 3704 804 3754 10-

262 3789 322 3824 vem
333 3772 394 3823 ideo
406 3774 512 3838 precari
522 3778 648 3838 putetur,
663 3775 734 3838 quod
744 3790 806 3838 pro·

262 3844 338 3908 digia
352 3858 369 3892 a
382 3843 448 3894 love
464 3844 623 3905 mittantur,
642 3844 675 3893 sb
688 3844 739 3894 hoc
755 3845 805 3906 igi-

261 3917 307 3963 tur
323 3913 488 3977 poscendum
511 3913 562 3972 sit,
579 3915 603 3963 si
621 3914 686 3979 qaid
703 3915 729 3963 in
749 3913 804 3965 illis

261 3982 432 4049 perficiendis
456 3981 500 4032 vel
520 3983 686 4033 adornandis
706 3984 804 4033 mutari

261 4052 386 4104 velimus.
422 4052 512 4118 Atque
529 4052 684 4104 huiusmodi
704 4053 805 4103 Miner·

261 4139 337 4183 vam,
356 4122 449 4173 Iovem
464 4138 512 4187 pro
526 4122 601 4172 urbis
616 4122 805 4173 incolumitate

261 4196 433 4257 precantem,
458 4193 577 4257 imagine
592 4194 804 4257 repraesentari,

263 4276 335 4325 quae
360 4261 387 4310 in
408 4261 508 4325 palatio
533 4262 668 4314 Caesareo
690 4264 804 4312 Parisiis

263 4329 377 4395 (vocant
391 4329 509 4393 Louvre)
524 4338 696 4393 asservatur,
708 4332 804 4382 existi-

263 4405 385 4449 maverat
406 4399 436 4448 G.
462 4401 493 4453 Ο.
516 4399 625 4451 Miiller:
641 4401 803 4452 Denlrmael.

263 4467 313 4518 alt.
332 4468 366 4520 K.
380 4469 423 4535 11,
439 4468 572 4529 19-2rr;
585 4470 633 4522 sed
648 4471 805 4536 obloquitur

861 1055 1046 1108 I.Overbeclr.
1063 1054 1104 1104 in:
1121 1046 1406 1111 Kunstarchaeologg.

861 1127 981 1178 Vorless.
995 1119 1272 1189 (Braunschmlssbd)
1286 1133 1352 1183 pag.
1363 1120 1405 1166 48.

928 1188 1071 1258 άδάμαντι
1108 1184 1265 1253 πελάσσας]
1317 1189 1404 1239 Recte

860 1265 1148 1331 Schweighaeuserus:
1182 1261 1341 1333 „adamanti
1360 1258 1406 1305 ad-

858 1339 1032 1400 propinquare
1042 1335 1144 1397 [aciens
1163 1330 1338 1396 [admovens]
1360 1327 1406 1375 hoc

859 1406 973 1466 uerbum,
985 1406 1004 1455 i.
1019 1420 1041 1453 e.
1052 1402 1184 1454 adamanti
1194 1402 1273 1449 simile
1282 1398 1405 1457 reddens,

859 1477 1003 1526 adamantis
1013 1478 1038 1524 ia
1054 1473 1148 1521 marham
1160 1469 1223 1519 illud
1230 1471 1368 1530 firmans,“
1381 1468 1404 1515 si

860 1545 970 1610 quidem
986 1539 1125 1598 πελάσσας
1144 1539 1179 1590 ad
1191 1538 1347 1603 Apollinem
1363 1551 1403 1585 re-

859 1615 947 1665 fertur
957 1614 1156 1664 vaticinantem
1170 1615 1199 1660 et
1210 1609 1262 1658 boc
1277 1609 1404 1658 edentem

859 1685 1014 1745 oraculum,
1042 1681 1113 1747 quod
1138 1679 1243 1729 firmum
1262 1693 1325 1728 esse
1345 1675 1403 1726 vult

859 1754 1014 1805 adamantis
1034 1752 1069 1801 ad
1090 1752 1185 1810 instar.
1226 1747 1308 1798 vnde
1335 1748 1404 1794 bene

858 1824 979 1874 reddidit
985 1822 1121 1886 lanugine:
1138 1817 1228 1881 „doch
1238 1818 1281 1867 dir
1292 1817 1352 1881 ssg‘
1360 1814 1402 1864 ich

859 1894 903 1944 ein
911 1894 1026 1943 anderes
1033 1893 1122 1950 Wort,
1131 1893 1178 1939 soie
1185 1887 1262 1938 Eisen
1273 1885 1405 1935 uadSraht

856 1965 941 2026 fecef‘
976 1964 1072 2026 ltaque
1090 1960 1197 2024 egregie
1211 1956 1318 2007 fallitur
1334 1957 1403 2004 Lar·

857 2033 954 2083 cherns
963 2031 1046 2082 scribi
1056 2029 1152 2079 iubens
1165 2024 1320 2089 πελάσσαν,
1330 2024 1402 2090 quod

860 2103 896 2153 ad
908 2097 976 2159 ἔπος
994 2101 1146 2166 pertineat,
1162 2098 1229 2147 bene
1243 2095 1402 2159 caeteroqui

858 2188 959 2223 memor
972 2169 1108 2222 Homerici
1126 2167 1208 2218 dicti:
1230 2158 1293 2214 ἀλλ’
1312 2159 1343 2214 ἔτι
1359 2179 1400 2212 τοι

857 2236 940 2306 ἐρέω,
955 2233 1021 2289 τάδε
1034 2233 1083 2286 uel
1100 2234 1261 2286 τετελέσθαι
1276 2227 1331 2285 ὀΐω
1346 2235 1401 2292 tlli.

858 2315 887 2376 Ι,
907 2312 980 2375 rot).
1018 2311 1057 2360 Ac
1083 2307 1127 2359 vel
1150 2307 1238 2372 magis
1258 2307 1402 2356 aberrasse

858 2380 1010 2432 carendus
1029 2384 1087 2440 est,
1114 2378 1159 2442 qui
1185 2372 1330 2440 ἀδάμαντι
1353 2387 1402 2422 πε·

857 2448 948 2516 δήσας
969 2449 999 2512 (1.
1021 2466 1045 2500 e.
1069 2449 1238 2499 adamantis.
1258 2448 1334 2508 ferm
1352 2446 1402 2494 vin-

857 2525 940 2582 ciens,
967 2522 985 2569 i.
1004 2535 1026 2568 e.
1046 2516 1163 2583 firmans)
1189 2517 1275 2567 scribi
1302 2514 1400 2565 voluit.

857 2593 972 2657 Propius
993 2589 1044 2639 huc
1064 2592 1172 2654 spectat
1193 2585 1321 2661 heschyl.
1336 2586 1401 2635 Pro·

857 2662 940 2714 meth.
956 2660 1005 2711 160
1027 2656 1141 2721 δεσμοῖς
1157 2649 1272 2714 άλντοις
1287 2651 1402 2719 άγριόις

858 2723 1018 2786 πελάσας.
1046 2730 1137 2793 Atque
1147 2721 1259 2789 ἀδάμας
1277 2726 1400 2789 antiquis

858 2801 947 2866 potitis
970 2805 1026 2848 tum
1046 2798 1145 2859 ferream
1165 2796 1320 2862 significat,
1343 2798 1400 2843 tum

857 2869 989 2936 quidquid
999 2869 1099 2917 natura
1108 2869 1159 2917 sud
1168 2867 1344 2918 durissimum
1354 2865 1401 2913 hs·

856 2940 936 2990 betur
948 2946 1032 3004 atque
1044 2936 1226 2987 firmissimum
1239 2952 1290 2986 nec
1303 2935 1360 2985 ulla
1373 2935 1401 2982 vi

856 3011 974 3059 humana
992 3008 1117 3072 adeoque
1135 3006 1228 3055 divina
1243 3006 1336 3069 frangi
1351 3011 1400 3055 aut

856 3079 971 3129 dissolvi
984 3077 1166 3127 retractarive
1176 3078 1273 3139 possit.
1290 3074 1399 3125 Turid.

856 3143 1400 3211 Taiel.adPindar.Pyth.lV.Dilucidd.

856 3235 920 3284 pag.
945 3219 1006 3269 661.
1032 3218 1099 3277 652,
1123 3214 1196 3265 Saul.
1231 3216 1264 3265 ad
1298 3214 1402 3265 Rhiani

853 3289 979 3351 lragmm.
993 3302 1055 3352 pag.
1069 3286 1112 3336 75.

886 3351 940 3407 ὅσα
954 3350 1103 3418 Κέκροπος
1125 3343 1212 3415 οὖρος
1237 3343 1319 3408 ἐντὸς
1343 3346 1401 3415 ἔχει

852 3420 987 3490 κευθμών
1009 3440 1038 3475 τε
1060 3421 1244 3486 Κιθαιρῶνος
1267 3417 1399 3487 ζαθέοιο]

851 3499 870 3548 i.
885 3515 909 3550 c.
930 3511 994 3562 quae
1008 3498 1128 3557 Cecropis
1140 3498 1206 3558 fines
1222 3494 1292 3543 intras
1315 3500 1402 3542 teneat

853 3577 877 3618 ct
891 3568 1006 3616 latebrae
1019 3565 1174 3617 Cithaeronis
1187 3566 1266 3613 sarri.
1292 3556 1401 3623 Κέκρο-

853 3652 908 3694 πος
928 3621 1015 3696 οὖρος
1035 3651 1089 3684 non
1110 3634 1143 3684 de
1159 3639 1241 3682 mente
1257 3631 1401 3697 Cecropis,

854 3708 897 3771 (ut
910 3707 993 3756 vertit
1004 3704 1150 3768 Longius),
1163 3704 1182 3752 i.
1192 3718 1215 3752 e.
1227 3701 1400 3766 deAcrepoli

855 3776 1023 3826 Athenarum
1036 3773 1244 3837 intelligendus,
1260 3771 1309 3821 sed
1328 3772 1361 3821 de
1370 3775 1400 3831 fi-

855 3847 927 3896 nibus
939 3844 989 3903 (ci.
1004 3846 1026 3906 1,
1045 3844 1105 3905 172)
1122 3843 1269 3906 Cecropis,
1288 3842 1307 3893 i.
1323 3859 1348 3891 e.
1365 3841 1399 3892 de

855 3916 891 3965 iis
913 3915 1025 3975 linibus,
1047 3914 1145 3977 quibus
1165 3912 1289 3973 Cecropia
1309 3917 1399 3970 terra,

855 4001 925 4050 quae
938 3984 1071 4034 estAttiaa
1085 3981 1400 4045 (coni.Herodot.l'Ill,

855 4054 999 4118 alibique
1021 4052 1104 4116 nott.)
1129 4052 1296 4102 continetur.
1335 4064 1398 4098 aeu-

855 4116 940 4187 θμάν
960 4139 1008 4173 cur
1025 4121 1141 4175 Schoell.
1163 4119 1328 4170 reddiderit:
1357 4121 1399 4171 die
1497 4160 1499 4162 -

855 4194 951 4250 Buclet,
964 4194 982 4244 i.
995 4209 1018 4243 e.
1032 4195 1110 4243 sinum
1123 4189 1308 4248 Cithaeronis,
1322 4189 1399 4240 baud

855 4263 1004 4327 perspici03
1035 4263 1137 4312 rectius
1159 4260 1298 4324 Langlas:
1332 4260 1399 4322 „die

854 4333 970 4383 Schlucltt
981 4334 1028 4383 des
1041 4330 1160 4395 heiligen
1170 4331 1273 4394 Bergae
1283 4330 1398 4379 Kithae·

855 4404 936 4453 ron.“
976 4404 1100 4465 Namque
1117 4401 1168 4449 hac
1189 4414 1259 4449 voce
1281 4400 1400 4450 latebrae

856 4490 878 4525 s.
896 4471 1001 4523 latibula
1017 4471 1187 4530 iudicantur,
1208 4468 1302 4534 qualia
1318 4484 1399 4535 prse-

1523 663 1534 942 t
