3100 5175
252 413 292 475 30
687 412 958 475 HERODOTI

251 586 334 678 παρ’
356 585 536 676 Ἀμύντην,
559 586 749 675 αἰτήσοντες
769 592 835 676 γῆν
854 615 890 656 τε
911 589 966 655 καὶ
987 584 1081 676 ὕδωρ
1096 594 1232 679 Δαρείῳ
1254 586 1393 674 βασιλέϊ.

241 690 335 761 ’Ἐστι
350 693 387 761 di
407 694 443 761 ἐκ
457 696 514 778 τῆς
528 690 721 779 Πρασιάδος
742 699 860 779 λίμνης
880 690 1043 779 σύντομος
1064 689 1169 778 κάρτα
1188 693 1220 769 ἐς
1239 688 1300 777 τὴν
1313 696 1391 755 Μα-

251 801 417 883 κεδονίην.
444 799 558 882 πρῶτα
573 795 634 882 μὲν
647 793 711 882 γὰρ
727 801 834 882 ἔχεται
849 799 905 882 τῆς
919 802 1037 882 λίμνης
1050 792 1086 862 τὸ
1101 796 1280 882 μέταλλον,
1295 794 1329 875 ἐξ
1343 780 1446 858 mittit

251 995 335 1049 verba
354 986 519 1058 αἰτήσοντες
534 991 589 1059 γῆν
606 1008 634 1043 τε
651 989 699 1043 καὶ
717 983 796 1057 ὕδωρ
847 984 989 1056 ἀροῦντας
999 984 1141 1057 εὑρίσκειν
1153 987 1260 1058 χρυσοῦ
1273 1005 1336 1039 τινα
1345 980 1395 1053 μό·

252 1066 307 1118 vid.
325 1069 394 1118 nott.
410 1064 446 1114 ad
460 1064 507 1127 IV,
529 1067 576 1114 tut
590 1070 617 1113 et
634 1065 696 1115 add.
712 1065 798 1113 Hero-

251 1136 310 1185 doti
325 1134 399 1184 locos
415 1134 448 1191 V,
462 1134 504 1184 48.
522 1135 564 1186 73.
581 1134 644 1194 VII,
662 1133 718 1184 131.
738 1133 796 1184 133.

255 1205 313 1255 138.
329 1204 384 1254 163.
398 1203 449 1253 233
462 1220 494 1253 cx
507 1209 586 1268 parte
599 1204 698 1253 allatos
710 1218 727 1252 a
738 1203 798 1252 Sin-

252 1276 333 1323 tenis.
348 1274 382 1322 ad
394 1272 531 1323 Plutarch.
546 1273 721 1322 'Plrernistoel
733 1287 796 1336 pag.

252 1345 302 1405 42,
323 1344 371 1392 nbi
386 1343 542 1392 sollemnem
555 1342 611 1391 lere
631 1344 659 1390 in
678 1342 730 1392 hac
744 1341 798 1390 lor-

252 1413 327 1462 mnla
339 1411 412 1476 apud
428 1414 511 1463 bonos
526 1414 674 1475 scriptores
690 1410 799 1460 articuli

184 1542 191 1550 ,
253 1484 426 1531 omissionem
442 1498 502 1532 esse
522 1487 613 1530 mouet
634 1482 675 1529 vir
690 1480 796 1531 dectus.

293 1545 434 1614 σύντομος
454 1545 554 1613 adpro]
580 1550 711 1612 „Malunt
732 1545 799 1598 ον’ν-

252 1635 354 1686 τομον,
377 1621 411 1670 ob
427 1611 643 1682 συντομώτατον
656 1620 724 1680 Vll,
749 1619 796 1670 121

253 1695 281 1742 et
298 1685 424 1753 σύντομα
444 1688 494 1754 τῆς
510 1683 581 1738 ὀδοῦ
596 1690 622 1750 l,
647 1688 695 1738 185)
714 1687 797 1753 [add.

253 1761 305 1824 IV,
322 1757 393 1824 1:361.
428 1760 481 1810 Sed
503 1758 682 1810 consimiliter
694 1758 799 1808 Aristo-

253 1830 321 1881 teles
335 1831 434 1880 Gener.¹
448 1830 500 1890 IV,
520 1832 537 1879 4
552 1823 606 1891 τὴν
624 1820 798 1890 σύντομον.“

258 1901 451 1962 Wesseliap.
470 1898 517 1948 Nil
525 1897 694 1960 mutandum,
705 1898 730 1946 si
740 1898 801 1962 qui·

253 1969 314 2019 dem
329 1984 390 2018 cnm
401 1969 532 2019 ir'ischero
542 1967 577 2017 ad
588 1966 696 2018 Weller.
710 1966 763 2028 Ill,
772 1982 797 2015 a.

253 2054 314 2103 pag.
332 2037 384 2088 256
398 2038 524 2102 supplere
541 2037 606 2087 licet
621 2027 703 2097 ὁδὸς,
726 2035 798 2100 quod
816 2027 824 2042 '

253 2110 340 2172 ipsum
360 2107 484 2156 additum
509 2109 620 2171 saepius
646 2107 799 2156 invenitur:

253 2176 375 2241 Xenoph.
392 2177 480 2226 anab.
494 2177 531 2236 II,
545 2177 569 2230 6,
585 2178 628 2224 22.
644 2176 798 2239 Cyropaed.

255 2247 280 2304 l,
294 2247 326 2306 6,
338 2247 382 2294 21.
399 2247 442 2295 22.
456 2246 539 2301 VIII,
555 2245 585 2307 5,
602 2243 641 2295 13.
658 2243 796 2308 Aristoph.

254 2317 321 2366 ltun.
335 2315 391 2365 123.
403 2342 436 2351 -
452 2314 494 2364 Ad
506 2329 548 2374 ea,
565 2328 636 2378 qirac
649 2321 799 2377 sequnntur

253 2386 287 2436 de
305 2384 367 2434 laen
380 2383 508 2434 Prusiade
519 2384 630 2448 eiusque
646 2383 717 2443 situ,
740 2383 797 2432 rid.

253 2457 323 2506 nott.
340 2453 375 2502 ad
390 2456 422 2508 V.
440 2455 478 2503 16.

287 2524 386 2586 πρῶτα
397 2515 448 2586 μὲν
462 2512 515 2586 γὰρ
528 2514 618 2586 ἔχεται
633 2517 683 2585 τῆς
695 2516 797 2583 λίμνης

253 2583 284 2641 τὸ
301 2590 448 2658 μέταλλον]
475 2591 623 2656 „Metalla,
649 2590 720 2639 nude
737 2592 799 2640 Alc·

252 2663 357 2712 xandro
368 2663 503 2728 Amyntae
518 2663 538 2713 s.
554 2667 610 2711 tam
625 2662 738 2724 copiosa
756 2676 799 2709 ar-

253 2733 404 2796 gentinis,
429 2732 499 2782 forte
516 2733 625 2793 eadem,
647 2745 718 2795 qnae
736 2730 800 2779 Plri-

253 2802 356 2865 lippus,
377 2800 524 2851 Alexandri
535 2804 571 2852 M.
586 2808 676 2864 puter,
694 2800 800 2863 ingenti

252 2872 382 2934 deinceps
407 2872 482 2921 lucro
505 2871 627 2922 exercuit
651 2870 724 2932 apud
745 2872 800 2933 Ap-

253 2943 326 3006 pIan.
339 2940 419 2994 civit.
433 2942 478 2991 [v.
490 2956 549 3005 cap.
562 2943 619 3001 166,
634 2953 798 3004 quamquam

253 3017 281 3062 et
295 3010 367 3060 aliae
385 3011 447 3061 istic
459 3014 520 3060 auri
539 3018 621 3074 atqne
636 3010 744 3073 argenti
758 3008 799 3057 lo·

254 3081 335 3130 dinae
349 3082 376 3128 in
392 3081 485 3130 Nostri
500 3080 552 3142 VI,
567 3079 601 3130 46
615 3085 643 3130 et
655 3079 722 3138 Vll,
740 3079 797 3127 112.

256 3148 311 3214 [De'
330 3149 371 3197 his
391 3149 556 3199 aurifodinis
573 3150 695 3214 loquitur
713 3149 798 3197 etiam

253 3218 365 3268 Diodor.
380 3218 453 3279 xv1‚
470 3216 517 3282 8.].
549 3219 614 3267 Fuit
627 3233 693 3268 sano
705 3220 797 3281 prisco

254 3294 390 3352 tempore,
412 3287 528 3337 sortasse
554 3292 582 3337 ot
602 3303 690 3345 nnnc,
717 3287 797 3337 modo

253 3357 347 3407 sollcrs
357 3371 424 3406 cura
435 3356 592 3417 accederet,
604 3357 651 3405 illa
660 3356 797 3406 Thracum

252 3428 328 3489 regio
342 3428 482 3490 utrIuaque
497 3425 600 3474 metalli
614 3426 748 3475 uberrime
761 3426 798 3475 le·

252 3494 797 3559 ras.Multalllas.Caryopliilns:Opusc.

252 3566 285 3616 de
303 3566 377 3623 anri,
405 3565 515 3628 argenti
537 3569 588 3616 ete.
609 3563 710 3614 metali.
733 3580 797 3629 pag.

253 3635 320 3687 76.“
363 3635 561 3698 Wcsselinp.
609 3634 687 3684 Conl.
713 3636 798 3683 etiam

849 1080 911 1127 ριαι
931 1064 967 1114 ad
977 1078 1055 1128 quem
1067 1055 1157 1113 loc'nm
1170 1063 1237 1112 liaeo
1245 1061 1396 1125 adscripsit

849 1131 1395 1198 Talei.l.l.p.2dtiadnoetriqnoqueloci

847 1204 1057 1269 intelligentiam
1073 1203 1254 1266 pertinentia:
1275 1201 1394 1262 ‚,n'trabo

849 1275 932 1337 igitur
944 1276 1050 1322 locutus
1067 1273 1176 1321 videtur
1196 1271 1229 1319 de
1243 1272 1313 1319 serie
1327 1284 1394 1333 qna·

849 1344 910 1393 darn
923 1343 980 1393 iere
993 1341 1123 1391 continua
1135 1340 1305 1390 metallorum
1316 1339 1395 1388 nobi-

850 1413 945 1462 liorum
957 1412 1027 1461 Inter
1037 1409 1178 1475 Philippos
1189 1411 1340 1474 Aulumque
1354 1411 1395 1456 in·

851 1483 983 1533 seriorem,
1003 1478 1394 1543 CrenidarnmlPlrilipporurn,

848 1557 879 1600 nt
892 1549 997 1614 volunt)
1009 1551 1119 1599 metalla
1130 1567 1144 1598 e
1154 1551 1341 1612 septentrione
1356 1558 1396 1596 at-

849 1638 899 1686 que
920 1622 1026 1670 oriente
1046 1619 1126 1669 huius
1146 1619 1221 1669 urbis
1239 1619 1396 1682 quaerenda

850 1707 909 1740 csse
923 1695 1005 1754 pnto,
1024 1690 1179 1753 Pangaeum
1197 1704 1261 1737 vero
1277 1693 1396 1736 montem

849 1762 961 1825 eiusque
973 1759 1098 1820 metalla,
1121 1759 1155 1808 ab
1170 1758 1396 1807 antecedentibus

850 1830 976 1892 diversa,
1004 1831 1075 1878 inter
1096 1827 1236 1891 Philippos
1257 1835 1284 1876 et
1307 1827 1396 1876 laeum

850 1900 989 1948 Cercinern
1005 1898 1095 1965 [quem
1109 1901 1222 1947 curulem
1236 1902 1318 1961 atque
1333 1898 1396 1945 Pra-

849 1969 953 2018 siadem
972 1983 1031 2018 esse
1054 1982 1137 2031 supra
1155 1963 1313 2029 statuimus]
1334 1981 1396 2014 cnm

849 2039 993 2101 Strymone
1020 2037 1157 2087 interiore.
1198 2035 1260 2086 Alia
1285 2035 1396 2085 metalla

850 2109 986 2171 Strymoni
1002 2107 1126 2156 inferiori
1140 2105 1210 2155 idem
1220 2105 1296 2155 locus
1307 2105 1395 2168 appli-

849 2185 904 2240 eut,
916 2185 971 2226 tam
980 2182 1084 2240 aparte
1096 2178 1155 2225 eius
1166 2175 1302 2236 orientali,
1314 2190 1395 2239 quam

850 2262 867 2295 a
890 2253 968 2310 parte
989 2245 1190 2296 occidentali.“
1233 2243 1311 2307 Quod
1330 2260 1395 2293 vero

849 2315 929 2365 addit
946 2317 1076 2365 continuo
1096 2315 1138 2364 vir
1151 2315 1262 2364 doctus:
1287 2322 1395 2377 „postc-

849 2386 905 2434 rinr
923 2401 987 2449 pars
1007 2400 1039 2433 ea
1062 2390 1118 2446 est,
1143 2385 1190 2434 ubi
1214 2400 1264 2448 ego
1286 2383 1395 2432 metalla

849 2456 1012 2519 Mygdoniae
1023 2455 1201 2504 oeci-tentalis
1213 2468 1295 2518 prope
1307 2454 1395 2502 lacum

849 2525 994 2589 Langazse
1018 2524 1155 2572 invenisse
1179 2525 1245 2572 milri
1268 2523 1395 2580 videor“‚

850 2595 877 2643 id
890 2595 997 2658 quidem
1018 2609 1182 2659 quamquam
1201 2594 1235 2642 ad
1256 2594 1327 2643 imno
1340 2594 1403 2645 He.

849 2664 938 2715 rodoti
952 2664 1040 2714 locum
1053 2674 1081 2714 et
1094 2667 1127 2712 ad
1139 2663 1250 2712 metalla
1259 2663 1285 2714 h.
1298 2663 1315 2713 1.
1325 2679 1396 2713 οοιιι-

849 2740 998 2784 memorata
1009 2740 1131 2800 spectat,
1143 2734 1188 2782 vix
1201 2740 1290 2782 tamen
1304 2739 1396 2781 vmuu

851 2819 911 2854 esee
930 2805 1031 2869 poterit
1050 2805 1276 2867 coniunctumque
1290 2803 1397 2852 ridetur

850 2890 909 2923 cum
919 2890 952 2924 ea
962 2874 1114 2934 sententia,
1128 2888 1209 2937 qnam
1221 2873 1254 2922 de
1264 2872 1397 2922 Prasiade

849 2943 912 2993 lacu
930 2944 1071 3008 proposuit
1086 2943 1155 2992 idem
1177 2944 1219 2992 vir
1233 2942 1330 2992 doetus
1351 2957 1395 2991 su·

850 3028 899 3077 pra
918 3014 1068 3063 iudicatam
1088 3019 1116 3061 ct
1135 3028 1152 3061 a
1168 3012 1247 3061 nobis
1268 3012 1395 3076 reproba·

848 3089 915 3131 tam.
942 3083 1065 3147 Namque
1075 3081 1175 3131 haecce
1187 3080 1310 3143 metalla,
1325 3082 1350 3129 si
1359 3081 1395 3130 ab

850 3154 916 3217 ipsis
932 3154 1074 3216 scriptoris
1092 3152 1181 3201 nostri
1201 3151 1292 3202 verbIs
1307 3151 1397 3200 disce·

849 3223 912 3273 ders
924 3221 1050 3281 nolimus,
1061 3237 1078 3270 a
1087 3221 1217 3270 Prasiade
1228 3220 1289 3270 laen
1300 3236 1323 3272 s.
1332 3220 1396 3269 Cer-

848 3294 909 3341 cine
921 3307 975 3341 non
992 3291 1073 3355 longe
1085 3292 1183 3341 abesse
1197 3294 1325 3354 possunt,
1342 3305 1396 3339 mc·

847 3361 944 3411 ridiem
957 3362 1016 3410 sive
1032 3359 1200 3410 occidentem
1215 3375 1321 3410 versus:
1343 3375 1397 3423 qua

849 3429 945 3480 cadero
977 3429 1128 3481 directione
1152 3430 1266 3480 ulterius
1292 3429 1397 3493 prolici-

849 3504 957 3549 scentes
969 3499 1071 3563 excipit
1080 3500 1214 3563 Dysornm
1228 3514 1313 3559 mons,
1323 3500 1396 3548 unde
1491 3534 1495 3539 -

849 3569 956 3618 demum
974 3568 1025 3618 iter
1037 3569 1066 3617 lit
1085 3569 1119 3617 ad
1132 3569 1229 3619 Bolbes
1249 3575 1277 3618 et
1289 3569 1398 3632 Lauga-

850 3654 899 3688 aae
916 3638 1019 3696 laeum,
1041 3653 1120 3702 quem
1139 3654 1185 3702 pro
1200 3638 1328 3688 Prusiade
1348 3639 1396 3688 lra-

252 3707 389 3757 Manncrt.
401 3703 417 3755 l.
429 3704 445 3750 l.
456 3703 519 3753 VII.
530 3719 556 3767 p.
567 3702 625 3752 232.
636 3704 697 3753 tm.
717 3704 799 3767 idqui—
849 3708 908 3757 beri
925 3707 984 3756 vult
997 3708 1091 3768 Talei,
1113 3708 1140 3757 id
1158 3708 1231 3773 qnod
1251 3723 1312 3757 eum
1327 3709 1397 3772 ipsis

252 3775 312 3824 dem
330 3772 382 3823 huo
399 3773 537 3822 retulerim
550 3773 693 3821 Strabonis
711 3772 799 3821 locum
849 3777 985 3825 Herodoti
1019 3779 1110 3828 verbis
1146 3778 1287 3827 conciliari
1321 3777 1395 3827 lraud

253 3842 691 3918 inExcerptt4libriVII.§.li.
713 3841 796 3905 (wi
849 3862 929 3909 posse
961 3853 1059 3911 sponte
1091 3848 1267 3913 intelligitur:
1306 3862 1396 3911 neque

252 3910 403 4030 Μεὶιιεῑιοέι
422 3927 466 3996 οτι
479 3911 593 3993 πλείστα
607 3909 727 3988 μὲτμλλα
742 3904 798 3991 ἐστι
849 3917 919 3965 euim
936 3930 968 3966 ea
982 3917 1108 3978 metalla,
1128 3932 1198 3983 qnae
1213 3932 1266 3966 non
1284 3916 1365 3980 longe
1379 3932 1396 3966 a

252 3979 797 4115 ίίὶὶῗῖῗιζίλῗιίῖἕλὲξῗῖἴο,0Ζῖ333
846 3986 1397 4106 lttttttltttt⁰tti³⁶ttt⁵tl5t

1190 4094 1197 4117 l

143 4148 149 4161 ·
251 4120 303 4171 τοῦ
321 4119 469 4186 Παγγαίου
486 4111 589 4184 ὅρους·
614 4117 662 4170 aul
681 4113 795 4170 αὑτὸδὲ
846 4126 1397 4191 possunt,nequeetiumea,quaeLealre

251 4184 289 4240 rt
317 4189 501 4271 Πμνναῑον
533 4183 622 4250 ὄιος
649 4191 796 4255 χρυσεῖα
847 4196 874 4255 (1.
893 4195 1019 4260 t.111.p.
1036 4195 1394 4260 insseqtinvsniamerr-

253 4256 511 4337 aal‘cppvpet'a
544 4253 614 4325 ἔχει
642 4256 796 4323 μέταλλα
847 4266 917 4314 diem
936 4282 1031 4315 versus
1052 4266 1136 4328 magis
1159 4266 1213 4314 sita
1231 4281 1315 4330 prope
1330 4267 1395 4316 Niz-

251 4325 300 4378 aul
309 4345 326 4393 η
336 4325 425 4390 πέραν
435 4325 512 4409 {tuln
523 4319 601 4384 ἐντὸς
610 4327 661 4377 τοῦ
671 4324 797 4394 Στρνμὸ·
846 4350 917 4385 voro
932 4337 959 4385 in
972 4334 1146 4396 Chalcidica,
1168 4336 1214 4384 sed
1230 4351 1277 4396 ea,
1292 4350 1363 4400 quae
1376 4351 1393 4386 a

252 4413 302 4455 νος
316 4412 445 4477 ποταμομ
460 4413 540 4477 μεχρι
554 4396 708 4455 Παιονίας·
727 4394 796 4463 φασὶ
847 4410 938 4453 monte
951 4405 1058 4467 Dysoro
1074 4409 1102 4453 et
1115 4404 1177 4454 lacu
1191 4404 1324 4455 Prasiade
1337 4421 1394 4456 non

251 4462 283 4519 di
316 4464 363 4518 nat
392 4481 460 4525 τους
487 4482 540 4533 την
567 4466 708 4518 Παιονίαν
741 4471 797 4533 γῆν
846 4473 1393 4542 longeablneruntinterutrumqnesita,
