3100 5175
484 374 854 441 TERPSICHORE.
878 379 917 444 V.
939 386 982 445 69.

1240 378 1300 443 129

154 553 307 629 πλεῦνας
326 552 360 633 ἐξ
376 548 583 620 ἐλασσόνων·
614 551 694 620 δέκα
715 578 750 620 τε
771 547 813 640 δή
833 548 1024 640 φυλάρχους
1043 549 1118 623 ἀντὶ
1135 556 1301 645 τεσσέρων

189 741 241 806 τὰς
253 741 349 812 φυλὰς
384 745 555 814 ετουνόμασε
573 744 621 799 καὶ
632 741 708 799 tuol-

155 832 205 883 ησε
218 764 386 880 eastengle
397 811 568 886 ἐλασσόνων]
583 822 635 870 Pro
645 833 708 884 μετ-

155 881 294 951 ωνόμασε
305 889 369 939 dedi
379 902 476 952 perce
484 882 605 954 νόμασε,
618 897 649 940 ut
657 890 706 954 IV,

159 958 217 1020 189,
225 958 276 1008 ubi
285 958 421 1012 vidnott.
437 960 571 1024 Adipsam
580 975 636 1009 rem
646 975 706 1024 per-

156 1029 256 1091 tinent,
267 1044 339 1093 quse
349 1044 432 1094 supra
442 1035 551 1079 exstant
560 1031 592 1091 V,
602 1029 650 1080 66:
665 1042 707 1077 te-

155 1096 324 1162 τραφύλους
346 1088 447 1155 έόντας
469 1091 640 1162 Ἀθηναίους
660 1095 705 1147 δε-

156 1159 307 1230 καφύλους
317 1160 443 1231 lucique.
461 1166 613 1218 Clisthenes
627 1174 704 1232 quat·

155 1243 218 1287 tuor
233 1238 374 1301 prioribus
389 1237 512 1288 tribubus
526 1238 642 1288 sublatis
658 1238 703 1288 de-

155 1322 214 1356 cem
247 1307 394 1357 constituit
423 1322 526 1370 noves,
559 1323 607 1373 per
634 1323 702 1372 quus

155 1389 251 1425 omnes
266 1375 358 1426 demes
375 1393 398 1427 s.
414 1377 505 1439 vicos,
525 1392 640 1441 quorum
654 1392 703 1426 nu-

153 1461 259 1495 merum
271 1445 354 1510 vulgo
369 1445 481 1496 tradunt
496 1445 646 1508 CLXXIV,
662 1447 702 1496 ite

154 1515 315 1577 distribuit,
326 1521 359 1565 ut
369 1516 484 1580 quaevis
494 1515 581 1565 tribus
592 1531 614 1564 s.
625 1507 701 1579 φυλή

152 1591 260 1635 certum
272 1584 408 1649 quendam
419 1585 643 1650 complecteretur
656 1584 701 1634 de·

152 1669 259 1705 morum
271 1669 421 1704 nnmerum.
446 1656 534 1721 Atque
546 1654 598 1704 hoc
609 1655 700 1718 ipsum

152 1730 209 1785 est,
232 1724 307 1789 quod
317 1724 474 1775 Herodotus
488 1723 569 1788 paulo
581 1728 645 1787 post
657 1723 699 1773 hie

151 1794 312 1844 enuntiavit
325 1793 432 1843 verbis:
452 1790 520 1841 δέκα
531 1786 619 1842 δὲκαὶ
631 1787 699 1849 τοὺς

150 1858 264 1926 δήμους
275 1860 409 1926 κατένέμε
421 1852 448 1919 ές
460 1854 511 1919 τὰς
523 1853 629 1925 φυλὰς,
645 1863 663 1912 i.
673 1878 697 1912 e.

150 1936 175 1983 in
187 1934 274 1982 decem
289 1949 349 1984 oei-o
365 1931 446 1982 tribus
459 1934 531 1981 etiam
546 1933 631 1981 dmuos
646 1933 699 1981 dte-

150 2002 237 2052 tribuit
251 2001 415 2067 (singulos),
434 2016 512 2065 quem
524 2000 577 2051 loci
589 2016 697 2051 sensum

150 2087 210 2122 esse
224 2073 281 2121 iam
295 2071 365 2122 bene
377 2071 447 2121 vidit
458 2070 567 2121 Corsini
578 2071 607 2119 in
617 2071 696 2120 Fest.

148 2147 207 2191 Att.
227 2142 281 2190 111.
304 2156 366 2205 ρος.
386 2141 436 2191 128
456 2154 473 2189 e
488 2140 536 2190 Cr.
551 2139 695 2200 laudetus3

149 2226 315 2277 quemquem
328 2215 406 2273 eunt,
424 2210 469 2275 qui
480 2209 549 2260 heec
558 2209 642 2259 verbe
656 2210 696 2259 ita

149 2280 325 2343 intelligent,
338 2286 371 2330 ut
383 2282 410 2329 in
422 2278 542 2344 singulas
553 2279 641 2329 tribus
652 2278 712 2328 ‹le-⁶

148 2366 207 2399 cetu
228 2349 383 2400 Clisthenes
405 2348 575 2399 distribuerit
592 2349 694 2412 domos,

148 2420 264 2484 quaevis
282 2420 366 2485 igitur
385 2418 472 2468 tribus
490 2412 696 2482 s.‹pvlr'1(sunt

148 2495 240 2540 eutem
262 2487 369 2553 decem)
395 2487 628 2552 comprehenderit
650 2488 695 2538 tle-

147 2575 205 2609 cem
218 2558 326 2615 demes.
341 2574 402 2609 cum
413 2556 510 2608 vocula
521 2551 589 2606 δέκα
602 2557 629 2608 in
640 2558 695 2609 He·

146 2630 238 2679 rodoti
264 2629 359 2679 verbis
383 2628 420 2678 ed
443 2627 522 2692 louge
546 2629 695 2678 remotiore

146 2699 233 2749 rerba
245 2690 275 2755 ἐς
288 2691 339 2755 τὰς
351 2689 444 2760 φυλὰς
456 2698 552 2747 referri
565 2705 691 2763 nequest,

147 2769 195 2818 sed
213 2784 277 2818 cum
318 2769 424 2823 roxime
438 2766 615 2831 sequentibus
632 2782 694 2818 ver-

144 2837 189 2887 bis
205 2831 276 2894 τοδς
295 2783 406 2900 δήμους
430 2838 560 2901 coniungi
584 2835 691 2887 debeat.

144 2908 190 2957 lte
202 2911 281 2958 certe
299 2905 471 2957 Schoemenn
485 2905 693 2971 (Versessunge

144 2976 307 3042 geschichte
319 2976 424 3027 Atheus
442 2991 469 3040 p.
485 2974 547 3040 61),
571 2976 692 3027 Wester·

144 3062 227 3097 manu
242 3045 362 3111 (Pauly:
378 3044 637 3110 Reelencyclopaed.
652 3045 691 3097 ll.

144 3132 208 3181 ρος.
228 3116 283 3166 952
305 3115 367 3166 coll.
388 3115 520 3165 Zeitschr.
541 3114 586 3163 fiir
603 3115 692 3165 Alter·

144 3186 337 3235 thums-Wise.
353 3182 428 3235 1848.
449 3199 510 3248 pag.
525 3182 585 3247 37),
604 3184 691 3235 Meier

144 3255 231 3320 (Heli.
251 3256 310 3306 Lit.
331 3254 400 3305 Zeu,
425 3254 499 3305 1844.
518 3268 580 3318 ρος.
602 3252 690 3319 1386),

758 750 869 802 elterth.
888 754 912 814 ξ.
931 751 987 802 111.
1006 755 1065 802 not.
1082 753 1121 802 1¹2.
1157 753 1193 801 At
1208 767 1300 804 omnes

758 820 866 885 demes,
886 836 953 885 quos
971 822 1109 884 novimus,
1129 823 1153 871 si
1169 827 1302 887 suppute-

758 905 833 954 mus,
848 890 932 940 multo
947 891 1033 940 maior
1045 907 1106 941 cum
1119 893 1235 941 exsistat
1251 907 1300 941 nu-

757 974 846 1010 merus
877 958 951 1025 (nam
982 966 1090 1010 centnm
1123 962 1299 1025 septuegiute

757 1034 888 1094 quattuor
914 1031 1000 1079 ferme
1026 1031 1151 1080 novimus
1184 1030 1298 1096 domos).

755 1114 870 1164 cumque
897 1100 939 1148 vel
967 1104 1032 1149 ente
1059 1098 1224 1150 Clisthenem
1252 1101 1298 1151 de-

754 1184 858 1218 morum
871 1168 1027 1218 inveniatur
1037 1170 1149 1233 mentio,
1165 1185 1234 1234 quos
1247 1170 1297 1234 igi·

755 1243 799 1288 tur
816 1254 833 1286 a
845 1237 984 1289 Clisthene
1000 1239 1086 1302 primo
1105 1237 1249 1288 institutos
1270 1243 1298 1290 et

755 1312 907 1372 temporum
924 1308 1040 1358 decursu
1053 1313 1116 1372 post
1128 1307 1297 1358 Clisthenem

754 1375 813 1441 (qui
837 1383 946 1427 centum
974 1378 1126 1426 instituerit
1149 1377 1253 1440 densos)
1279 1392 1297 1427 a

752 1447 910 1496 centenario
932 1461 1043 1496 nurnero
1066 1445 1102 1494 ad
1120 1454 1230 1497 centum
1252 1462 1295 1498 ee-

751 1517 899 1580 ptueginte
918 1521 1047 1580 quattuor
1067 1530 1153 1580 usque
1174 1516 1295 1566 crevisse
1401 1511 1405 1518 ’

752 1600 892 1649 negamus,
907 1586 1086 1635 dissentiente
1098 1585 1222 1649 quemvis
1235 1586 1295 1649 ipso

750 1654 900 1705 Niebuhrio
910 1653 1025 1717 (Hister.
1036 1655 1114 1703 Rom.
1125 1656 1147 1704 1.
1158 1669 1220 1719 ρος.
1232 1654 1294 1705 426.

750 1724 788 1773 11.
802 1739 866 1788 pag.
881 1723 958 1787 377),
976 1726 1023 1772 vix
1035 1722 1083 1772 ille
1097 1722 1205 1789 quidem
1219 1731 1294 1773 stare

750 1795 853 1857 poterit
867 1793 1075 1857 interpretatio,
1095 1793 1256 1857 praesertim
1268 1793 1294 1841 ei

748 1868 876 1927 reputes,
900 1856 968 1910 δέκα
986 1855 1017 1910 δὲ
1035 1856 1166 1918 καὶτοὺς
1184 1856 1294 1926 δήμους

748 1931 901 1996 siguificare
921 1930 993 1980 haud
1013 1932 1189 1995 possedonos
1209 1930 1293 1981 etiem

748 2002 838 2064 trihus,
852 2001 900 2052 sed
910 2003 993 2050 decem
1007 2002 1090 2050 etiem
1102 2000 1191 2062 tribue,
1204 2014 1292 2064 neque

748 2073 858 2120 omnino
871 2068 985 2134 intelligi
999 2084 1093 2134 posse,
1109 2084 1178 2134 quae
1188 2074 1244 2119 tum
1254 2070 1292 2120 sit

747 2140 790 2189 vis
801 2139 908 2191 articuli
919 2139 1001 2188 verbo
1011 2135 1120 2202 δήμους
1128 2139 1291 2204 praepositi.

748 2208 851 2260 Contre
865 2212 912 2259 vix
922 2208 1006 2258 ullam
1021 2209 1197 2259 offensionem
1210 2223 1290 2272 prae·

747 2277 810 2328 bere
832 2280 933 2344 poterit
951 2278 1049 2329 vocula
1062 2274 1131 2326 δέκα
1148 2278 1185 2327 ed
1197 2268 1226 2334 ές
1240 2272 1291 2334 τὰς

747 2340 840 2410 φυλὰς
852 2349 950 2409 relete,
963 2349 1086 2412 quemvis
1097 2347 1218 2412 pluribus
1231 2362 1290 2397 ver·

745 2416 787 2468 bis
806 2419 976 2483 interpositis
997 2419 1136 2480 seiuncta,
1161 2417 1209 2467 sed
1228 2432 1289 2467 cum

744 2488 773 2535 vi
786 2488 904 2552 quedam
916 2492 944 2538 et
955 2487 1088 2550 consulto,
1101 2487 1257 2550 dividetur,
1273 2501 1290 2535 a

744 2558 877 2622 scriptore
893 2557 1046 2610 sententiae
1055 2557 1134 2607 initio
1144 2555 1288 2607 collocata.

744 2628 769 2678 N
771 2644 802 2678 ec
816 2628 914 2678 desunt
930 2627 987 2677 elie
999 2625 1185 2677 huiuscemodi
1199 2630 1288 2677 trans·

744 2698 909 2761 positionum
920 2693 1043 2760 exempla
1053 2695 1125 2761 apud
1134 2696 1223 2760 ipsum
1232 2694 1287 2746 He·

743 2767 883 2829 rodotum,
906 2766 975 2817 elios
990 2771 1020 2815 ut
1035 2772 1152 2817 taceam.
1183 2763 1287 2814 Attulit

743 2834 824 2887 huius
833 2837 940 2900 generis
949 2834 1081 2885 nonnulle
1089 2833 1224 2885 Dietrioh.
1237 2832 1255 2881 l.
1266 2833 1286 2885 1.

742 2921 806 2970 peg.
822 2906 871 2968 32,
895 2908 942 2971 qui
960 2907 1019 2969 ipse
1039 2905 1109 2953 setis
1129 2903 1226 2966 opinor
1240 2900 1288 2951 do·

742 2976 801 3025 cuit
812 2975 874 3025 inde
885 2989 902 3023 a
912 2989 974 3039 pag.
986 2973 1020 3024 30
1029 2988 1115 3037 seqq„
1123 2971 1193 3021 hene
1203 2985 1286 3020 unem

742 3044 851 3095 admitti
870 3059 950 3107 posse
967 3041 1022 3091 loci
1037 3041 1187 3091 Herodotei
1203 3042 1287 3090 iuter-

741 3115 932 3179 pretationem‚
947 3117 978 3162 ut
989 3104 1058 3159 δέκα
1068 3111 1213 3175 iungamus
1223 3125 1286 3160 cum

741 3183 833 3235 verbis
845 3174 932 3239 έςτὰς
941 3176 1046 3246 φυλὰς,
1062 3178 1286 3245 quemadmodum

740 3253 842 3303 dudum
859 3255 1040 3317 proposuerat
1050 3249 1157 3300 Corsini
1172 3248 1189 3298 l.
1202 3263 1286 3313 supre

144 3323 287 3375 Thirlwell
302 3321 426 3388 (Cresce.
439 3322 475 3372 ll.
490 3338 553 3388 psg.
564 3322 597 3374 73
611 3324 692 3389 seq),
741 3321 769 3384 l.,
785 3338 863 3388 quem
873 3320 1071 3385 Weseeliugius
1082 3333 1136 3370 une
1149 3333 1210 3369 cum
1223 3317 1284 3368 eliis

143 3393 254 3460 Sauppe
277 3393 333 3458 (De
345 3393 431 3443 demis
447 3393 542 3443 urban.
557 3391 689 3445 Athenai.
740 3392 875 3443 Herodoti
892 3390 1089 3455 interpretibus
1103 3393 1144 3440 est
1161 3394 1281 3449 secutus,

142 3464 248 3515 Vimer.
265 3462 343 3516 1846.
359 3462 541 3528 peg.5seqq.
566 3460 622 3527 10),
642 3462 692 3526 qui
740 3462 860 3527 itemque
886 3477 972 3525 nuper
998 3460 1108 3525 Negris,
1133 3457 1284 3509 Croteteud

143 3527 215 3583 κατὰ
235 3530 308 3582 δέκα
331 3532 385 3596 legi
404 3531 475 3592 vult,
501 3530 572 3595 quod
588 3536 619 3581 ut
636 3547 691 3581 non
741 3531 851 3594 (Erech.
867 3527 1170 3594 mGruberEncyclop.
1185 3528 1207 3577 l.
1222 3527 1283 3578 Vol.

142 3605 232 3654 reiicit
245 3603 335 3653 Meier
350 3600 435 3665 (Hali.
454 3600 509 3649 Lit.
524 3600 592 3651 Zelt.
613 3600 688 3651 1846.
740 3601 844 3652 XXlll.
858 3616 919 3665 pag.
931 3599 1004 3664 438),
1022 3600 1105 3649 Grote
1117 3597 1244 3663 (History
1255 3596 1285 3646 oi

142 3688 182 3726 ur,
203 3673 268 3727 280.
290 3687 355 3737 ρος.
377 3670 472 3735 1084),
492 3672 533 3719 ite
548 3660 604 3718 dvi
621 3667 690 3719 δέκα
740 3666 1283 3735 GreecelV.p.llti),Wachsmuth(Hel·

143 3758 253 3809 quoque
277 3741 335 3807 legi
358 3754 439 3805 posse
461 3744 552 3790 mouet
570 3740 689 3804 itemque
738 3739 792 3789 len.
806 3739 922 3791 Alterth.
942 3739 964 3790 l.
984 3753 1046 3803 peg.
1068 3739 1125 3787 144.
1146 3736 1188 3787 ed,
1203 3734 1283 3799 see).

142 3811 235 3873 φυλάς
244 3828 296 3877 pro
309 3805 488 3874 φυλάρχους,
501 3809 571 3875 quod
580 3809 624 3861 vel
634 3825 690 3859 me·
739 3810 860 3874 Accedit,
873 3808 953 3874 quod,
968 3823 1038 3873 quae
1049 3804 1163 3872 protulit
1172 3805 1283 3870 Sauppe

142 3883 183 3946 gis
197 3882 319 3932 eliennm
334 3878 472 3931 existimo.
498 3878 576 3928 Illam
588 3895 652 3930 vero
665 3879 689 3928 si
740 3878 770 3944 (l.
783 3895 865 3944 supre
876 3880 893 3931 l.
907 3893 971 3944 pag.
985 3880 1001 3928 5
1015 3875 1084 3942 seq.)
1099 3875 1219 3939 vestigia
1232 3890 1282 3923 uu-

143 3950 551 4017 sequerisinterpretationem,
568 3950 688 4000 omnium
738 3950 806 4000 meri
824 3949 977 4000 eontensrii
994 3947 1149 4008 demorurn,
1167 3950 1224 3994 tam
1242 3948 1283 3993 te-

143 4022 262 4072 tribuum
282 4019 405 4071 efficitur
418 4033 543 4070 uumerus
560 4023 688 4070 centens·
738 4020 805 4069 nuia
817 4019 941 4084 prolecto
957 4021 1035 4079 sunt,
1050 4020 1081 4064 ut
1093 4016 1139 4066 vix
1151 4013 1214 4063 inde
1226 4010 1282 4062 tale

142 4091 212 4156 rius,
237 4106 255 4140 e
274 4088 416 4140 Clisthene
436 4090 616 4152 constitutus,
642 4090 690 4154 qui
740 4087 806 4155 quid
821 4088 917 4137 merito
931 4083 1024 4149 colligi
1036 4083 1137 4148 possit:
1156 4081 1284 4131 nituntur

143 4162 244 4225 primus
254 4175 351 4225 egsum
363 4158 483 4209 Atticum
493 4159 521 4208 in
531 4164 638 4210 centum
649 4159 688 4208 di·
739 4159 810 4207 euim
829 4171 883 4206 uno
903 4154 1054 4205 Herodieni
1074 4152 1134 4203 loco
1150 4147 1216 4213 περὶ
1233 4165 1283 4215 μο-

144 4231 234 4283 viserit
249 4236 363 4296 partes,
381 4226 480 4294 quibus
495 4223 595 4293 δήμων
609 4227 689 4279 dede·
739 4219 804 4290 νήρ,
824 4219 878 4285 λὲξ.
897 4240 923 4289 ρ.
938 4226 984 4285 17,
1000 4224 1031 4288 8,
1052 4222 1099 4289 qui
1112 4221 1283 4286 Arepheuem

143 4300 179 4349 rit
198 4316 309 4352 nomen.
349 4296 430 4348 Conf.
450 4296 628 4349 Schoemann.
647 4299 688 4349 De
739 4297 836 4346 scribit
850 4310 932 4344 unum
949 4311 964 4343 e
982 4302 1076 4344 eentum
1095 4292 1223 4345 heroibus
1240 4291 1283 4341 fu·

145 4371 245 4422 eomitt.
257 4386 319 4436 ρας.
332 4366 386 4421 363
397 4383 454 4433 seq.
465 4367 526 4418 coll.
536 4368 568 4418 C.
581 4368 612 4417 F.
620 4368 689 4417 Her·
738 4368 804 4430 isse,
818 4381 885 4431 quos
897 4365 992 4415 hero'es
1003 4364 1140 4415 demonum
1152 4360 1210 4428 (qui
1219 4362 1283 4412 inde

146 4453 254 4492 menno:
265 4436 418 4492 Lehrbueh
429 4436 687 4489 d.Helleu.Steats·
738 4445 833 4489 centum
849 4432 962 4501 fuerint)
981 4450 1129 4502 epouymos
1144 4434 1229 4485 tuisse
1249 4451 1282 4487 ex

176 4546 347 4593 sueonos.
372 4542 423 4586 111.
1065 4521 1085 4584 9
