<?xml version="1.0" encoding="UTF-8"?>
<!DOCTYPE html PUBLIC "-//W3C//DTD XHTML 1.0 Transitional//EN"
    "http://www.w3.org/TR/xhtml1/DTD/xhtml1-transitional.dtd">
<html xmlns="http://www.w3.org/1999/xhtml" xml:lang="en" lang="en">
 <head>
  <title>
</title>
<meta http-equiv="Content-Type" content="text/html;charset=utf-8" />
  <meta name='ocr-system' content='tesseract 3.04.00' />
  <meta name='ocr-capabilities' content='ocr_page ocr_carea ocr_par ocr_line ocrx_word'/>
</head>
<body>
  <div class='ocr_page' id='page_1' title='image "./herodotihalicar01unkngoog/herodotihalicar01unkngoog_0289.png"; bbox 0 0 3100 5175; ppageno 0'>
   <div class='ocr_carea' id='block_1_1' title="bbox 532 329 925 451">
    <p class='ocr_par' dir='ltr' id='par_1_1' title="bbox 532 329 925 451">
     <span class='ocr_line' id='line_1_1' title="bbox 532 329 925 451; baseline 0.008 -8"><span class='ocrx_word' id='word_1_1' title='bbox 532 329 719 445; x_wconf 51' lang='grc' dir='ltr'><strong>ΕΒΑΤΟ.ἱ</strong></span> <span class='ocrx_word' id='word_1_2' title='bbox 738 385 793 446; x_wconf 89' lang='lat' dir='ltr'><strong>VI.</strong></span> <span class='ocrx_word' id='word_1_3' title='bbox 816 395 859 447; x_wconf 70' lang='lat'><strong>4⁶2.</strong></span> <span class='ocrx_word' id='word_1_4' title='bbox 882 397 925 451; x_wconf 85' lang='grc'><strong>43.</strong></span> 
     </span>
    </p>
   </div>
   <div class='ocr_carea' id='block_1_2' title="bbox 1236 386 1297 452">
    <p class='ocr_par' dir='ltr' id='par_1_2' title="bbox 1236 386 1297 452">
     <span class='ocr_line' id='line_1_2' title="bbox 1236 386 1297 452; baseline 0.033 -3"><span class='ocrx_word' id='word_1_5' title='bbox 1236 386 1297 452; x_wconf 79' lang='lat'><strong>277</strong></span> 
     </span>
    </p>
   </div>
   <div class='ocr_carea' id='block_1_3' title="bbox 101 551 1296 1930">
    <p class='ocr_par' dir='ltr' id='par_1_3' title="bbox 101 551 1296 1930">
     <span class='ocr_line' id='line_1_3' title="bbox 156 551 1296 651; baseline 0.004 -24"><span class='ocrx_word' id='word_1_6' title='bbox 156 559 285 645; x_wconf 81' lang='grc' dir='ltr'><strong><em>σιλίος,</em></strong></span> <span class='ocrx_word' id='word_1_7' title='bbox 302 555 499 644; x_wconf 89' lang='grc' dir='ltr'><strong><em>Μαρδόνιος</em></strong></span> <span class='ocrx_word' id='word_1_8' title='bbox 512 551 530 624; x_wconf 87' lang='grc' dir='ltr'>ὁ</span> <span class='ocrx_word' id='word_1_9' title='bbox 544 557 714 647; x_wconf 75' lang='grc' dir='ltr'><strong><em>Γοβρύεω</em></strong></span> <span class='ocrx_word' id='word_1_10' title='bbox 727 561 903 647; x_wconf 79' lang='grc' dir='ltr'><strong><em>κατέβαινε</em></strong></span> <span class='ocrx_word' id='word_1_11' title='bbox 918 562 972 634; x_wconf 75' lang='grc' dir='ltr'><strong>ἐπὶ</strong></span> <span class='ocrx_word' id='word_1_12' title='bbox 987 560 1180 648; x_wconf 78' lang='grc' dir='ltr'><strong><em>θάλασσαν,</em></strong></span> <span class='ocrx_word' id='word_1_13' title='bbox 1196 584 1296 651; x_wconf 88' lang='grc' dir='ltr'><strong><em>στρα-</em></strong></span> 
     </span>
     <span class='ocr_line' id='line_1_4' title="bbox 156 658 1294 751; baseline 0.004 -21"><span class='ocrx_word' id='word_1_14' title='bbox 156 661 218 730; x_wconf 87' lang='grc' dir='ltr'><strong><em>τόν</em></strong></span> <span class='ocrx_word' id='word_1_15' title='bbox 237 660 366 731; x_wconf 83' lang='grc' dir='ltr'><strong><em>πολλὸν</em></strong></span> <span class='ocrx_word' id='word_1_16' title='bbox 378 660 440 748; x_wconf 73' lang='grc' dir='ltr'><strong><em>μὲν</em></strong></span> <span class='ocrx_word' id='word_1_17' title='bbox 462 659 567 748; x_wconf 78' lang='grc' dir='ltr'><strong><em>κάρτα</em></strong></span> <span class='ocrx_word' id='word_1_18' title='bbox 580 660 679 744; x_wconf 81' lang='grc' dir='ltr'><strong><em>πεζὸν</em></strong></span> <span class='ocrx_word' id='word_1_19' title='bbox 698 658 765 750; x_wconf 76' lang='grc' dir='ltr'><strong><em>ἅμα</em></strong></span> <span class='ocrx_word' id='word_1_20' title='bbox 780 660 960 751; x_wconf 76' lang='grc' dir='ltr'><strong><em>ἀγόμενος,</em></strong></span> <span class='ocrx_word' id='word_1_21' title='bbox 981 663 1107 736; x_wconf 88' lang='grc' dir='ltr'><strong><em>πολλὸν</em></strong></span> <span class='ocrx_word' id='word_1_22' title='bbox 1128 665 1165 735; x_wconf 78' lang='lat' dir='ltr'><strong>dl</strong></span> <span class='ocrx_word' id='word_1_23' title='bbox 1178 693 1294 736; x_wconf 90' lang='grc' dir='ltr'><strong><em>ναυτι-</em></strong></span> 
     </span>
     <span class='ocr_line' id='line_1_5' title="bbox 155 761 1293 857; baseline 0.004 -24"><span class='ocrx_word' id='word_1_24' title='bbox 155 763 236 850; x_wconf 86' lang='grc' dir='ltr'><strong><em>κὸν,</em></strong></span> <span class='ocrx_word' id='word_1_25' title='bbox 257 761 393 853; x_wconf 78' lang='grc' dir='ltr'><em>ἡλικίην</em></span> <span class='ocrx_word' id='word_1_26' title='bbox 413 789 448 830; x_wconf 85' lang='grc' dir='ltr'><strong>τε</strong></span> <span class='ocrx_word' id='word_1_27' title='bbox 463 766 538 843; x_wconf 82' lang='grc' dir='ltr'><strong><em>νέος</em></strong></span> <span class='ocrx_word' id='word_1_28' title='bbox 560 761 627 833; x_wconf 65' lang='lat' dir='ltr'><strong>inin</strong></span> <span class='ocrx_word' id='word_1_29' title='bbox 639 767 693 833; x_wconf 78' lang='lat' dir='ltr'><strong>nal</strong></span> <span class='ocrx_word' id='word_1_30' title='bbox 711 769 833 835; x_wconf 82' lang='grc' dir='ltr'><strong><em>νεωστί</em></strong></span> <span class='ocrx_word' id='word_1_31' title='bbox 847 766 1042 857; x_wconf 72' lang='grc' dir='ltr'><strong><em>γεγαμηκώς</em></strong></span> <span class='ocrx_word' id='word_1_32' title='bbox 1055 771 1207 857; x_wconf 76' lang='grc' dir='ltr'><strong><em>βασιλέος</em></strong></span> <span class='ocrx_word' id='word_1_33' title='bbox 1221 781 1293 838; x_wconf 85' lang='grc' dir='ltr'><strong><em>Δα-</em></strong></span> 
     </span>
     <span class='ocr_line' id='line_1_6' title="bbox 154 863 1294 959; baseline 0.003 -22"><span class='ocrx_word' id='word_1_34' title='bbox 154 873 252 955; x_wconf 90' lang='grc' dir='ltr'><strong><em>ρείου</em></strong></span> <span class='ocrx_word' id='word_1_35' title='bbox 271 869 446 953; x_wconf 77' lang='grc' dir='ltr'><strong><em>θυγατέρα</em></strong></span> <span class='ocrx_word' id='word_1_36' title='bbox 465 863 720 958; x_wconf 77' lang='grc' dir='ltr'><strong><em>Ἀρτοζώστρην.</em></strong></span> <span class='ocrx_word' id='word_1_37' title='bbox 756 867 850 957; x_wconf 78' lang='grc' dir='ltr'><strong><em>ἅγιον</em></strong></span> <span class='ocrx_word' id='word_1_38' title='bbox 865 870 903 940; x_wconf 77' lang='lat' dir='ltr'><strong>dl</strong></span> <span class='ocrx_word' id='word_1_39' title='bbox 916 870 974 941; x_wconf 86' lang='grc' dir='ltr'><strong>τὸν</strong></span> <span class='ocrx_word' id='word_1_40' title='bbox 987 869 1130 959; x_wconf 80' lang='grc' dir='ltr'><strong><em>στρατὸν</em></strong></span> <span class='ocrx_word' id='word_1_41' title='bbox 1142 868 1294 942; x_wconf 84' lang='grc' dir='ltr'><strong><em>τοῦτονδ</em></strong></span> 
     </span>
     <span class='ocr_line' id='line_1_7' title="bbox 155 969 1293 1063; baseline 0.005 -25"><span class='ocrx_word' id='word_1_42' title='bbox 155 969 371 1058; x_wconf 86' lang='grc' dir='ltr'><strong><em>Μαρδόνιος,</em></strong></span> <span class='ocrx_word' id='word_1_43' title='bbox 393 973 469 1038; x_wconf 79' lang='grc' dir='ltr'><strong><em>ἐπεί</em></strong></span> <span class='ocrx_word' id='word_1_44' title='bbox 481 996 517 1037; x_wconf 82' lang='grc' dir='ltr'><strong>τε</strong></span> <span class='ocrx_word' id='word_1_45' title='bbox 536 973 668 1057; x_wconf 77' lang='grc' dir='ltr'><strong><em>ἐγένετο</em></strong></span> <span class='ocrx_word' id='word_1_46' title='bbox 690 974 728 1040; x_wconf 82' lang='grc' dir='ltr'><strong><em>ἐν</em></strong></span> <span class='ocrx_word' id='word_1_47' title='bbox 749 977 791 1061; x_wconf 78' lang='grc' dir='ltr'><strong>τῇ</strong></span> <span class='ocrx_word' id='word_1_48' title='bbox 804 981 958 1063; x_wconf 75' lang='grc' dir='ltr'><strong><em>Κιλικίῃ,</em></strong></span> <span class='ocrx_word' id='word_1_49' title='bbox 981 973 1081 1056; x_wconf 80' lang='grc' dir='ltr'><strong><em>αὐτὸς</em></strong></span> <span class='ocrx_word' id='word_1_50' title='bbox 1099 975 1163 1063; x_wconf 72' lang='grc' dir='ltr'><strong><em>μὲν</em></strong></span> <span class='ocrx_word' id='word_1_51' title='bbox 1177 973 1293 1063; x_wconf 81' lang='grc' dir='ltr'><strong><em>ἐπιβὰς</em></strong></span> 
     </span>
     <span class='ocr_line' id='line_1_8' title="bbox 153 1069 1293 1167; baseline 0.004 -25"><span class='ocrx_word' id='word_1_52' title='bbox 153 1074 211 1142; x_wconf 79' lang='grc' dir='ltr'><strong>ἐπὶ</strong></span> <span class='ocrx_word' id='word_1_53' title='bbox 236 1070 314 1151; x_wconf 85' lang='grc' dir='ltr'><strong><em>νεδς</em></strong></span> <span class='ocrx_word' id='word_1_54' title='bbox 336 1075 502 1159; x_wconf 79' lang='grc' dir='ltr'><strong><em>ἐκομίζετο</em></strong></span> <span class='ocrx_word' id='word_1_55' title='bbox 528 1069 595 1161; x_wconf 73' lang='grc' dir='ltr'><strong><em>ἅμα</em></strong></span> <span class='ocrx_word' id='word_1_56' title='bbox 614 1080 688 1165; x_wconf 74' lang='grc' dir='ltr'><strong><em>τῇσι</em></strong></span> <span class='ocrx_word' id='word_1_57' title='bbox 707 1072 826 1163; x_wconf 70' lang='grc' dir='ltr'><strong><em>ἄλλησι</em></strong></span> <span class='ocrx_word' id='word_1_58' title='bbox 845 1080 963 1164; x_wconf 81' lang='grc' dir='ltr'><strong><em>νηυσί,</em></strong></span> <span class='ocrx_word' id='word_1_59' title='bbox 992 1076 1151 1166; x_wconf 80' lang='grc' dir='ltr'><strong><em>στρατιὴν</em></strong></span> <span class='ocrx_word' id='word_1_60' title='bbox 1171 1078 1209 1148; x_wconf 68' lang='grc' dir='ltr'><strong>δὲ</strong></span> <span class='ocrx_word' id='word_1_61' title='bbox 1231 1076 1293 1167; x_wconf 74' lang='grc' dir='ltr'><strong>τὴν</strong></span> 
     </span>
     <span class='ocr_line' id='line_1_9' title="bbox 153 1169 1290 1269; baseline 0.005 -26"><span class='ocrx_word' id='word_1_62' title='bbox 153 1171 257 1262; x_wconf 74' lang='grc' dir='ltr'><strong><em>πεζὴν</em></strong></span> <span class='ocrx_word' id='word_1_63' title='bbox 277 1172 372 1244; x_wconf 75' lang='grc' dir='ltr'><strong><em>ἄλλοι</em></strong></span> <span class='ocrx_word' id='word_1_64' title='bbox 393 1171 554 1263; x_wconf 81' lang='grc' dir='ltr'><em>ἡγεμόνες</em></span> <span class='ocrx_word' id='word_1_65' title='bbox 573 1169 658 1264; x_wconf 76' lang='grc' dir='ltr'><strong><em>ἦγον</em></strong></span> <span class='ocrx_word' id='word_1_66' title='bbox 672 1180 727 1246; x_wconf 82' lang='grc' dir='ltr'><strong>ἐπὶ</strong></span> <span class='ocrx_word' id='word_1_67' title='bbox 741 1178 801 1247; x_wconf 85' lang='grc' dir='ltr'><strong>τὸν</strong></span> <span class='ocrx_word' id='word_1_68' title='bbox 818 1175 1071 1269; x_wconf 76' lang='grc' dir='ltr'><strong>Ἑλλήσποντον.</strong></span> <span class='ocrx_word' id='word_1_69' title='bbox 1104 1178 1160 1261; x_wconf 79' lang='grc' dir='ltr'><strong>Ὡς</strong></span> <span class='ocrx_word' id='word_1_70' title='bbox 1174 1182 1211 1251; x_wconf 69' lang='grc' dir='ltr'><strong>δὲ</strong></span> <span class='ocrx_word' id='word_1_71' title='bbox 1226 1206 1290 1249; x_wconf 89' lang='grc' dir='ltr'><strong><em>πα-</em></strong></span> 
     </span>
     <span class='ocr_line' id='line_1_10' title="bbox 154 1275 1289 1373; baseline 0.006 -28"><span class='ocrx_word' id='word_1_72' title='bbox 154 1280 315 1366; x_wconf 80' lang='grc' dir='ltr'><strong><em>ραπλέων</em></strong></span> <span class='ocrx_word' id='word_1_73' title='bbox 328 1276 389 1365; x_wconf 78' lang='grc' dir='ltr'><strong>τὴν</strong></span> <span class='ocrx_word' id='word_1_74' title='bbox 409 1275 519 1365; x_wconf 82' lang='grc' dir='ltr'><strong><em>Ἀσίην</em></strong></span> <span class='ocrx_word' id='word_1_75' title='bbox 533 1275 671 1349; x_wconf 74' lang='grc' dir='ltr'><strong><em>ἀπίκετο</em></strong></span> <span class='ocrx_word' id='word_1_76' title='bbox 691 1276 919 1369; x_wconf 87' lang='grc' dir='ltr'><strong><em>ὁΜαρδόνιος</em></strong></span> <span class='ocrx_word' id='word_1_77' title='bbox 940 1287 973 1363; x_wconf 82' lang='grc' dir='ltr'><strong>ές</strong></span> <span class='ocrx_word' id='word_1_78' title='bbox 987 1279 1215 1373; x_wconf 78' lang='grc' dir='ltr'><strong><em>τηνἽωνίην,</em></strong></span> <span class='ocrx_word' id='word_1_79' title='bbox 1234 1287 1289 1353; x_wconf 90' lang='grc' dir='ltr'><strong><em>ε’ν·</em></strong></span> 
     </span>
     <span class='ocr_line' id='line_1_11' title="bbox 101 1383 1289 1474; baseline 0.007 -25"><span class='ocrx_word' id='word_1_80' title='bbox 101 1386 274 1450; x_wconf 62' lang='lat' dir='ltr'><strong>toreama</strong></span> <span class='ocrx_word' id='word_1_81' title='bbox 294 1383 453 1467; x_wconf 82' lang='grc' dir='ltr'><strong><em>μέγιστον</em></strong></span> <span class='ocrx_word' id='word_1_82' title='bbox 467 1387 592 1469; x_wconf 72' lang='grc' dir='ltr'><strong>Ιδῶυμα</strong></span> <span class='ocrx_word' id='word_1_83' title='bbox 613 1386 695 1470; x_wconf 80' lang='grc' dir='ltr'><strong><em>ἐρέω</em></strong></span> <span class='ocrx_word' id='word_1_84' title='bbox 715 1400 801 1453; x_wconf 81' lang='grc' dir='ltr'><strong><em>τοῖσι</em></strong></span> <span class='ocrx_word' id='word_1_85' title='bbox 822 1385 866 1474; x_wconf 80' lang='grc' dir='ltr'><strong>μὴ</strong></span> <span class='ocrx_word' id='word_1_86' title='bbox 885 1383 1161 1474; x_wconf 76' lang='grc' dir='ltr'><strong><em>ἀποδεκομένοισι</em></strong></span> <span class='ocrx_word' id='word_1_87' title='bbox 1177 1383 1289 1474; x_wconf 65' lang='grc' dir='ltr'><strong><em>Ἐλλή-</em></strong></span> 
     </span>
     <span class='ocr_line' id='line_1_12' title="bbox 151 1483 1290 1577; baseline 0.005 -25"><span class='ocrx_word' id='word_1_88' title='bbox 151 1511 242 1570; x_wconf 85' lang='grc' dir='ltr'><em>νων,</em></span> <span class='ocrx_word' id='word_1_89' title='bbox 264 1486 427 1572; x_wconf 85' lang='grc' dir='ltr'><strong><em>Περσέων</em></strong></span> <span class='ocrx_word' id='word_1_90' title='bbox 450 1499 536 1552; x_wconf 79' lang='grc' dir='ltr'><strong><em>τοῖσι</em></strong></span> <span class='ocrx_word' id='word_1_91' title='bbox 557 1483 639 1555; x_wconf 78' lang='grc' dir='ltr'><strong><em>ἑπτὰ</em></strong></span> <span class='ocrx_word' id='word_1_92' title='bbox 661 1483 797 1556; x_wconf 75' lang='grc' dir='ltr'><strong><em>’θεοίνια</em></strong></span> <span class='ocrx_word' id='word_1_93' title='bbox 817 1488 955 1577; x_wconf 74' lang='grc' dir='ltr'><strong><em>γυαλμην</em></strong></span> <span class='ocrx_word' id='word_1_94' title='bbox 973 1487 1218 1577; x_wconf 76' lang='grc' dir='ltr'><strong><em>ἀποδέξασθαι,</em></strong></span> <span class='ocrx_word' id='word_1_95' title='bbox 1246 1485 1290 1568; x_wconf 79' lang='grc' dir='ltr'><strong>ὦς</strong></span> 
     </span>
     <span class='ocr_line' id='line_1_13' title="bbox 148 1583 1289 1680; baseline 0.005 -26"><span class='ocrx_word' id='word_1_96' title='bbox 148 1583 261 1675; x_wconf 72' lang='grc' dir='ltr'><strong><em>χρεών</em></strong></span> <span class='ocrx_word' id='word_1_97' title='bbox 276 1597 328 1674; x_wconf 85' lang='grc' dir='ltr'><strong>είη</strong></span> <span class='ocrx_word' id='word_1_98' title='bbox 352 1590 640 1674; x_wconf 80' lang='grc' dir='ltr'><strong><em>δημοκρατέεσθαι</em></strong></span> <span class='ocrx_word' id='word_1_99' title='bbox 654 1592 801 1675; x_wconf 86' lang='grc' dir='ltr'><strong><em>Πέρσας·</em></strong></span> <span class='ocrx_word' id='word_1_100' title='bbox 830 1591 908 1671; x_wconf 87' lang='grc' dir='ltr'><strong>τούς</strong></span> <span class='ocrx_word' id='word_1_101' title='bbox 928 1589 992 1680; x_wconf 80' lang='grc' dir='ltr'><strong>γὰρ</strong></span> <span class='ocrx_word' id='word_1_102' title='bbox 1012 1591 1199 1680; x_wconf 79' lang='grc' dir='ltr'><strong><em>τυράννους</em></strong></span> <span class='ocrx_word' id='word_1_103' title='bbox 1221 1597 1289 1660; x_wconf 76' lang='grc' dir='ltr'><strong>τῶν</strong></span> 
     </span>
     <span class='ocr_line' id='line_1_14' title="bbox 143 1686 1288 1784; baseline 0.003 -27"><span class='ocrx_word' id='word_1_104' title='bbox 143 1687 270 1759; x_wconf 70' lang='grc' dir='ltr'><strong><em>Ἰώνων</em></strong></span> <span class='ocrx_word' id='word_1_105' title='bbox 283 1686 498 1770; x_wconf 84' lang='grc' dir='ltr'><strong><em>καταπαύσας</em></strong></span> <span class='ocrx_word' id='word_1_106' title='bbox 518 1689 645 1772; x_wconf 79' lang='grc' dir='ltr'><strong><em>πάντας</em></strong></span> <span class='ocrx_word' id='word_1_107' title='bbox 667 1688 685 1760; x_wconf 85' lang='grc' dir='ltr'><em>ὃ</em></span> <span class='ocrx_word' id='word_1_108' title='bbox 704 1691 896 1783; x_wconf 87' lang='grc' dir='ltr'><strong><em>Μαρδόνιος</em></strong></span> <span class='ocrx_word' id='word_1_109' title='bbox 917 1687 1138 1784; x_wconf 77' lang='grc' dir='ltr'><strong><em>δημοκρατίας</em></strong></span> <span class='ocrx_word' id='word_1_110' title='bbox 1152 1701 1288 1782; x_wconf 83' lang='grc' dir='ltr'><strong><em>κακίστη</em></strong></span> 
     </span>
     <span class='ocr_line' id='line_1_15' title="bbox 148 1861 1287 1930; baseline 0.003 -17"><span class='ocrx_word' id='word_1_111' title='bbox 148 1863 284 1928; x_wconf 69' lang='grc' dir='ltr'><strong><em>θοδσγαε,</em></strong></span> <span class='ocrx_word' id='word_1_112' title='bbox 299 1861 346 1927; x_wconf 87' lang='lat' dir='ltr'><strong>qni</strong></span> <span class='ocrx_word' id='word_1_113' title='bbox 358 1861 402 1912; x_wconf 82' lang='lat' dir='ltr'><strong>hio</strong></span> <span class='ocrx_word' id='word_1_114' title='bbox 415 1867 588 1927; x_wconf 90' lang='lat' dir='ltr'><strong>memoratur,</strong></span> <span class='ocrx_word' id='word_1_115' title='bbox 600 1861 695 1928; x_wconf 86' lang='lat' dir='ltr'><strong>procul</strong></span> <span class='ocrx_word' id='word_1_116' title='bbox 743 1862 823 1930; x_wconf 86' lang='lat' dir='ltr'><strong>plura</strong></span> <span class='ocrx_word' id='word_1_117' title='bbox 836 1868 982 1916; x_wconf 84' lang='lat' dir='ltr'><strong>testantur.</strong></span> <span class='ocrx_word' id='word_1_118' title='bbox 1019 1865 1071 1917; x_wconf 80' lang='lat' dir='ltr'><strong>Sed</strong></span> <span class='ocrx_word' id='word_1_119' title='bbox 1088 1865 1162 1917; x_wconf 89' lang='lat' dir='ltr'><strong>hand</strong></span> <span class='ocrx_word' id='word_1_120' title='bbox 1176 1866 1233 1917; x_wconf 87' lang='lat' dir='ltr'><strong>scio</strong></span> <span class='ocrx_word' id='word_1_121' title='bbox 1251 1881 1287 1916; x_wconf 88' lang='lat' dir='ltr'><strong>an</strong></span> 
     </span>
    </p>
   </div>
   <div class='ocr_carea' id='block_1_4' title="bbox 147 1931 1284 2070">
    <p class='ocr_par' dir='ltr' id='par_1_4' title="bbox 147 1931 1284 2070">
     <span class='ocr_line' id='line_1_16' title="bbox 147 1931 1284 2000; baseline 0.004 -18"><span class='ocrx_word' id='word_1_122' title='bbox 147 1933 288 1984; x_wconf 84' lang='lat' dir='ltr'><strong>dnbioest</strong></span> <span class='ocrx_word' id='word_1_123' title='bbox 305 1946 375 1982; x_wconf 89' lang='lat' dir='ltr'><strong>unus</strong></span> <span class='ocrx_word' id='word_1_124' title='bbox 392 1931 585 1997; x_wconf 86' lang='lat' dir='ltr'><strong>illeeseptem</strong></span> <span class='ocrx_word' id='word_1_125' title='bbox 600 1934 694 1983; x_wconf 92' lang='lat' dir='ltr'><strong>coniu-</strong></span> <span class='ocrx_word' id='word_1_126' title='bbox 744 1933 856 1984; x_wconf 86' lang='lat' dir='ltr'><strong>nimium</strong></span> <span class='ocrx_word' id='word_1_127' title='bbox 883 1935 983 1986; x_wconf 85' lang='lat' dir='ltr'><strong>viderit</strong></span> <span class='ocrx_word' id='word_1_128' title='bbox 1011 1936 1054 1986; x_wconf 88' lang='lat' dir='ltr'><strong>vir</strong></span> <span class='ocrx_word' id='word_1_129' title='bbox 1081 1936 1284 2000; x_wconf 86' lang='lat' dir='ltr'><strong>sagacissimus.</strong></span> 
     </span>
     <span class='ocr_line' id='line_1_17' title="bbox 147 2002 1284 2070; baseline 0.001 -17"><span class='ocrx_word' id='word_1_130' title='bbox 147 2005 236 2063; x_wconf 84' lang='lat' dir='ltr'><strong>retis,</strong></span> <span class='ocrx_word' id='word_1_131' title='bbox 253 2003 360 2066; x_wconf 85' lang='lat' dir='ltr'><strong>dequo</strong></span> <span class='ocrx_word' id='word_1_132' title='bbox 381 2002 410 2051; x_wconf 94' lang='lat' dir='ltr'><strong>in</strong></span> <span class='ocrx_word' id='word_1_133' title='bbox 423 2003 548 2053; x_wconf 82' lang='lat' dir='ltr'><strong>Excursu</strong></span> <span class='ocrx_word' id='word_1_134' title='bbox 563 2004 595 2052; x_wconf 88' lang='lat' dir='ltr'><strong>T.</strong></span> <span class='ocrx_word' id='word_1_135' title='bbox 609 2003 648 2052; x_wconf 90' lang='grc' dir='ltr'><strong>ΙΙ.</strong></span> <span class='ocrx_word' id='word_1_136' title='bbox 664 2017 692 2067; x_wconf 86' lang='lat' dir='ltr'><strong>p.</strong></span> <span class='ocrx_word' id='word_1_137' title='bbox 742 2005 867 2069; x_wconf 89' lang='lat' dir='ltr'><strong>Namque</strong></span> <span class='ocrx_word' id='word_1_138' title='bbox 887 2021 943 2054; x_wconf 89' lang='lat' dir='ltr'><strong>nou</strong></span> <span class='ocrx_word' id='word_1_139' title='bbox 964 2011 1020 2054; x_wconf 89' lang='lat' dir='ltr'><strong>tam</strong></span> <span class='ocrx_word' id='word_1_140' title='bbox 1038 2004 1197 2070; x_wconf 73' lang='lat' dir='ltr'><strong>praelegens</strong></span> <span class='ocrx_word' id='word_1_141' title='bbox 1217 2020 1284 2069; x_wconf 85' lang='lat' dir='ltr'><strong>opus</strong></span> 
     </span>
    </p>
   </div>
   <div class='ocr_carea' id='block_1_5' title="bbox 146 2071 691 2136">
    <p class='ocr_par' dir='ltr' id='par_1_5' title="bbox 146 2071 691 2136">
     <span class='ocr_line' id='line_1_18' title="bbox 146 2071 691 2136; baseline 0.004 -14"><span class='ocrx_word' id='word_1_142' title='bbox 146 2073 198 2122; x_wconf 80' lang='lat'><strong>078</strong></span> <span class='ocrx_word' id='word_1_143' title='bbox 214 2072 250 2123; x_wconf 89' lang='lat' dir='ltr'><strong>ad</strong></span> <span class='ocrx_word' id='word_1_144' title='bbox 263 2071 321 2134; x_wconf 89' lang='lat'>111,</span> <span class='ocrx_word' id='word_1_145' title='bbox 332 2071 374 2124; x_wconf 81' lang='lat'><strong>70.</strong></span> <span class='ocrx_word' id='word_1_146' title='bbox 398 2071 476 2121; x_wconf 83' lang='lat' dir='ltr'>Unde</span> <span class='ocrx_word' id='word_1_147' title='bbox 490 2073 564 2136; x_wconf 81' lang='lat' dir='ltr'><strong>apud</strong></span> <span class='ocrx_word' id='word_1_148' title='bbox 578 2071 691 2124; x_wconf 87' lang='lat' dir='ltr'><strong>Diodor.</strong></span> 
     </span>
    </p>
   </div>
   <div class='ocr_carea' id='block_1_6' title="bbox 146 2140 694 2206">
    <p class='ocr_par' dir='ltr' id='par_1_6' title="bbox 146 2140 694 2206">
     <span class='ocr_line' id='line_1_19' title="bbox 146 2140 694 2206; baseline -0.004 -14"><span class='ocrx_word' id='word_1_149' title='bbox 146 2143 195 2206; x_wconf 83' lang='lat' dir='ltr'><strong>XI,</strong></span> <span class='ocrx_word' id='word_1_150' title='bbox 209 2143 222 2192; x_wconf 95' lang='lat' dir='ltr'><strong>l</strong></span> <span class='ocrx_word' id='word_1_151' title='bbox 235 2141 397 2191; x_wconf 87' lang='lat' dir='ltr'><strong>Mardonius</strong></span> <span class='ocrx_word' id='word_1_152' title='bbox 405 2140 636 2206; x_wconf 83' lang='lat' dir='ltr'><strong>(Gobryaetilins)</strong></span> <span class='ocrx_word' id='word_1_153' title='bbox 647 2158 694 2191; x_wconf 86' lang='lat' dir='ltr'><strong>vo·</strong></span> 
     </span>
    </p>
   </div>
   <div class='ocr_carea' id='block_1_7' title="bbox 144 2202 692 2901">
    <p class='ocr_par' dir='ltr' id='par_1_7' title="bbox 144 2202 692 2693">
     <span class='ocr_line' id='line_1_20' title="bbox 145 2202 690 2274; baseline -0.006 -12"><span class='ocrx_word' id='word_1_154' title='bbox 145 2218 226 2263; x_wconf 86' lang='lat' dir='ltr'><strong>catur</strong></span> <span class='ocrx_word' id='word_1_155' title='bbox 236 2211 339 2261; x_wconf 79' lang='lat' dir='ltr'>Xerxis</span> <span class='ocrx_word' id='word_1_156' title='bbox 350 2202 471 2272; x_wconf 75' lang='grc' dir='ltr'><strong><em>ἀνεψιὸς</em></strong></span> <span class='ocrx_word' id='word_1_157' title='bbox 484 2208 530 2259; x_wconf 79' lang='grc' dir='ltr'><strong><em>καί</em></strong></span> <span class='ocrx_word' id='word_1_158' title='bbox 543 2202 690 2274; x_wconf 83' lang='grc' dir='ltr'><strong><em>κηδεστής.</em></strong></span> 
     </span>
     <span class='ocr_line' id='line_1_21' title="bbox 144 2279 692 2344; baseline -0.002 -13"><span class='ocrx_word' id='word_1_159' title='bbox 144 2282 248 2331; x_wconf 84' lang='lat' dir='ltr'><strong>Incidit</strong></span> <span class='ocrx_word' id='word_1_160' title='bbox 267 2285 359 2330; x_wconf 86' lang='lat' dir='ltr'><strong>autem</strong></span> <span class='ocrx_word' id='word_1_161' title='bbox 374 2279 443 2329; x_wconf 88' lang='lat' dir='ltr'><strong>haec</strong></span> <span class='ocrx_word' id='word_1_162' title='bbox 456 2279 594 2330; x_wconf 87' lang='lat' dir='ltr'><strong>Mardonii</strong></span> <span class='ocrx_word' id='word_1_163' title='bbox 613 2295 692 2344; x_wconf 82' lang='lat' dir='ltr'><strong>expe·</strong></span> 
     </span>
     <span class='ocr_line' id='line_1_22' title="bbox 146 2348 692 2414; baseline -0.005 -13"><span class='ocrx_word' id='word_1_164' title='bbox 146 2352 213 2401; x_wconf 89' lang='lat' dir='ltr'><strong>ditio</strong></span> <span class='ocrx_word' id='word_1_165' title='bbox 227 2352 259 2399; x_wconf 91' lang='lat' dir='ltr'><strong>in</strong></span> <span class='ocrx_word' id='word_1_166' title='bbox 271 2364 371 2400; x_wconf 76' lang='lat' dir='ltr'><strong>mnum</strong></span> <span class='ocrx_word' id='word_1_167' title='bbox 384 2349 435 2401; x_wconf 76' lang='lat'><strong>492</strong></span> <span class='ocrx_word' id='word_1_168' title='bbox 446 2365 473 2401; x_wconf 87' lang='lat' dir='ltr'><strong>a.</strong></span> <span class='ocrx_word' id='word_1_169' title='bbox 486 2348 549 2400; x_wconf 84' lang='lat' dir='ltr'><strong>Chr.</strong></span> <span class='ocrx_word' id='word_1_170' title='bbox 560 2366 601 2406; x_wconf 83' lang='lat' dir='ltr'><strong>n.;</strong></span> <span class='ocrx_word' id='word_1_171' title='bbox 621 2350 692 2414; x_wconf 88' lang='lat' dir='ltr'><strong>quod</strong></span> 
     </span>
     <span class='ocr_line' id='line_1_23' title="bbox 145 2418 691 2486; baseline -0.007 -15"><span class='ocrx_word' id='word_1_172' title='bbox 145 2421 273 2486; x_wconf 87' lang='lat' dir='ltr'><strong>sequitur</strong></span> <span class='ocrx_word' id='word_1_173' title='bbox 289 2436 323 2469; x_wconf 76' lang='lat' dir='ltr'><strong>ex</strong></span> <span class='ocrx_word' id='word_1_174' title='bbox 336 2419 384 2479; x_wconf 85' lang='lat' dir='ltr'><strong>ils,</strong></span> <span class='ocrx_word' id='word_1_175' title='bbox 405 2433 474 2482; x_wconf 91' lang='lat' dir='ltr'><strong>qnae</strong></span> <span class='ocrx_word' id='word_1_176' title='bbox 487 2418 522 2468; x_wconf 89' lang='lat' dir='ltr'><strong>ad</strong></span> <span class='ocrx_word' id='word_1_177' title='bbox 536 2419 584 2480; x_wconf 89' lang='lat' dir='ltr'><strong>VI,</strong></span> <span class='ocrx_word' id='word_1_178' title='bbox 601 2419 633 2468; x_wconf 81' lang='lat' dir='ltr'><strong>ts</strong></span> <span class='ocrx_word' id='word_1_179' title='bbox 646 2433 691 2482; x_wconf 86' lang='lat' dir='ltr'><strong>po-</strong></span> 
     </span>
     <span class='ocr_line' id='line_1_24' title="bbox 144 2486 692 2553; baseline -0.004 -13"><span class='ocrx_word' id='word_1_180' title='bbox 144 2492 267 2540; x_wconf 80' lang='lat' dir='ltr'>suimus:</span> <span class='ocrx_word' id='word_1_181' title='bbox 291 2490 339 2553; x_wconf 90' lang='lat' dir='ltr'><strong>qui</strong></span> <span class='ocrx_word' id='word_1_182' title='bbox 361 2486 486 2538; x_wconf 86' lang='lat' dir='ltr'><strong>Miletum</strong></span> <span class='ocrx_word' id='word_1_183' title='bbox 510 2495 621 2552; x_wconf 87' lang='lat' dir='ltr'><strong>captam</strong></span> <span class='ocrx_word' id='word_1_184' title='bbox 645 2503 692 2551; x_wconf 87' lang='grc' dir='ltr'><strong>μο-</strong></span> 
     </span>
     <span class='ocr_line' id='line_1_25' title="bbox 144 2556 691 2621; baseline -0.005 -11"><span class='ocrx_word' id='word_1_185' title='bbox 144 2567 210 2611; x_wconf 88' lang='lat' dir='ltr'><strong>nunt</strong></span> <span class='ocrx_word' id='word_1_186' title='bbox 223 2573 300 2612; x_wconf 85' lang='lat' dir='ltr'><strong>anno</strong></span> <span class='ocrx_word' id='word_1_187' title='bbox 313 2557 365 2610; x_wconf 85' lang='grc'><strong>496</strong></span> <span class='ocrx_word' id='word_1_188' title='bbox 377 2561 442 2609; x_wconf 86' lang='lat' dir='ltr'><strong>ante</strong></span> <span class='ocrx_word' id='word_1_189' title='bbox 456 2556 518 2607; x_wconf 85' lang='lat' dir='ltr'><strong>Chr.</strong></span> <span class='ocrx_word' id='word_1_190' title='bbox 530 2574 572 2621; x_wconf 81' lang='lat' dir='ltr'><strong>n.‚</strong></span> <span class='ocrx_word' id='word_1_191' title='bbox 590 2572 691 2608; x_wconf 90' lang='lat' dir='ltr'><strong>annum</strong></span> 
     </span>
     <span class='ocr_line' id='line_1_26' title="bbox 144 2630 555 2693; baseline -0.012 -12"><span class='ocrx_word' id='word_1_192' title='bbox 144 2633 193 2683; x_wconf 84' lang='grc'><strong>494</strong></span> <span class='ocrx_word' id='word_1_193' title='bbox 204 2630 252 2681; x_wconf 87' lang='lat' dir='ltr'><strong>hio</strong></span> <span class='ocrx_word' id='word_1_194' title='bbox 264 2643 367 2693; x_wconf 89' lang='lat' dir='ltr'><strong>ponere</strong></span> <span class='ocrx_word' id='word_1_195' title='bbox 380 2643 492 2679; x_wconf 84' lang='lat' dir='ltr'><strong>necesse</strong></span> <span class='ocrx_word' id='word_1_196' title='bbox 504 2633 555 2678; x_wconf 90' lang='lat' dir='ltr'><strong>est.</strong></span> 
     </span>
    </p>

    <p class='ocr_par' dir='ltr' id='par_1_8' title="bbox 144 2689 691 2901">
     <span class='ocr_line' id='line_1_27' title="bbox 183 2689 691 2762; baseline -0.008 -13"><span class='ocrx_word' id='word_1_197' title='bbox 183 2698 295 2749; x_wconf 82' lang='grc' dir='ltr'><strong><em>πολλὸν</em></strong></span> <span class='ocrx_word' id='word_1_198' title='bbox 316 2690 348 2745; x_wconf 78' lang='grc' dir='ltr'><strong>δὲ</strong></span> <span class='ocrx_word' id='word_1_199' title='bbox 367 2689 513 2762; x_wconf 76' lang='grc' dir='ltr'><strong><em>ναυτικὸν]</em></strong></span> <span class='ocrx_word' id='word_1_200' title='bbox 540 2698 691 2747; x_wconf 80' lang='lat' dir='ltr'><strong>exereitum</strong></span> 
     </span>
     <span class='ocr_line' id='line_1_28' title="bbox 146 2768 690 2835; baseline -0.007 -16"><span class='ocrx_word' id='word_1_201' title='bbox 146 2769 276 2835; x_wconf 81' lang='lat' dir='ltr'><strong>intelligit</strong></span> <span class='ocrx_word' id='word_1_202' title='bbox 286 2770 370 2830; x_wconf 72' lang='grc' dir='ltr'><strong><em>τιμίων</em></strong></span> <span class='ocrx_word' id='word_1_203' title='bbox 381 2768 418 2816; x_wconf 80' lang='lat' dir='ltr'><strong>ud</strong></span> <span class='ocrx_word' id='word_1_204' title='bbox 427 2768 632 2818; x_wconf 74' lang='lat' dir='ltr'><em>conscendendas</em></span> <span class='ocrx_word' id='word_1_205' title='bbox 643 2784 690 2815; x_wconf 88' lang='lat' dir='ltr'><strong>na·</strong></span> 
     </span>
     <span class='ocr_line' id='line_1_29' title="bbox 144 2836 689 2901; baseline -0.007 -13"><span class='ocrx_word' id='word_1_206' title='bbox 144 2856 197 2901; x_wconf 82' lang='lat' dir='ltr'><strong>res,</strong></span> <span class='ocrx_word' id='word_1_207' title='bbox 222 2845 254 2889; x_wconf 91' lang='lat' dir='ltr'><strong>ut</strong></span> <span class='ocrx_word' id='word_1_208' title='bbox 271 2843 347 2888; x_wconf 83' lang='lat' dir='ltr'><strong>recto</strong></span> <span class='ocrx_word' id='word_1_209' title='bbox 367 2839 562 2901; x_wconf 86' lang='lat' dir='ltr'><strong>interpretetur</strong></span> <span class='ocrx_word' id='word_1_210' title='bbox 583 2836 689 2885; x_wconf 83' lang='lat' dir='ltr'><strong>Casan-</strong></span> 
     </span>
    </p>
   </div>
   <div class='ocr_carea' id='block_1_8' title="bbox 145 2903 688 2970">
    <p class='ocr_par' dir='ltr' id='par_1_9' title="bbox 145 2903 688 2970">
     <span class='ocr_line' id='line_1_30' title="bbox 145 2903 688 2970; baseline -0.011 -11"><span class='ocrx_word' id='word_1_211' title='bbox 145 2909 205 2959; x_wconf 89' lang='lat' dir='ltr'><strong>bou.</strong></span> <span class='ocrx_word' id='word_1_212' title='bbox 220 2908 257 2958; x_wconf 92' lang='lat' dir='ltr'><strong>ad</strong></span> <span class='ocrx_word' id='word_1_213' title='bbox 273 2907 403 2958; x_wconf 84' lang='lat' dir='ltr'><strong>Strabon.</strong></span> <span class='ocrx_word' id='word_1_214' title='bbox 416 2906 438 2957; x_wconf 91' lang='lat'><strong>1.</strong></span> <span class='ocrx_word' id='word_1_215' title='bbox 450 2922 477 2970; x_wconf 90' lang='lat' dir='ltr'><strong>p.</strong></span> <span class='ocrx_word' id='word_1_216' title='bbox 493 2908 527 2956; x_wconf 90' lang='grc'><strong>47</strong></span> <span class='ocrx_word' id='word_1_217' title='bbox 542 2921 563 2955; x_wconf 84' lang='lat' dir='ltr'><strong>a.</strong></span> <span class='ocrx_word' id='word_1_218' title='bbox 579 2903 688 2957; x_wconf 78' lang='lat'>820011.</span> 
     </span>
    </p>
   </div>
   <div class='ocr_carea' id='block_1_9' title="bbox 738 2073 1285 2956">
    <p class='ocr_par' dir='ltr' id='par_1_10' title="bbox 738 2073 1285 2956">
     <span class='ocr_line' id='line_1_31' title="bbox 743 2073 1285 2139; baseline 0.002 -17"><span class='ocrx_word' id='word_1_219' title='bbox 743 2087 822 2123; x_wconf 88' lang='lat' dir='ltr'><strong>suum</strong></span> <span class='ocrx_word' id='word_1_220' title='bbox 837 2073 965 2137; x_wconf 82' lang='lat' dir='ltr'><strong>Graecis,</strong></span> <span class='ocrx_word' id='word_1_221' title='bbox 987 2090 1068 2139; x_wconf 87' lang='lat' dir='ltr'><strong>quam</strong></span> <span class='ocrx_word' id='word_1_222' title='bbox 1087 2074 1285 2139; x_wconf 85' lang='lat' dir='ltr'><strong>perscrutando</strong></span> 
     </span>
     <span class='ocr_line' id='line_1_32' title="bbox 743 2141 1285 2209; baseline 0.006 -19"><span class='ocrx_word' id='word_1_223' title='bbox 743 2141 853 2206; x_wconf 84' lang='lat' dir='ltr'><strong>singula</strong></span> <span class='ocrx_word' id='word_1_224' title='bbox 863 2147 891 2194; x_wconf 89' lang='lat' dir='ltr'><strong>et</strong></span> <span class='ocrx_word' id='word_1_225' title='bbox 901 2158 934 2194; x_wconf 86' lang='lat' dir='ltr'><strong>ex</strong></span> <span class='ocrx_word' id='word_1_226' title='bbox 945 2144 1070 2194; x_wconf 88' lang='lat' dir='ltr'><strong>omnibus</strong></span> <span class='ocrx_word' id='word_1_227' title='bbox 1083 2143 1237 2209; x_wconf 82' lang='lat' dir='ltr'><strong>quaerendo</strong></span> <span class='ocrx_word' id='word_1_228' title='bbox 1250 2143 1285 2193; x_wconf 82' lang='lat' dir='ltr'><strong>od</strong></span> 
     </span>
     <span class='ocr_line' id='line_1_33' title="bbox 743 2212 1284 2279; baseline 0.004 -19"><span class='ocrx_word' id='word_1_229' title='bbox 743 2214 885 2262; x_wconf 79' lang='lat' dir='ltr'>materiem</span> <span class='ocrx_word' id='word_1_230' title='bbox 898 2214 987 2278; x_wconf 85' lang='lat' dir='ltr'><strong>operis</strong></span> <span class='ocrx_word' id='word_1_231' title='bbox 1002 2213 1182 2279; x_wconf 76' lang='lat' dir='ltr'><strong>colligendam</strong></span> <span class='ocrx_word' id='word_1_232' title='bbox 1197 2212 1284 2263; x_wconf 83' lang='lat' dir='ltr'><strong>ineos</strong></span> 
     </span>
     <span class='ocr_line' id='line_1_34' title="bbox 742 2281 1284 2347; baseline 0.002 -18"><span class='ocrx_word' id='word_1_233' title='bbox 742 2281 863 2333; x_wconf 89' lang='lat' dir='ltr'><strong>incidere</strong></span> <span class='ocrx_word' id='word_1_234' title='bbox 878 2283 968 2347; x_wconf 87' lang='lat' dir='ltr'><strong>potuit</strong></span> <span class='ocrx_word' id='word_1_235' title='bbox 982 2284 1116 2345; x_wconf 84' lang='lat' dir='ltr'><strong>Graecos,</strong></span> <span class='ocrx_word' id='word_1_236' title='bbox 1138 2283 1185 2345; x_wconf 90' lang='lat' dir='ltr'><strong>qni</strong></span> <span class='ocrx_word' id='word_1_237' title='bbox 1203 2282 1284 2331; x_wconf 88' lang='lat' dir='ltr'><strong>aliter</strong></span> 
     </span>
     <span class='ocr_line' id='line_1_35' title="bbox 742 2351 1284 2415; baseline 0.004 -16"><span class='ocrx_word' id='word_1_238' title='bbox 742 2355 827 2415; x_wconf 82' lang='lat' dir='ltr'><strong>atque</strong></span> <span class='ocrx_word' id='word_1_239' title='bbox 843 2354 902 2415; x_wconf 88' lang='lat' dir='ltr'><strong>ipse</strong></span> <span class='ocrx_word' id='word_1_240' title='bbox 920 2352 953 2402; x_wconf 88' lang='lat' dir='ltr'><strong>de</strong></span> <span class='ocrx_word' id='word_1_241' title='bbox 972 2351 1013 2401; x_wconf 87' lang='lat' dir='ltr'><strong>his</strong></span> <span class='ocrx_word' id='word_1_242' title='bbox 1031 2352 1175 2404; x_wconf 88' lang='lat' dir='ltr'><strong>sentirent.</strong></span> <span class='ocrx_word' id='word_1_243' title='bbox 1207 2351 1284 2401; x_wconf 83' lang='lat' dir='ltr'><strong>Inter</strong></span> 
     </span>
     <span class='ocr_line' id='line_1_36' title="bbox 742 2418 1283 2472; baseline 0.004 -5"><span class='ocrx_word' id='word_1_244' title='bbox 742 2418 792 2469; x_wconf 86' lang='lat' dir='ltr'><strong>hos</strong></span> <span class='ocrx_word' id='word_1_245' title='bbox 810 2425 901 2470; x_wconf 87' lang='lat' dir='ltr'><strong>antem</strong></span> <span class='ocrx_word' id='word_1_246' title='bbox 917 2421 1038 2472; x_wconf 81' lang='lat' dir='ltr'><strong>Graecos</strong></span> <span class='ocrx_word' id='word_1_247' title='bbox 1050 2421 1220 2472; x_wconf 76' lang='lat' dir='ltr'><strong>Hecataeum</strong></span> <span class='ocrx_word' id='word_1_248' title='bbox 1232 2420 1283 2470; x_wconf 89' lang='lat' dir='ltr'><strong>Mi-</strong></span> 
     </span>
     <span class='ocr_line' id='line_1_37' title="bbox 742 2487 1281 2555; baseline 0.009 -20"><span class='ocrx_word' id='word_1_249' title='bbox 742 2487 838 2539; x_wconf 86' lang='lat' dir='ltr'><strong>lesium</strong></span> <span class='ocrx_word' id='word_1_250' title='bbox 855 2490 940 2541; x_wconf 82' lang='lat' dir='ltr'><strong>fuisse</strong></span> <span class='ocrx_word' id='word_1_251' title='bbox 962 2491 1129 2555; x_wconf 87' lang='lat' dir='ltr'><strong>eundemque</strong></span> <span class='ocrx_word' id='word_1_252' title='bbox 1148 2488 1201 2539; x_wconf 90' lang='lat' dir='ltr'><strong>hoc</strong></span> <span class='ocrx_word' id='word_1_253' title='bbox 1221 2487 1281 2540; x_wconf 87' lang='lat' dir='ltr'><strong>loco</strong></span> 
     </span>
     <span class='ocr_line' id='line_1_38' title="bbox 740 2558 1283 2624; baseline 0.002 -16"><span class='ocrx_word' id='word_1_254' title='bbox 740 2558 818 2624; x_wconf 89' lang='lat' dir='ltr'><strong>tangi</strong></span> <span class='ocrx_word' id='word_1_255' title='bbox 829 2559 958 2610; x_wconf 83' lang='lat' dir='ltr'><strong>Crennori</strong></span> <span class='ocrx_word' id='word_1_256' title='bbox 974 2562 1112 2611; x_wconf 86' lang='lat' dir='ltr'><strong>sententie</strong></span> <span class='ocrx_word' id='word_1_257' title='bbox 1128 2563 1170 2610; x_wconf 89' lang='lat' dir='ltr'><strong>est</strong></span> <span class='ocrx_word' id='word_1_258' title='bbox 1185 2573 1283 2624; x_wconf 86' lang='lat' dir='ltr'><strong>propo-</strong></span> 
     </span>
     <span class='ocr_line' id='line_1_39' title="bbox 740 2628 1280 2680; baseline -0.002 -2"><span class='ocrx_word' id='word_1_259' title='bbox 740 2629 798 2678; x_wconf 85' lang='lat' dir='ltr'><strong>sita</strong></span> <span class='ocrx_word' id='word_1_260' title='bbox 814 2630 856 2678; x_wconf 85' lang='lat' dir='ltr'><strong>in:</strong></span> <span class='ocrx_word' id='word_1_261' title='bbox 879 2630 986 2680; x_wconf 81' lang='lat' dir='ltr'><strong>Hister.</strong></span> <span class='ocrx_word' id='word_1_262' title='bbox 1002 2631 1094 2679; x_wconf 88' lang='lat' dir='ltr'><strong>Knnst</strong></span> <span class='ocrx_word' id='word_1_263' title='bbox 1112 2629 1160 2677; x_wconf 88' lang='lat' dir='ltr'><strong>der</strong></span> <span class='ocrx_word' id='word_1_264' title='bbox 1172 2628 1280 2678; x_wconf 83' lang='lat' dir='ltr'><strong>Griech.</strong></span> 
     </span>
     <span class='ocr_line' id='line_1_40' title="bbox 740 2697 1284 2762; baseline 0 -16"><span class='ocrx_word' id='word_1_265' title='bbox 740 2713 805 2761; x_wconf 87' lang='lat' dir='ltr'><strong>pag.</strong></span> <span class='ocrx_word' id='word_1_266' title='bbox 817 2698 867 2749; x_wconf 77' lang='lat'><strong>283</strong></span> <span class='ocrx_word' id='word_1_267' title='bbox 883 2698 925 2749; x_wconf 88' lang='lat' dir='ltr'><strong>ed.</strong></span> <span class='ocrx_word' id='word_1_268' title='bbox 940 2713 993 2748; x_wconf 89' lang='lat' dir='ltr'><strong>seo.</strong></span> <span class='ocrx_word' id='word_1_269' title='bbox 1019 2700 1051 2748; x_wconf 87' lang='lat' dir='ltr'><strong>In</strong></span> <span class='ocrx_word' id='word_1_270' title='bbox 1065 2697 1133 2762; x_wconf 87' lang='lat' dir='ltr'><strong>ipsis</strong></span> <span class='ocrx_word' id='word_1_271' title='bbox 1147 2697 1284 2746; x_wconf 80' lang='lat' dir='ltr'><strong>Herodoti</strong></span> 
     </span>
     <span class='ocr_line' id='line_1_41' title="bbox 741 2765 1281 2831; baseline 0.002 -17"><span class='ocrx_word' id='word_1_272' title='bbox 741 2767 832 2816; x_wconf 86' lang='lat' dir='ltr'><strong>verbis</strong></span> <span class='ocrx_word' id='word_1_273' title='bbox 846 2769 892 2817; x_wconf 87' lang='lat' dir='ltr'><strong>vix</strong></span> <span class='ocrx_word' id='word_1_274' title='bbox 903 2768 1008 2817; x_wconf 90' lang='lat' dir='ltr'><strong>monitu</strong></span> <span class='ocrx_word' id='word_1_275' title='bbox 1018 2781 1086 2831; x_wconf 88' lang='lat' dir='ltr'><strong>opus</strong></span> <span class='ocrx_word' id='word_1_276' title='bbox 1096 2768 1156 2825; x_wconf 85' lang='lat' dir='ltr'><strong>erit,</strong></span> <span class='ocrx_word' id='word_1_277' title='bbox 1171 2765 1281 2816; x_wconf 84' lang='lat' dir='ltr'><strong>averbo</strong></span> 
     </span>
     <span class='ocr_line' id='line_1_42' title="bbox 738 2826 1282 2901; baseline 0.002 -18"><span class='ocrx_word' id='word_1_278' title='bbox 738 2826 977 2900; x_wconf 76' lang='grc' dir='ltr'><strong><em>ἀποδεκομένοισι</em></strong></span> <span class='ocrx_word' id='word_1_279' title='bbox 998 2835 1081 2901; x_wconf 82' lang='grc' dir='ltr'><strong><em>(ηνοδ</em></strong></span> <span class='ocrx_word' id='word_1_280' title='bbox 1094 2837 1121 2885; x_wconf 84' lang='grc' dir='ltr'><strong><em>ἰν</em></strong></span> <span class='ocrx_word' id='word_1_281' title='bbox 1136 2829 1282 2897; x_wconf 79' lang='grc' dir='ltr'><strong><em>ἐνδεκομέ-</em></strong></span> 
     </span>
     <span class='ocr_line' id='line_1_43' title="bbox 740 2905 1282 2956; baseline 0.002 -3"><span class='ocrx_word' id='word_1_282' title='bbox 740 2918 815 2954; x_wconf 87' lang='grc' dir='ltr'><strong><em>νοισι</em></strong></span> <span class='ocrx_word' id='word_1_283' title='bbox 833 2910 967 2956; x_wconf 87' lang='lat' dir='ltr'><strong>mutatum</strong></span> <span class='ocrx_word' id='word_1_284' title='bbox 986 2905 1045 2956; x_wconf 83' lang='lat' dir='ltr'><strong>vult</strong></span> <span class='ocrx_word' id='word_1_285' title='bbox 1060 2905 1152 2956; x_wconf 84' lang='lat' dir='ltr'><strong>Naber</strong></span> <span class='ocrx_word' id='word_1_286' title='bbox 1167 2905 1196 2953; x_wconf 90' lang='lat' dir='ltr'><strong>in</strong></span> <span class='ocrx_word' id='word_1_287' title='bbox 1208 2905 1282 2954; x_wconf 87' lang='lat' dir='ltr'><strong>Mne-</strong></span> 
     </span>
    </p>
   </div>
   <div class='ocr_carea' id='block_1_10' title="bbox 143 2975 1283 4505">
    <p class='ocr_par' dir='ltr' id='par_1_11' title="bbox 143 2975 1283 4505">
     <span class='ocr_line' id='line_1_44' title="bbox 145 2975 690 3038; baseline -0.007 -11"><span class='ocrx_word' id='word_1_288' title='bbox 145 2977 258 3029; x_wconf 84' lang='lat' dir='ltr'><strong>Stanlei.</strong></span> <span class='ocrx_word' id='word_1_289' title='bbox 271 2978 309 3027; x_wconf 87' lang='lat' dir='ltr'><strong>ad</strong></span> <span class='ocrx_word' id='word_1_290' title='bbox 319 2976 448 3038; x_wconf 82' lang='lat' dir='ltr'><strong>Aeschyli</strong></span> <span class='ocrx_word' id='word_1_291' title='bbox 457 2977 533 3026; x_wconf 84' lang='lat' dir='ltr'><strong>Pers.</strong></span> <span class='ocrx_word' id='word_1_292' title='bbox 544 2977 576 3025; x_wconf 75' lang='lat' dir='ltr'><strong>oe</strong></span> <span class='ocrx_word' id='word_1_293' title='bbox 587 2990 603 3023; x_wconf 90' lang='lat' dir='ltr'><strong>a</strong></span> <span class='ocrx_word' id='word_1_294' title='bbox 613 2975 690 3024; x_wconf 85' lang='lat' dir='ltr'><strong>Wes-</strong></span> 
     </span>
     <span class='ocr_line' id='line_1_45' title="bbox 144 3045 688 3113; baseline -0.004 -18"><span class='ocrx_word' id='word_1_295' title='bbox 144 3048 260 3113; x_wconf 85' lang='lat' dir='ltr'><strong>eelingio</strong></span> <span class='ocrx_word' id='word_1_296' title='bbox 275 3045 389 3096; x_wconf 87' lang='lat' dir='ltr'><strong>allatus.</strong></span> <span class='ocrx_word' id='word_1_297' title='bbox 415 3047 508 3109; x_wconf 84' lang='lat' dir='ltr'><strong>Neque</strong></span> <span class='ocrx_word' id='word_1_298' title='bbox 521 3046 591 3096; x_wconf 89' lang='lat' dir='ltr'><strong>enim</strong></span> <span class='ocrx_word' id='word_1_299' title='bbox 603 3059 688 3093; x_wconf 84' lang='lat' dir='ltr'><strong>noves</strong></span> 
     </span>
     <span class='ocr_line' id='line_1_46' title="bbox 143 3106 1281 3179; baseline -0.004 -15"><span class='ocrx_word' id='word_1_300' title='bbox 143 3117 215 3179; x_wconf 83' lang='lat' dir='ltr'><strong>ipsas</strong></span> <span class='ocrx_word' id='word_1_301' title='bbox 235 3131 371 3167; x_wconf 86' lang='lat' dir='ltr'><strong>unacum</strong></span> <span class='ocrx_word' id='word_1_302' title='bbox 391 3116 483 3165; x_wconf 87' lang='lat' dir='ltr'><strong>nautis</strong></span> <span class='ocrx_word' id='word_1_303' title='bbox 501 3130 516 3164; x_wconf 88' lang='lat' dir='ltr'><strong>e</strong></span> <span class='ocrx_word' id='word_1_304' title='bbox 531 3113 643 3165; x_wconf 89' lang='lat' dir='ltr'><strong>Perside</strong></span> <span class='ocrx_word' id='word_1_305' title='bbox 660 3113 688 3161; x_wconf 94' lang='lat' dir='ltr'><strong>in</strong></span> <span class='ocrx_word' id='word_1_306' title='bbox 739 3112 814 3161; x_wconf 80' lang='grc' dir='ltr'><strong><em>τοῖσι</em></strong></span> <span class='ocrx_word' id='word_1_307' title='bbox 827 3106 1062 3173; x_wconf 77' lang='grc' dir='ltr'><strong><em>εντα-Πέρσας.</em></strong></span> <span class='ocrx_word' id='word_1_308' title='bbox 1087 3114 1157 3162; x_wconf 90' lang='lat' dir='ltr'><strong>Nam</strong></span> <span class='ocrx_word' id='word_1_309' title='bbox 1170 3126 1281 3161; x_wconf 84' lang='lat' dir='ltr'><strong>remmo-</strong></span> 
     </span>
     <span class='ocr_line' id='line_1_47' title="bbox 146 3182 1281 3247; baseline -0.004 -12"><span class='ocrx_word' id='word_1_310' title='bbox 146 3187 269 3237; x_wconf 81' lang='lat' dir='ltr'><strong>Ciliciam</strong></span> <span class='ocrx_word' id='word_1_311' title='bbox 283 3185 382 3235; x_wconf 86' lang='lat' dir='ltr'><strong>ducere</strong></span> <span class='ocrx_word' id='word_1_312' title='bbox 396 3184 496 3247; x_wconf 87' lang='lat' dir='ltr'><strong>potnit.</strong></span> <span class='ocrx_word' id='word_1_313' title='bbox 738 3184 901 3232; x_wconf 76' lang='lat' dir='ltr'><strong>xinernirurn</strong></span> <span class='ocrx_word' id='word_1_314' title='bbox 915 3199 943 3232; x_wconf 81' lang='lat' dir='ltr'><strong>re</strong></span> <span class='ocrx_word' id='word_1_315' title='bbox 956 3184 989 3232; x_wconf 76' lang='lat' dir='ltr'><strong>iis</strong></span> <span class='ocrx_word' id='word_1_316' title='bbox 1001 3182 1107 3232; x_wconf 79' lang='lat' dir='ltr'><strong>Graecia</strong></span> <span class='ocrx_word' id='word_1_317' title='bbox 1117 3188 1281 3230; x_wconf 81' lang='lat' dir='ltr'><strong>narreturwn</strong></span> 
     </span>
     <span class='ocr_line' id='line_1_48' title="bbox 173 3242 1282 3317; baseline -0.005 -12"><span class='ocrx_word' id='word_1_318' title='bbox 173 3247 220 3313; x_wconf 60' lang='lat' dir='ltr'><strong>‘ce</strong></span> <span class='ocrx_word' id='word_1_319' title='bbox 239 3249 273 3304; x_wconf 76' lang='grc' dir='ltr'><strong>δὲ</strong></span> <span class='ocrx_word' id='word_1_320' title='bbox 294 3252 466 3317; x_wconf 79' lang='grc' dir='ltr'><strong><em>παραπλέων</em></strong></span> <span class='ocrx_word' id='word_1_321' title='bbox 486 3247 539 3316; x_wconf 84' lang='grc' dir='ltr'><strong>τὴν</strong></span> <span class='ocrx_word' id='word_1_322' title='bbox 553 3242 645 3314; x_wconf 80' lang='grc' dir='ltr'><strong><em>Ἀσίην</em></strong></span> <span class='ocrx_word' id='word_1_323' title='bbox 662 3264 688 3298; x_wconf 91' lang='grc' dir='ltr'><strong>κ.</strong></span> <span class='ocrx_word' id='word_1_324' title='bbox 739 3250 1282 3315; x_wconf 78' lang='lat' dir='ltr'><strong>esseaffirrnatNoster‚quinonrecipr&#39;unt</strong></span> 
     </span>
     <span class='ocr_line' id='line_1_49' title="bbox 145 3317 1281 3390; baseline -0.004 -18"><span class='ocrx_word' id='word_1_325' title='bbox 145 3341 169 3375; x_wconf 88' lang='grc' dir='ltr'><strong><em>τ.</em></strong></span> <span class='ocrx_word' id='word_1_326' title='bbox 181 3324 216 3390; x_wconf 86' lang='grc' dir='ltr'><strong>λ.]</strong></span> <span class='ocrx_word' id='word_1_327' title='bbox 241 3317 338 3387; x_wconf 83' lang='grc' dir='ltr'><strong><em>Ἀσίην</em></strong></span> <span class='ocrx_word' id='word_1_328' title='bbox 352 3325 421 3373; x_wconf 80' lang='lat' dir='ltr'><strong>dixit</strong></span> <span class='ocrx_word' id='word_1_329' title='bbox 432 3324 532 3373; x_wconf 82' lang='lat' dir='ltr'><strong>Noster</strong></span> <span class='ocrx_word' id='word_1_330' title='bbox 544 3322 626 3369; x_wconf 82' lang='lat' dir='ltr'><strong>Asiae</strong></span> <span class='ocrx_word' id='word_1_331' title='bbox 640 3320 689 3368; x_wconf 84' lang='lat' dir='ltr'><strong>nri·</strong></span> <span class='ocrx_word' id='word_1_332' title='bbox 738 3322 798 3373; x_wconf 83' lang='lat' dir='ltr'><strong>sive</strong></span> <span class='ocrx_word' id='word_1_333' title='bbox 809 3322 887 3371; x_wconf 82' lang='lat' dir='ltr'><strong>minuo</strong></span> <span class='ocrx_word' id='word_1_334' title='bbox 901 3322 1021 3384; x_wconf 81' lang='lat' dir='ltr'><strong>eredunt,</strong></span> <span class='ocrx_word' id='word_1_335' title='bbox 1041 3320 1158 3383; x_wconf 77' lang='lat' dir='ltr'><strong>Omnem,</strong></span> <span class='ocrx_word' id='word_1_336' title='bbox 1180 3336 1252 3369; x_wconf 86' lang='grc' dir='ltr'><strong><em>αννιν</em></strong></span> <span class='ocrx_word' id='word_1_337' title='bbox 1267 3335 1281 3368; x_wconf 87' lang='lat' dir='ltr'><strong>e</strong></span> 
     </span>
     <span class='ocr_line' id='line_1_50' title="bbox 146 3391 1282 3454; baseline -0.005 -12"><span class='ocrx_word' id='word_1_338' title='bbox 146 3397 217 3445; x_wconf 89' lang='lat' dir='ltr'><strong>noris</strong></span> <span class='ocrx_word' id='word_1_339' title='bbox 230 3411 309 3445; x_wconf 87' lang='lat' dir='ltr'><strong>oram</strong></span> <span class='ocrx_word' id='word_1_340' title='bbox 324 3393 537 3454; x_wconf 86' lang='lat' dir='ltr'><strong>meridionalem,</strong></span> <span class='ocrx_word' id='word_1_341' title='bbox 551 3391 598 3440; x_wconf 89' lang='lat' dir='ltr'><strong>ubi</strong></span> <span class='ocrx_word' id='word_1_342' title='bbox 609 3392 689 3439; x_wconf 83' lang='lat' dir='ltr'><strong>Pam·</strong></span> <span class='ocrx_word' id='word_1_343' title='bbox 738 3399 833 3454; x_wconf 74' lang='lat' dir='ltr'><strong>septem</strong></span> <span class='ocrx_word' id='word_1_344' title='bbox 845 3393 897 3441; x_wconf 81' lang='lat' dir='ltr'><strong>illia</strong></span> <span class='ocrx_word' id='word_1_345' title='bbox 907 3393 1046 3442; x_wconf 82' lang='lat' dir='ltr'><strong>Persarum</strong></span> <span class='ocrx_word' id='word_1_346' title='bbox 1056 3392 1210 3451; x_wconf 66' lang='lat' dir='ltr'><strong>coniunctis,</strong></span> <span class='ocrx_word' id='word_1_347' title='bbox 1227 3405 1282 3439; x_wconf 82' lang='lat' dir='ltr'><strong>earn</strong></span> 
     </span>
     <span class='ocr_line' id='line_1_51' title="bbox 146 3457 1281 3529; baseline -0.007 -15"><span class='ocrx_word' id='word_1_348' title='bbox 146 3464 228 3529; x_wconf 80' lang='lat' dir='ltr'><strong>phylii</strong></span> <span class='ocrx_word' id='word_1_349' title='bbox 238 3503 245 3528; x_wconf 86' lang='lat'>‚</span> <span class='ocrx_word' id='word_1_350' title='bbox 257 3463 341 3528; x_wconf 77' lang='lat' dir='ltr'><strong>Lycii</strong></span> <span class='ocrx_word' id='word_1_351' title='bbox 354 3471 382 3513; x_wconf 87' lang='lat' dir='ltr'><strong>et</strong></span> <span class='ocrx_word' id='word_1_352' title='bbox 397 3463 481 3513; x_wconf 81' lang='lat' dir='ltr'><strong>Cares</strong></span> <span class='ocrx_word' id='word_1_353' title='bbox 497 3462 532 3524; x_wconf 91' lang='lat' dir='ltr'><strong>(l,</strong></span> <span class='ocrx_word' id='word_1_354' title='bbox 550 3459 621 3523; x_wconf 85' lang='grc'>177).</span> <span class='ocrx_word' id='word_1_355' title='bbox 647 3457 688 3507; x_wconf 81' lang='lat' dir='ltr'><strong>Ad</strong></span> <span class='ocrx_word' id='word_1_356' title='bbox 738 3463 884 3511; x_wconf 81' lang='lat' dir='ltr'><strong>sententian</strong></span> <span class='ocrx_word' id='word_1_357' title='bbox 896 3461 1024 3519; x_wconf 68' lang='grc' dir='ltr'><strong><em>τάλαντα,</em></strong></span> <span class='ocrx_word' id='word_1_358' title='bbox 1041 3477 1090 3525; x_wconf 82' lang='lat' dir='ltr'><strong>qna</strong></span> <span class='ocrx_word' id='word_1_359' title='bbox 1104 3461 1226 3522; x_wconf 77' lang='lat' dir='ltr'><strong>populari</strong></span> <span class='ocrx_word' id='word_1_360' title='bbox 1238 3461 1281 3507; x_wconf 85' lang='lat' dir='ltr'><strong>im·</strong></span> 
     </span>
     <span class='ocr_line' id='line_1_52' title="bbox 147 3527 1281 3599; baseline -0.004 -17"><span class='ocrx_word' id='word_1_361' title='bbox 147 3534 197 3583; x_wconf 83' lang='lat' dir='ltr'><strong>loci</strong></span> <span class='ocrx_word' id='word_1_362' title='bbox 215 3538 408 3599; x_wconf 80' lang='lat' dir='ltr'><strong>argumentum</strong></span> <span class='ocrx_word' id='word_1_363' title='bbox 429 3532 502 3585; x_wconf 85' lang='lat' dir='ltr'><strong>cons.</strong></span> <span class='ocrx_word' id='word_1_364' title='bbox 517 3529 621 3592; x_wconf 86' lang='grc' dir='ltr'>ΙΙΙ,80</span> <span class='ocrx_word' id='word_1_365' title='bbox 639 3528 691 3577; x_wconf 86' lang='lat' dir='ltr'><strong>ibi·</strong></span> <span class='ocrx_word' id='word_1_366' title='bbox 737 3534 810 3592; x_wconf 73' lang='lat' dir='ltr'><strong>perdo</strong></span> <span class='ocrx_word' id='word_1_367' title='bbox 833 3532 931 3581; x_wconf 78' lang='lat' dir='ltr'><strong>Perses</strong></span> <span class='ocrx_word' id='word_1_368' title='bbox 957 3533 1013 3595; x_wconf 77' lang='lat' dir='ltr'><strong>regi</strong></span> <span class='ocrx_word' id='word_1_369' title='bbox 1035 3536 1166 3593; x_wconf 65' lang='lat' dir='ltr'><strong>oportent·</strong></span> <span class='ocrx_word' id='word_1_370' title='bbox 1191 3534 1218 3578; x_wconf 85' lang='lat' dir='ltr'><strong>et</strong></span> <span class='ocrx_word' id='word_1_371' title='bbox 1238 3527 1281 3577; x_wconf 86' lang='lat' dir='ltr'><strong>his</strong></span> 
     </span>
     <span class='ocr_line' id='line_1_53' title="bbox 147 3598 1280 3661; baseline -0.01 -4"><span class='ocrx_word' id='word_1_372' title='bbox 147 3618 195 3657; x_wconf 78' lang='lat' dir='ltr'><strong>oue</strong></span> <span class='ocrx_word' id='word_1_373' title='bbox 208 3610 280 3657; x_wconf 88' lang='lat' dir='ltr'><strong>nott.</strong></span> <span class='ocrx_word' id='word_1_374' title='bbox 314 3602 382 3652; x_wconf 80' lang='lat' dir='ltr'><strong>Add.</strong></span> <span class='ocrx_word' id='word_1_375' title='bbox 396 3601 584 3652; x_wconf 85' lang='lat' dir='ltr'><strong>Hoffmeieter:</strong></span> <span class='ocrx_word' id='word_1_376' title='bbox 601 3598 690 3648; x_wconf 87' lang='lat' dir='ltr'><strong>Ueber</strong></span> <span class='ocrx_word' id='word_1_377' title='bbox 739 3601 831 3651; x_wconf 78' lang='lat' dir='ltr'><strong>uerbis</strong></span> <span class='ocrx_word' id='word_1_378' title='bbox 844 3601 949 3651; x_wconf 87' lang='lat' dir='ltr'><strong>iudicat</strong></span> <span class='ocrx_word' id='word_1_379' title='bbox 961 3601 1076 3661; x_wconf 84' lang='lat' dir='ltr'><strong>Noster,</strong></span> <span class='ocrx_word' id='word_1_380' title='bbox 1098 3600 1152 3648; x_wconf 86' lang='lat' dir='ltr'><strong>iarn</strong></span> <span class='ocrx_word' id='word_1_381' title='bbox 1171 3614 1221 3649; x_wconf 86' lang='lat' dir='ltr'><strong>sua</strong></span> <span class='ocrx_word' id='word_1_382' title='bbox 1236 3613 1280 3647; x_wconf 87' lang='lat' dir='ltr'><strong>ae·</strong></span> 
     </span>
     <span class='ocr_line' id='line_1_54' title="bbox 146 3668 1282 3737; baseline -0.004 -16"><span class='ocrx_word' id='word_1_383' title='bbox 146 3673 277 3726; x_wconf 86' lang='lat' dir='ltr'><strong>Herodot.</strong></span> <span class='ocrx_word' id='word_1_384' title='bbox 293 3688 319 3737; x_wconf 88' lang='lat' dir='ltr'><strong>p.</strong></span> <span class='ocrx_word' id='word_1_385' title='bbox 333 3673 376 3725; x_wconf 80' lang='lat'><strong>89.</strong></span> <span class='ocrx_word' id='word_1_386' title='bbox 403 3673 490 3735; x_wconf 84' lang='lat' dir='ltr'><strong>Atque</strong></span> <span class='ocrx_word' id='word_1_387' title='bbox 504 3671 538 3719; x_wconf 89' lang='lat' dir='ltr'><strong>K.</strong></span> <span class='ocrx_word' id='word_1_388' title='bbox 549 3670 592 3718; x_wconf 87' lang='lat' dir='ltr'><strong>W.</strong></span> <span class='ocrx_word' id='word_1_389' title='bbox 604 3669 690 3718; x_wconf 84' lang='lat' dir='ltr'><strong>Krue·</strong></span> <span class='ocrx_word' id='word_1_390' title='bbox 740 3674 798 3719; x_wconf 86' lang='lat' dir='ltr'><strong>tate</strong></span> <span class='ocrx_word' id='word_1_391' title='bbox 810 3669 910 3734; x_wconf 85' lang='lat' dir='ltr'><strong>inisse,</strong></span> <span class='ocrx_word' id='word_1_392' title='bbox 931 3672 993 3735; x_wconf 86' lang='lat' dir='ltr'><strong>qui,</strong></span> <span class='ocrx_word' id='word_1_393' title='bbox 1010 3685 1080 3733; x_wconf 90' lang='lat' dir='ltr'><strong>quae</strong></span> <span class='ocrx_word' id='word_1_394' title='bbox 1094 3668 1126 3719; x_wconf 89' lang='lat' dir='ltr'><strong>de</strong></span> <span class='ocrx_word' id='word_1_395' title='bbox 1139 3669 1282 3719; x_wconf 77' lang='lat' dir='ltr'><strong>Persarum</strong></span> 
     </span>
     <span class='ocr_line' id='line_1_55' title="bbox 147 3736 1282 3807; baseline -0.004 -15"><span class='ocrx_word' id='word_1_396' title='bbox 147 3757 192 3805; x_wconf 88' lang='lat' dir='ltr'><strong>ger</strong></span> <span class='ocrx_word' id='word_1_397' title='bbox 210 3744 315 3807; x_wconf 81' lang='lat' dir='ltr'><strong>(Ueber</strong></span> <span class='ocrx_word' id='word_1_398' title='bbox 332 3742 381 3793; x_wconf 81' lang='lat' dir='ltr'><strong>das</strong></span> <span class='ocrx_word' id='word_1_399' title='bbox 391 3740 483 3790; x_wconf 86' lang='lat' dir='ltr'><strong>Leben</strong></span> <span class='ocrx_word' id='word_1_400' title='bbox 503 3739 550 3789; x_wconf 90' lang='lat' dir='ltr'><strong>des</strong></span> <span class='ocrx_word' id='word_1_401' title='bbox 564 3737 688 3800; x_wconf 83' lang='lat' dir='ltr'><strong>Thucyd.</strong></span> <span class='ocrx_word' id='word_1_402' title='bbox 740 3739 983 3790; x_wconf 87' lang='lat' dir='ltr'><strong>deliberationibus</strong></span> <span class='ocrx_word' id='word_1_403' title='bbox 997 3754 1080 3803; x_wconf 85' lang='lat' dir='ltr'><strong>supra</strong></span> <span class='ocrx_word' id='word_1_404' title='bbox 1092 3738 1145 3798; x_wconf 89' lang='lat'>111,</span> <span class='ocrx_word' id='word_1_405' title='bbox 1159 3736 1193 3788; x_wconf 84' lang='lat'><strong>90</strong></span> <span class='ocrx_word' id='word_1_406' title='bbox 1205 3752 1282 3801; x_wconf 90' lang='lat' dir='ltr'><strong>seqq.</strong></span> 
     </span>
     <span class='ocr_line' id='line_1_56' title="bbox 147 3806 1281 3885; baseline -0.004 -25"><span class='ocrx_word' id='word_1_407' title='bbox 147 3812 357 3865; x_wconf 82' lang='lat' dir='ltr'><strong>Berolin.1832.</strong></span> <span class='ocrx_word' id='word_1_408' title='bbox 376 3825 439 3876; x_wconf 85' lang='lat' dir='ltr'><strong>pag.</strong></span> <span class='ocrx_word' id='word_1_409' title='bbox 455 3808 499 3873; x_wconf 79' lang='lat'><strong>23)</strong></span> <span class='ocrx_word' id='word_1_410' title='bbox 521 3825 554 3859; x_wconf 84' lang='lat' dir='ltr'><strong>ex</strong></span> <span class='ocrx_word' id='word_1_411' title='bbox 571 3813 689 3871; x_wconf 87' lang='lat' dir='ltr'><strong>utroque</strong></span> <span class='ocrx_word' id='word_1_412' title='bbox 739 3816 867 3860; x_wconf 83' lang='lat' dir='ltr'><strong>enarrata</strong></span> <span class='ocrx_word' id='word_1_413' title='bbox 887 3814 981 3871; x_wconf 87' lang='lat' dir='ltr'><strong>erant,</strong></span> <span class='ocrx_word' id='word_1_414' title='bbox 1006 3810 1096 3859; x_wconf 85' lang='lat' dir='ltr'><strong>minue</strong></span> <span class='ocrx_word' id='word_1_415' title='bbox 1112 3823 1179 3885; x_wconf 67' lang='lat' dir='ltr'><strong>vera</strong></span> <span class='ocrx_word' id='word_1_416' title='bbox 1198 3806 1281 3885; x_wconf 66' lang='lat' dir='ltr'><strong>habe-</strong></span> 
     </span>
     <span class='ocr_line' id='line_1_57' title="bbox 148 3879 1282 3943; baseline -0.004 -15"><span class='ocrx_word' id='word_1_417' title='bbox 148 3880 194 3932; x_wconf 87' lang='lat' dir='ltr'><strong>hoc</strong></span> <span class='ocrx_word' id='word_1_418' title='bbox 204 3882 343 3933; x_wconf 89' lang='lat' dir='ltr'><strong>Herodoti</strong></span> <span class='ocrx_word' id='word_1_419' title='bbox 362 3880 422 3930; x_wconf 86' lang='lat' dir='ltr'><strong>loco</strong></span> <span class='ocrx_word' id='word_1_420' title='bbox 436 3885 464 3928; x_wconf 89' lang='lat' dir='ltr'><strong>et</strong></span> <span class='ocrx_word' id='word_1_421' title='bbox 480 3879 641 3943; x_wconf 86' lang='lat' dir='ltr'><strong>praesertim</strong></span> <span class='ocrx_word' id='word_1_422' title='bbox 656 3892 689 3926; x_wconf 83' lang='lat' dir='ltr'><strong>ex</strong></span> <span class='ocrx_word' id='word_1_423' title='bbox 738 3883 809 3930; x_wconf 89' lang='lat' dir='ltr'><strong>rent.</strong></span> <span class='ocrx_word' id='word_1_424' title='bbox 818 3906 851 3914; x_wconf 89' lang='lat'><em>-</em></span> <span class='ocrx_word' id='word_1_425' title='bbox 862 3880 903 3929; x_wconf 78' lang='lat' dir='ltr'><strong>Ad</strong></span> <span class='ocrx_word' id='word_1_426' title='bbox 913 3880 1077 3929; x_wconf 89' lang='lat' dir='ltr'><strong>locutionem</strong></span> <span class='ocrx_word' id='word_1_427' title='bbox 1087 3891 1202 3939; x_wconf 88' lang='grc' dir='ltr'><strong><em>γνωμην</em></strong></span> <span class='ocrx_word' id='word_1_428' title='bbox 1211 3888 1282 3924; x_wconf 90' lang='grc' dir='ltr'><strong><em>απο-</em></strong></span> 
     </span>
     <span class='ocr_line' id='line_1_58' title="bbox 148 3941 1281 4020; baseline -0.006 -21"><span class='ocrx_word' id='word_1_429' title='bbox 148 3966 194 4012; x_wconf 85' lang='lat' dir='ltr'><strong>eo,</strong></span> <span class='ocrx_word' id='word_1_430' title='bbox 216 3952 290 4017; x_wconf 92' lang='lat' dir='ltr'><strong>quod</strong></span> <span class='ocrx_word' id='word_1_431' title='bbox 316 3949 439 4000; x_wconf 88' lang='lat' dir='ltr'><strong>nonnulli</strong></span> <span class='ocrx_word' id='word_1_432' title='bbox 456 3949 620 4000; x_wconf 81' lang='lat' dir='ltr'><strong>Graecorum</strong></span> <span class='ocrx_word' id='word_1_433' title='bbox 644 3946 690 3995; x_wconf 86' lang='lat' dir='ltr'><strong>hic</strong></span> <span class='ocrx_word' id='word_1_434' title='bbox 739 3941 879 4007; x_wconf 79' lang='grc' dir='ltr'><strong><em>δέξασθαι</em></strong></span> <span class='ocrx_word' id='word_1_435' title='bbox 896 3947 951 3998; x_wconf 89' lang='lat' dir='ltr'><strong>vid.</strong></span> <span class='ocrx_word' id='word_1_436' title='bbox 967 3949 1018 4009; x_wconf 82' lang='lat' dir='ltr'><strong>lv,</strong></span> <span class='ocrx_word' id='word_1_437' title='bbox 1035 3946 1085 3997; x_wconf 77' lang='lat'><strong>132</strong></span> <span class='ocrx_word' id='word_1_438' title='bbox 1101 3945 1192 4020; x_wconf 73' lang='lat' dir='ltr'><strong>ibique</strong></span> <span class='ocrx_word' id='word_1_439' title='bbox 1211 3947 1281 3993; x_wconf 84' lang='lat' dir='ltr'><strong>nott.</strong></span> 
     </span>
     <span class='ocr_line' id='line_1_59' title="bbox 148 4012 1282 4079; baseline -0.007 -10"><span class='ocrx_word' id='word_1_440' title='bbox 148 4020 304 4071; x_wconf 77' lang='lat' dir='ltr'><strong>dubitantes</strong></span> <span class='ocrx_word' id='word_1_441' title='bbox 317 4023 575 4079; x_wconf 84' lang='lat' dir='ltr'><strong>commemorentur,</strong></span> <span class='ocrx_word' id='word_1_442' title='bbox 596 4015 689 4079; x_wconf 79' lang='lat' dir='ltr'><strong>colligi</strong></span> <span class='ocrx_word' id='word_1_443' title='bbox 740 4023 767 4068; x_wconf 89' lang='lat' dir='ltr'><strong>et</strong></span> <span class='ocrx_word' id='word_1_444' title='bbox 781 4017 832 4079; x_wconf 84' lang='lat' dir='ltr'><strong>vl,</strong></span> <span class='ocrx_word' id='word_1_445' title='bbox 850 4019 893 4067; x_wconf 83' lang='grc'><strong>41.</strong></span> <span class='ocrx_word' id='word_1_446' title='bbox 920 4017 973 4065; x_wconf 89' lang='lat' dir='ltr'><strong>Pro</strong></span> <span class='ocrx_word' id='word_1_447' title='bbox 993 4015 1097 4078; x_wconf 84' lang='lat' dir='ltr'><strong>vulgat.</strong></span> <span class='ocrx_word' id='word_1_448' title='bbox 1117 4027 1202 4076; x_wconf 79' lang='grc' dir='ltr'><strong><em>χρεσν</em></strong></span> <span class='ocrx_word' id='word_1_449' title='bbox 1219 4012 1282 4061; x_wconf 90' lang='lat' dir='ltr'><strong>dedi</strong></span> 
     </span>
     <span class='ocr_line' id='line_1_60' title="bbox 149 4079 1282 4153; baseline -0.006 -17"><span class='ocrx_word' id='word_1_450' title='bbox 149 4090 213 4153; x_wconf 84' lang='lat' dir='ltr'><strong>vult,</strong></span> <span class='ocrx_word' id='word_1_451' title='bbox 225 4087 493 4140; x_wconf 82' lang='lat' dir='ltr'><strong>hanc&#39;narrationern</strong></span> <span class='ocrx_word' id='word_1_452' title='bbox 502 4088 537 4137; x_wconf 79' lang='lat' dir='ltr'><strong>ab</strong></span> <span class='ocrx_word' id='word_1_453' title='bbox 548 4086 687 4136; x_wconf 90' lang='lat' dir='ltr'><strong>Herodoto</strong></span> <span class='ocrx_word' id='word_1_454' title='bbox 740 4079 839 4152; x_wconf 77' lang='grc' dir='ltr'><strong><em>χρεών,</em></strong></span> <span class='ocrx_word' id='word_1_455' title='bbox 855 4090 886 4135; x_wconf 92' lang='lat' dir='ltr'><strong>nt</strong></span> <span class='ocrx_word' id='word_1_456' title='bbox 896 4086 929 4144; x_wconf 87' lang='lat' dir='ltr'><strong>V,</strong></span> <span class='ocrx_word' id='word_1_457' title='bbox 939 4085 983 4147; x_wconf 80' lang='grc'><strong>49,</strong></span> <span class='ocrx_word' id='word_1_458' title='bbox 997 4086 1043 4134; x_wconf 86' lang='lat' dir='ltr'><strong>ubi</strong></span> <span class='ocrx_word' id='word_1_459' title='bbox 1055 4081 1111 4132; x_wconf 81' lang='lat' dir='ltr'><strong>vid.</strong></span> <span class='ocrx_word' id='word_1_460' title='bbox 1122 4086 1192 4130; x_wconf 87' lang='lat' dir='ltr'><strong>nott.</strong></span> <span class='ocrx_word' id='word_1_461' title='bbox 1203 4107 1237 4116; x_wconf 93' lang='lat'>—</span> <span class='ocrx_word' id='word_1_462' title='bbox 1248 4081 1282 4130; x_wconf 95' lang='lat' dir='ltr'><strong>In</strong></span> 
     </span>
     <span class='ocr_line' id='line_1_61' title="bbox 150 4151 1282 4221; baseline -0.008 -14"><span class='ocrx_word' id='word_1_463' title='bbox 150 4159 270 4221; x_wconf 86' lang='lat' dir='ltr'><strong>pluribus</strong></span> <span class='ocrx_word' id='word_1_464' title='bbox 286 4161 314 4209; x_wconf 91' lang='lat' dir='ltr'><strong>in</strong></span> <span class='ocrx_word' id='word_1_465' title='bbox 334 4159 402 4210; x_wconf 85' lang='lat' dir='ltr'><strong>loeis</strong></span> <span class='ocrx_word' id='word_1_466' title='bbox 415 4164 464 4209; x_wconf 88' lang='lat' dir='ltr'><strong>aut</strong></span> <span class='ocrx_word' id='word_1_467' title='bbox 478 4164 551 4208; x_wconf 86' lang='lat' dir='ltr'><strong>certe</strong></span> <span class='ocrx_word' id='word_1_468' title='bbox 571 4172 603 4206; x_wconf 89' lang='lat' dir='ltr'><strong>eo</strong></span> <span class='ocrx_word' id='word_1_469' title='bbox 618 4155 688 4219; x_wconf 91' lang='lat' dir='ltr'><strong>loco,</strong></span> <span class='ocrx_word' id='word_1_470' title='bbox 740 4171 815 4221; x_wconf 85' lang='lat' dir='ltr'><strong>seqq.</strong></span> <span class='ocrx_word' id='word_1_471' title='bbox 827 4172 876 4220; x_wconf 87' lang='lat' dir='ltr'><strong>pro</strong></span> <span class='ocrx_word' id='word_1_472' title='bbox 886 4154 957 4219; x_wconf 84' lang='lat' dir='ltr'><strong>vulg.</strong></span> <span class='ocrx_word' id='word_1_473' title='bbox 970 4151 1086 4201; x_wconf 83' lang='grc' dir='ltr'><strong><em>κατίστα</em></strong></span> <span class='ocrx_word' id='word_1_474' title='bbox 1097 4152 1206 4215; x_wconf 85' lang='lat' dir='ltr'><strong>reposui</strong></span> <span class='ocrx_word' id='word_1_475' title='bbox 1217 4165 1282 4198; x_wconf 86' lang='grc' dir='ltr'><strong><em>κατ-</em></strong></span> 
     </span>
     <span class='ocr_line' id='line_1_62' title="bbox 151 4220 1280 4294; baseline -0.009 -16"><span class='ocrx_word' id='word_1_476' title='bbox 151 4229 194 4279; x_wconf 91' lang='lat' dir='ltr'><strong>ubi</strong></span> <span class='ocrx_word' id='word_1_477' title='bbox 211 4230 305 4294; x_wconf 86' lang='lat' dir='ltr'><strong>plures</strong></span> <span class='ocrx_word' id='word_1_478' title='bbox 323 4229 421 4280; x_wconf 85' lang='lat' dir='ltr'><strong>Graeci</strong></span> <span class='ocrx_word' id='word_1_479' title='bbox 447 4230 521 4293; x_wconf 89' lang='lat' dir='ltr'><strong>iique</strong></span> <span class='ocrx_word' id='word_1_480' title='bbox 544 4227 689 4277; x_wconf 73' lang='lat' dir='ltr'><strong>civitatum</strong></span> <span class='ocrx_word' id='word_1_481' title='bbox 740 4225 821 4287; x_wconf 85' lang='grc' dir='ltr'><strong><em>ίστη,</em></strong></span> <span class='ocrx_word' id='word_1_482' title='bbox 848 4223 920 4289; x_wconf 90' lang='lat' dir='ltr'><strong>quod</strong></span> <span class='ocrx_word' id='word_1_483' title='bbox 940 4238 1023 4274; x_wconf 89' lang='lat' dir='ltr'><strong>unum</strong></span> <span class='ocrx_word' id='word_1_484' title='bbox 1044 4235 1139 4272; x_wconf 84' lang='lat' dir='ltr'><strong>sorum</strong></span> <span class='ocrx_word' id='word_1_485' title='bbox 1160 4220 1280 4281; x_wconf 81' lang='lat' dir='ltr'><strong>viderur;</strong></span> 
     </span>
     <span class='ocr_line' id='line_1_63' title="bbox 151 4292 1046 4362; baseline -0.006 -17"><span class='ocrx_word' id='word_1_486' title='bbox 151 4301 287 4349; x_wconf 85' lang='lat' dir='ltr'><strong>variarum</strong></span> <span class='ocrx_word' id='word_1_487' title='bbox 299 4299 455 4359; x_wconf 79' lang='lat' dir='ltr'><strong>adfuerint,</strong></span> <span class='ocrx_word' id='word_1_488' title='bbox 470 4296 635 4362; x_wconf 87' lang='lat' dir='ltr'><strong>praelectam</strong></span> <span class='ocrx_word' id='word_1_489' title='bbox 650 4295 691 4345; x_wconf 87' lang='lat' dir='ltr'><strong>lu·</strong></span> <span class='ocrx_word' id='word_1_490' title='bbox 742 4294 798 4346; x_wconf 82' lang='lat' dir='ltr'><strong>vid.</strong></span> <span class='ocrx_word' id='word_1_491' title='bbox 811 4293 926 4344; x_wconf 87' lang='lat' dir='ltr'><strong>Bredov.</strong></span> <span class='ocrx_word' id='word_1_492' title='bbox 942 4309 968 4357; x_wconf 85' lang='lat' dir='ltr'><strong>p.</strong></span> <span class='ocrx_word' id='word_1_493' title='bbox 985 4292 1046 4343; x_wconf 82' lang='grc'>397.</span> 
     </span>
     <span class='ocr_line' id='line_1_64' title="bbox 151 4354 1281 4433; baseline -0.004 -19"><span class='ocrx_word' id='word_1_494' title='bbox 151 4367 201 4418; x_wconf 80' lang='lat' dir='ltr'><strong>isse</strong></span> <span class='ocrx_word' id='word_1_495' title='bbox 217 4384 266 4433; x_wconf 90' lang='lat' dir='ltr'><strong>pro</strong></span> <span class='ocrx_word' id='word_1_496' title='bbox 283 4368 357 4419; x_wconf 86' lang='lat' dir='ltr'><strong>illins</strong></span> <span class='ocrx_word' id='word_1_497' title='bbox 374 4369 476 4420; x_wconf 84' lang='lat' dir='ltr'><strong>aetatis</strong></span> <span class='ocrx_word' id='word_1_498' title='bbox 495 4382 589 4427; x_wconf 84' lang='lat' dir='ltr'><strong>more,</strong></span> <span class='ocrx_word' id='word_1_499' title='bbox 613 4380 691 4431; x_wconf 85' lang='lat' dir='ltr'><strong>quem</strong></span> <span class='ocrx_word' id='word_1_500' title='bbox 783 4356 977 4427; x_wconf 72' lang='grc' dir='ltr'><strong><em>καταπαύσας]</em></strong></span> <span class='ocrx_word' id='word_1_501' title='bbox 997 4358 1047 4426; x_wconf 82' lang='grc' dir='ltr'><strong>τῆς</strong></span> <span class='ocrx_word' id='word_1_502' title='bbox 1065 4354 1236 4422; x_wconf 85' lang='grc' dir='ltr'><strong><em>τυραννίδος</em></strong></span> <span class='ocrx_word' id='word_1_503' title='bbox 1259 4373 1281 4409; x_wconf 88' lang='lat' dir='ltr'><strong>s.</strong></span> 
     </span>
     <span class='ocr_line' id='line_1_65' title="bbox 152 4423 1283 4505; baseline -0.005 -19"><span class='ocrx_word' id='word_1_504' title='bbox 152 4437 315 4489; x_wconf 88' lang='lat' dir='ltr'><strong>Herodotum</strong></span> <span class='ocrx_word' id='word_1_505' title='bbox 344 4453 452 4505; x_wconf 89' lang='lat' dir='ltr'><strong>qnoque</strong></span> <span class='ocrx_word' id='word_1_506' title='bbox 482 4442 605 4489; x_wconf 85' lang='lat' dir='ltr'><strong>secutum</strong></span> <span class='ocrx_word' id='word_1_507' title='bbox 632 4449 693 4499; x_wconf 77' lang='lat' dir='ltr'><strong>esse</strong></span> <span class='ocrx_word' id='word_1_508' title='bbox 742 4423 832 4499; x_wconf 73' lang='grc' dir='ltr'><strong><em>ἀρχῆς</em></strong></span> <span class='ocrx_word' id='word_1_509' title='bbox 847 4431 965 4499; x_wconf 80' lang='lat' dir='ltr'><strong>intelligi</strong></span> <span class='ocrx_word' id='word_1_510' title='bbox 982 4436 1057 4485; x_wconf 84' lang='lat' dir='ltr'><strong>recte</strong></span> <span class='ocrx_word' id='word_1_511' title='bbox 1072 4433 1150 4483; x_wconf 89' lang='lat' dir='ltr'><strong>notat</strong></span> <span class='ocrx_word' id='word_1_512' title='bbox 1167 4428 1283 4480; x_wconf 79' lang='lat' dir='ltr'><strong>Valcke-</strong></span> 
     </span>
    </p>
   </div>
   <div class='ocr_carea' id='block_1_11' title="bbox 740 2973 1281 3123">
    <p class='ocr_par' dir='ltr' id='par_1_12' title="bbox 740 2973 1281 3123">
     <span class='ocr_line' id='line_1_66' title="bbox 740 2973 1281 3039; baseline -0.006 -15"><span class='ocrx_word' id='word_1_513' title='bbox 740 2990 844 3037; x_wconf 76' lang='lat' dir='ltr'><strong>mosyn.</strong></span> <span class='ocrx_word' id='word_1_514' title='bbox 863 2976 911 3029; x_wconf 83' lang='lat' dir='ltr'><strong>1v.</strong></span> <span class='ocrx_word' id='word_1_515' title='bbox 927 2973 1012 3039; x_wconf 60' lang='lat' dir='ltr'><strong>uro)</strong></span> <span class='ocrx_word' id='word_1_516' title='bbox 1034 2975 1152 3038; x_wconf 85' lang='lat' dir='ltr'><strong>pendere</strong></span> <span class='ocrx_word' id='word_1_517' title='bbox 1174 2973 1281 3036; x_wconf 87' lang='lat' dir='ltr'><strong>reliqua</strong></span> 
     </span>
     <span class='ocr_line' id='line_1_67' title="bbox 741 3038 1281 3123; baseline -0.007 -31"><span class='ocrx_word' id='word_1_518' title='bbox 741 3059 810 3109; x_wconf 75' lang='lat' dir='ltr'><strong>qnae</strong></span> <span class='ocrx_word' id='word_1_519' title='bbox 831 3048 990 3123; x_wconf 39' lang='lat' dir='ltr'><strong>‘sequuntur</strong></span> <span class='ocrx_word' id='word_1_520' title='bbox 1015 3042 1111 3093; x_wconf 84' lang='lat' dir='ltr'><strong>verba:</strong></span> <span class='ocrx_word' id='word_1_521' title='bbox 1149 3038 1281 3103; x_wconf 82' lang='grc' dir='ltr'><strong><em>Περσίαν</em></strong></span> 
     </span>
    </p>
   </div>
   <div class='ocr_carea' id='block_1_12' title="bbox 0 0 1557 5175">
    <p class='ocr_par' dir='ltr' id='par_1_13' title="bbox 0 0 1557 5175">
     <span class='ocr_line' id='line_1_68' title="bbox 0 0 1557 5175; baseline 0 0"><span class='ocrx_word' id='word_1_522' title='bbox 0 0 1557 5175; x_wconf 95' lang='lat' dir='ltr'><strong> </strong></span> 
     </span>
    </p>
   </div>
  </div>
 </body>
</html>
