3100 5175
441 410 507 472 AD
531 411 788 474 HERODO'I'.
817 412 883 485 v1,
906 420 948 474 42.
1195 404 1254 469 811

116 582 329 652 neniarum),
351 580 548 655 llrueger**)=
569 587 592 639 si
614 586 722 657 quidem
739 587 768 639 iu
788 586 946 639 Herodoteo
967 583 1026 637 loco
1042 583 1076 637 dc
1096 583 1132 635 iis
1153 589 1257 635 tentum

116 670 248 735 tributis,
264 686 335 740 quae
350 670 443 724 Persis
459 672 642 741 solverentur,
660 690 748 726 sermo
759 680 812 724 est.
844 671 926 735 Quod
944 687 1011 723 vero
1027 665 1187 734 Grote***)
1202 684 1257 720 onr-

118 756 191 808 nino
207 764 290 823 negat
304 755 338 807 de
348 756 463 822 tributo,
477 757 550 827 quod
566 775 663 811 revera
675 758 796 810 solutum
810 756 904 822 fuerit,
921 756 971 809 hoc
985 755 1045 807 loeo
1061 754 1116 823 agi,
1131 755 1180 808 sed
1194 763 1256 805 tsn-

117 848 182 894 tum
207 841 241 893 de
266 840 387 906 ratione,
414 859 469 911 qna
493 843 625 895 tributum
650 842 810 896 solvendum
835 843 908 895 inter
933 840 1059 908 singulos
1085 839 1258 910 dispertitum

118 926 259 992 fueritfl,
279 942 339 978 cum
354 926 400 978 rix
415 934 478 979 aute
493 944 592 981 anuum
608 932 659 982 412
681 935 744 979 ante
760 928 826 981 Chr.
846 945 872 979 n.
893 927 943 979 boc
959 926 1091 978 tributum
1111 925 1162 977 hoc
1179 923 1258 977 modo
1321 954 1332 981 .

118 1010 303 1064 distributum
324 1011 359 1062 ab
380 1011 494 1065 Ionibus
519 1012 590 1066 solvi
613 1013 736 1084 potuerit
755 1012 865 1065 Persis:
886 1011 913 1064 id
938 1029 1006 1064 sane
1028 1027 1124 1063 vereor
1146 1017 1178 1062 nt
1198 1026 1257 1062 cum

117 1095 260 1161 Herodoti
283 1097 375 1149 verbis
390 1104 538 1166 congruat,
563 1115 708 1168 quaecum
732 1097 806 1150 nullo
828 1097 881 1149 alio
899 1097 977 1150 modo
998 1112 1078 1167 qnam
1099 1112 1154 1164 qno
1172 1110 1259 1165 supro

119 1180 246 1233 indicavi
261 1180 378 1250 intelligi
393 1183 511 1252 possint,
526 1183 555 1235 id
571 1200 683 1254 qnoque
707 1184 847 1237 declarare
864 1182 1007 1248 ridentur,
1029 1181 1161 1233 tributum
1180 1179 1257 1244 illud,

119 1266 208 1335 quale
224 1266 257 1317 sb
271 1267 442 1336 Artapherne
458 1268 632 1338 dispertitum
648 1276 731 1335 essct,
751 1286 801 1339 per
815 1268 843 1320 id
859 1276 933 1320 certe
947 1274 1065 1335 tempus,
1081 1266 1155 1335 qnod
1170 1265 1259 1318 Hero-

119 1352 209 1404 dotus
219 1350 396 1419 significavit,
412 1352 507 1406 Persis
520 1354 590 1406 solvi
605 1354 713 1408 solitum
729 1353 852 1419 εικῆ).
882 1351 966 1404 Addit
977 1353 1074 1417 Grote,
1088 1351 1264 1404 Herodotum

120 1452 167 1504 ea,
183 1452 255 1505 qnae
270 1436 304 1489 de
320 1437 370 1489 hoc
384 1437 488 1490 tributo
504 1439 549 1491 rel
564 1440 657 1509 potius
672 1439 705 1492 de
726 1438 845 1505 ratione,
868 1454 923 1508 qna
943 1436 1011 1490 illud
1035 1435 1257 1502 distribueretur,

119 1522 177 1574 hoc
199 1520 257 1574 loco
280 1523 490 1592 perscripserit,
512 1525 652 1593 accepisse
668 1524 756 1577 rideri
776 1524 810 1575 ab
831 1524 901 1592 ipsis
916 1521 1011 1574 Persis
1026 1520 1150 1589 adeoque
1170 1522 1259 1590 ipsum

120 1606 272 1659 Persarum
287 1607 395 1660 tabulas
418 1607 574 1678 inspexisse
595 1620 685 1679 neque
705 1627 771 1662 vero
790 1607 962 1677 respexisse,
984 1623 1045 1659 oum
1063 1607 1114 1658 hoc
1128 1606 1259 1659 tributum

120 1708 225 1745 revera
242 1692 360 1745 solutum
376 1694 461 1746 fuerit
477 1712 573 1746 necne.
603 1694 686 1757 Quod
702 1702 732 1767 ut
746 1694 895 1762 largiamur
911 1692 969 1744 viro
985 1692 1075 1759 docto,
1091 1691 1117 1743 id
1134 1692 1258 1760 profecto

120 1794 234 1846 semper
246 1778 393 1831 tenendum
409 1779 476 1846 erit,
498 1780 572 1848 quod
588 1779 746 1831 Herodotus
762 1780 894 1846 affirmat,
910 1795 967 1830 eam
984 1777 1081 1829 tributi
1095 1776 1258 1846 descriptio·

120 1878 195 1927 nem,
211 1878 283 1931 quae
294 1863 327 1913 ab
343 1863 516 1933 Artapherne
532 1866 604 1917 facta
620 1872 672 1932 est,
687 1864 722 1917 ed
736 1882 788 1918 sua
805 1881 894 1933 usqne
905 1871 1027 1931 tempora
1037 1862 1070 1932 (i.
1083 1880 1107 1913 e.
1120 1864 1259 1915 420-413

121 1956 191 2000 ante
206 1946 272 2000 Chr.
290 1948 332 2014 ιι.)
349 1955 508 2002 constanter
524 1950 671 2003 mansisse:
687 1950 774 2002 valuit
795 1950 896 2018 igitur,
918 1948 962 2000 rel
977 1948 1001 2000 si
1017 1947 1112 2000 Ionum
1132 1946 1259 1999 civitates

121 2032 274 2103 quasdam,
303 2049 374 2102 quoe
400 2031 546 2087 Persarum
571 2036 637 2103 iugo
663 2052 780 2087 excusso
805 2034 833 2086 in
858 2033 969 2103 aliquod
995 2039 1069 2094 certe
1092 2038 1200 2102 tempos
1225 2031 1259 2083 ad

122 2120 296 2170 Graecorum
306 2124 401 2187 partes
412 2120 606 2191 accessissent,
623 2138 672 2187 per
688 2121 738 2172 hoc
748 2120 839 2190 ipsum
850 2126 957 2188 tempus
972 2118 1104 2170 tributum
1119 2124 1261 2187 praestare

121 2203 245 2256 desiisse
260 2221 404 2272 ponamus,
421 2204 494 2273 quod
510 2205 656 2258 Persarum
671 2205 745 2257 vires
762 2221 822 2257 cnm
837 2205 928 2256 denuo
947 2203 1116 2270 crevissent,
1139 2202 1174 2254 ab
1190 2202 1260 2271 ipsis

121 2287 273 2356 repetitum
289 2306 351 2341 esse
369 2289 498 2342 credibile
520 2295 563 2343 est
578 2290 692 2344 eundem
713 2290 740 2342 in
758 2290 878 2353 modurn,
896 2306 952 2358 quo
967 2288 1034 2341 aliae
1050 2288 1175 2341 civitates
1198 2288 1261 2341 sine

122 2373 183 2425 ulls
203 2372 408 2427 intermissione
433 2375 484 2426 hoc
502 2375 636 2428 tributum
653 2375 808 2440 solverant,
830 2376 904 2445 qnod
924 2374 1011 2443 igitur
1027 2374 1193 2426 immotstnm
1210 2392 1261 2426 nec

123 2458 184 2511 ullo
198 2458 276 2509 modo
291 2460 440 2527 turbatum,
454 2459 535 2529 quale
549 2462 583 2513 ab
600 2462 772 2531 Artapherne
790 2461 957 2531 descriptum
973 2467 1047 2525 erat,
1064 2456 1118 2510 tale
1136 2476 1259 2528 perman-

123 2544 166 2598 sit
183 2559 273 2613 nsque
288 2545 321 2597 ad
337 2544 472 2598 Herodoti
485 2552 610 2600 aetatem.

107 2672 110 2678 .
211 2629 266 2682 Sed
282 2637 365 2684 totam
382 2632 451 2684 bano
465 2633 652 2700 quaestionem
667 2634 837 2686 coniunctam
857 2649 920 2685 esse
937 2648 995 2683 curn
1012 2648 1059 2697 ea,
1078 2647 1149 2698 qnae
1165 2629 1261 2682 nostrl

124 2716 249 2768 nemorid
264 2714 343 2767 valde
361 2718 463 2784 agitata
477 2723 529 2784 est,
545 2719 709 2788 quaestione
725 2719 759 2771 de
773 2719 896 2783 Cimonis,
911 2724 943 2769 ot
956 2717 1067 2781 dicunt,
1082 2732 1164 2786 poce,
1183 2733 1260 2768 nemo

124 2818 183 2853 non
202 2800 290 2853 videte
308 2801 342 2853 de
359 2818 414 2871 qna
429 2819 495 2872 pace
510 2820 582 2873 quae
598 2803 650 2855 viri
663 2803 814 2870 docti†††)
829 2802 1016 2871 disputarunt,
1033 2817 1065 2853 es
1080 2801 1123 2852 hic
1133 2800 1260 2869 proferre

198 3034 541 3173 ll)pffl,⁵{²,}',¹;¹{¹,⁸1,⁰¹},h‘}i¹,f1{¹'
558 3036 809 3171 (111111ιοῖῗέ
817 3038 850 3157 tle
861 3036 933 3158 potl3
946 3052 1004 3101 ‘eq‘

198 3175 259 3241 ***)
274 3179 388 3240 History
401 3180 431 3229 ol
444 3125 547 3229 Greccl
558 3180 590 3228 V.
608 3194 634 3243 p.
647 3178 708 3228 455.
724 3175 845 3242 (Grote's
859 3176 966 3228 Griech.
978 3174 1130 3243 Mytholog.
1146 3191 1173 3231 n,
1184 3178 1260 3227 Anti·

125 3248 208 3312 qoitt.
222 3264 275 3298 von
288 3248 402 3298 Fischer
413 3249 465 3300 111.
479 3264 504 3314 p.
518 3248 592 3311 1105.)

167 3330 171 3338 ·
199 3319 228 3380 †)
244 3319 419 3378 „Herodotus
431 3318 532 3384 speaks
545 3323 594 3368 not
608 3316 750 3367 sbout'the
762 3320 908 3382 prement,
928 3321 976 3366 aot
991 3316 1075 3366 about
1096 3315 1142 3366 the
1156 3331 1259 3368 essess-

149 3388 254 3437 ment.“

127 3425 145 3452 ’³
199 3457 334 3520 ††)1Inde
351 3458 473 3524 Krueger
495 3457 512 3508 l.
531 3456 550 3507 l.
577 3472 641 3523 peg.
658 3456 693 3508 116
712 3456 846 3506 Herodoti
866 3458 1030 3507 sententiam
1053 3458 1093 3507 its
1111 3458 1259 3523 expressit:

126 3526 209 3587 „Wie
222 3526 423 3591 Arthnphernes
440 3529 484 3578 die
498 3527 629 3591 Angeben
650 3525 697 3576 der
712 3527 798 3576 Joner
818 3525 979 3587 ieststellte‚
995 3543 1025 3578 so
1042 3543 1133 3578 waren
1156 3530 1196 3579 sic
1218 3528 1260 3579 bis

128 3595 183 3648 srrf
199 3597 287 3647 meins
308 3599 369 3647 Zeit
385 3599 422 3647 im
438 3597 597 3647 Persiscben
612 3598 743 3646 Kataster
760 3602 904 3663 engesetzt
923 3598 979 3647 und
999 3603 1119 3648 moseten
1133 3614 1188 3648 von
1207 3599 1259 3649 den

128 3664 313 3718 Stetthsltern
327 3667 495 3733 eingeliefert
507 3666 644 3717 werden.“

199 3738 269 3801 †††)
282 3737 362 3786 Hanc
378 3753 473 3802 pacem
488 3752 584 3788 revere
595 3737 697 3788 lactem
712 3751 772 3786 esse
784 3738 901 3801 primus,
918 3742 1049 3802 qnantum
1068 3736 1135 3798 scio,
1149 3737 1261 3804 negavit

128 3806 254 3858 Mitiord:
267 3807 382 3872 History
395 3807 530 3859 ofGreece
542 3808 580 3858 11.
595 3824 621 3871 p.
634 3807 681 3858 431
693 3824 699 3865 ς
713 3811 846 3872 negarunt
859 3805 916 3866 alii,
932 3808 976 3873 qni
989 3806 1059 3858 hene
1070 3810 1260 3872 quaestionem

129 3877 253 3942 pluribus
266 3881 468 3928 trecteverunt:
488 3877 517 3927 C.
533 3877 555 3927 1.
567 3877 598 3928 G.
610 3876 738 3926 Moscho:
753 3877 815 3934 „De
833 3892 875 3940 eo,
890 3877 963 3941 quod
976 3880 1005 3927 in
1017 3877 1141 3928 Cornelio
1153 3880 1260 3944 Nepote

129 3946 283 3997 faciendum
292 3947 397 3997 restet“
408 3948 593 4007 (Franoolurti
606 3948 641 3997 sd
650 3948 739 3997 Moen.
754 3946 833 4006 1802)
842 3947 872 3995 in
890 3946 1016 3997 Seehodii
1027 3952 1055 3997 et
1066 3948 1259 4000 Friedemanni

129 4015 245 4067 Miscell.
267 4017 341 4067 critt.
367 4018 389 4067 Ι.
413 4033 437 4082 p.
455 4017 505 4068 205
526 4032 612 4082 seqq,
633 4017 672 4066 Μ.
696 4017 774 4065 HE.
794 4017 893 4066 Meier:
913 4018 954 4067 De
969 4018 1047 4067 bonis
1068 4017 1258 4070 damnatorum

130 4085 261 4150 (Berolin.
277 4084 355 4150 1819)
371 4101 433 4151 perr.
448 4087 495 4137 117
509 4102 577 4153 seq,
591 4085 746 4136 Dshlmsnn
757 4084 775 4134 l.
795 4085 812 4134 l.
823 4101 886 4151 pag.
902 4087 912 4137 1
930 4102 1015 4152 seqq,
1030 4089 1064 4138 K.
1079 4088 1120 4136 W.
1137 4089 1260 4153 Krneger

130 4159 171 4206 in:
185 4156 331 4207 Seehode’s
343 4156 450 4206 Archiv.
468 4158 543 4208 1824.
560 4156 583 4206 i.
603 4172 629 4220 p.
645 4155 696 4207 205
712 4171 788 4220 seqq.
802 4160 830 4205 et
842 4156 1012 4219 potissimum
1030 4160 1071 4208 in:
1092 4158 1258 4210 Historiseh.

130 4225 222 4291 philol.
243 4225 356 4276 Studien
374 4227 398 4276 1.
413 4242 439 4289 p.
455 4226 489 4276 76
506 4241 591 4291 seqq,
603 4225 685 4276 Kroft
699 4226 742 4274 in:
760 4225 872 4290 Panly’s
892 4226 1101 4292 Resleneyclop.
1115 4229 1137 4278 Ι.
1159 4244 1184 4293 p.
1198 4229 1260 4291 368,

129 4295 253 4348 Kleinert
268 4298 309 4345 in:
331 4296 458 4360 Beitritge
479 4291 522 4346 ιιι·
538 4296 562 4346 d.
578 4295 695 4361 theolog.
715 4295 883 4349 Wissensch.
906 4312 960 4346 von
972 4297 1079 4362 Dorpst
1094 4296 1255 4365 (Hsmburg.

132 4365 213 4430 1833)
223 4365 317 4430 naue,
331 4365 362 4417 C.
370 4365 539 4417 ouueuerz
551 4367 638 4415 Dorer
649 4367 673 4419 1.
681 4381 707 4430 p.
717 4363 767 4416 ltu
779 4380 835 4430 seq.
844 4365 906 4417 coll.
915 4366 1136 4418 Wschsmntbic:
1151 4368 1259 4422 Hellen.

130 4435 324 4486 Alterthurusk.
340 4437 363 4487 I.
379 4451 404 4501 p.
422 4437 483 4487 222.
497 4435 599 4486 Contrs
612 4435 689 4501 pacis
704 4435 844 4485 (limonine
856 4436 956 4487 vindex
973 4442 1035 4502 post
1047 4438 1258 4504 Wesselingium

132 4504 180 4571 (sd
193 4505 307 4556 Diodor.
325 4507 388 4570 XII,
402 4505 451 4570 4.),
467 4505 552 4570 elios,
565 4521 650 4573 nuper
667 4505 776 4556 exst-itit
791 4505 821 4560 C.
836 4507 870 4556 H.
890 4506 1049 4558 Lachmann
1070 4508 1097 4558 in
1110 4508 1257 4559 Dissertet.
