3100 5175
233 423 252 482 2
667 422 932 484 HERODOTI

232 602 323 687 χέως.
373 603 419 667 Ol
441 595 505 686 γὰρ
531 586 580 665 ών
607 594 672 665 ἀπὸ
694 594 890 685 Στρυμόνος
911 602 1073 680 Παίονες,
1103 590 1284 681 χρήσαντος
1311 595 1371 659 τοῦ

232 707 318 771 θεον
331 700 573 789 στρατεύεσθαι
596 704 650 770 ἐπὶ
664 708 888 790 Περινθίους,
910 695 1022 788 καὶῆν
1042 697 1104 787 μὲν
1123 692 1369 784 ἀντικατιζόμε-

233 834 287 875 νοι
313 808 577 876 ἐπικαλέσωνταί
594 827 699 894 σφεας
726 810 761 873 ot
779 812 960 891 Περίνθιοι
990 797 1170 891 οόνομαστὶ
1190 798 1370 889 βώσαντες,

233 907 311 989 τοὺς
334 910 370 979 dl
392 911 605 998 ἐπιχειρέειν,
633 905 675 997 ἢν
697 909 734 978 dl
754 905 800 997 μὴ
821 905 1069 996 ἐπιβώσωνται,
1096 903 1141 994 μὴ
1162 905 1371 992 ἐπιχειρέειν,

234 1017 370 1083 ἐποίευν
383 1019 418 1083 ot
428 1020 573 1093 Παίονες
587 1018 700 1082 ταῦτα.
727 1009 1027 1100 ἀντικατιζομένων
1041 1009 1078 1077 δὲ
1092 1013 1160 1076 τών
1173 1014 1371 1095 Περινθίων

234 1120 332 1208 ἐντῷ
353 1124 559 1208 προαστείῳ,
588 1120 737 1186 ἐνθαῦτα
758 1122 966 1204 μουνομαχίη
987 1119 1145 1200 τριφασίη
1169 1115 1206 1181 ἐκ
1226 1108 1370 1199 προκληκ

233 1219 304 1300 σιός
318 1241 379 1308 σφι
393 1222 539 1308 ἐγένετο·
569 1223 625 1289 καὶ
639 1218 703 1309 γὰρ
717 1217 827 1308 ἄνδρα
841 1217 957 1308 ἀνδρὶ,
978 1219 1034 1286 καὶ
1047 1222 1152 1285 ἵππον
1165 1220 1257 1307 ίππςο
1271 1216 1370 1283 συνέ-

234 1426 355 1494 plnribus
376 1431 536 1491 persecatus
556 1431 613 1490 est,
635 1426 672 1477 nd
691 1426 775 1490 Phry·
827 1417 1004 1475 καλέσωνταί
1032 1437 1121 1488 σφεας
1149 1414 1179 1471 ol
1204 1416 1370 1484 Περίνθιοι]

234 1500 325 1565 gisam
343 1499 454 1562 stirpem
466 1498 589 1548 Paeones
603 1499 662 1548 iure
677 1497 775 1547 refert:
827 1494 1029 1547 Particularum
1048 1487 1101 1557 pls
1117 1498 1145 1544 et
1163 1485 1195 1540 δὲ
1214 1490 1310 1542 eadem
1327 1488 1372 1538 hic

233 1568 291 1619 vid.
304 1566 487 1618 Makedonien
506 1583 556 1617 vor
567 1567 657 1633 Kiinig
667 1567 776 1632 Philipp
828 1567 900 1616 ratio
921 1571 1006 1631 atque
1021 1564 1080 1627 ΙΙΙ,
1098 1564 1146 1625 30,
1167 1561 1214 1611 nbi
1231 1560 1286 1611 vid.
1300 1563 1369 1610 nott.

234 1653 261 1703 p.
283 1639 316 1688 57
338 1642 365 1687 et
384 1636 486 1701 Pauly:
511 1637 775 1702 Realenoyclopaed.
828 1635 946 1687 Verbum
966 1626 1164 1684 ἐπικαλεῖσθαι
1182 1631 1296 1681 hicnon
1314 1636 1370 1678 tam

234 1708 267 1758 V.
280 1722 306 1771 p.
322 1707 389 1758 1053
401 1722 458 1772 seq.
477 1711 505 1758 et
515 1707 586 1758 coni.
600 1708 684 1759 etiam
698 1707 728 1757 O.
742 1707 775 1760 Ο.
829 1706 917 1758 velet:
936 1708 1042 1756 invitare
1055 1705 1091 1752 orl
1101 1717 1218 1768 ραηαοια,
1231 1715 1371 1762 provocare

234 1775 363 1826 Mueller:
378 1777 469 1828 Ueber
485 1778 531 1828 die
541 1767 686 1828 M'akedon.
701 1793 727 1842 p.
743 1777 778 1827 36
828 1776 923 1841 (quam
937 1774 1173 1840 significationem,
1190 1770 1264 1821 nullo
1277 1785 1372 1836 quam·

234 1862 321 1912 seqq„
333 1844 485 1912 Cousindry
494 1849 608 1913 Voyage
618 1864 651 1898 eu
660 1848 775 1898 Macedo
828 1848 870 1897 vis
881 1844 936 1895 alio
946 1845 1016 1908 loco,
1026 1849 1156 1909 quantum
1168 1840 1292 1907 equidem
1303 1841 1370 1901 ecio,

234 1916 256 1965 I.
274 1931 301 1981 p.
321 1917 378 1966 177.
417 1918 541 1968 Paeones
560 1918 645 1983 igitur
661 1935 694 1968 cx
710 1918 777 1967 Asia
828 1916 961 1965 firmatam
972 1916 996 1964 ei
1010 1915 1107 1964 tribuit
1119 1911 1371 1976 Schweighaeuser.

235 1986 332 2036 minori
342 1986 432 2051 priseo
447 1986 590 2037 admodum
609 2004 677 2039 aevo
693 1987 777 2037 delati
829 1986 857 2035 in
868 1986 960 2036 Lexie.
974 1985 1105 2035 Herodot.
1121 1985 1144 2034 I.
1157 1998 1185 2047 p.
1198 1979 1271 2044 255),
1290 1995 1371 2045 quam

235 2071 341 2105 omnem
360 2056 497 2107 Thraciae
516 2057 703 2108 meridionalis
722 2063 778 2107 tra·
827 2056 960 2106 invocandi
978 2060 1006 2104 et
1022 2055 1174 2103 inclamandi
1191 2050 1229 2116 (v.
1252 2067 1277 2101 c.
1293 2048 1371 2113 deos)

234 2130 308 2175 ctum
319 2125 515 2175 occidentalem
530 2127 662 2177 tenebant
677 2143 710 2177 ee
723 2143 776 2192 qua
828 2127 967 2176 notionem
984 2124 1036 2175 hoc
1057 2139 1164 2188 quoquc
1181 2122 1243 2171 loco
1260 2121 1372 2180 retinet,

234 2193 393 2244 Herodotus
402 2199 430 2244 et
440 2194 615 2260 Thucydides
626 2198 718 2246 vixere
731 2212 776 2245 ae·
829 2201 860 2244 nt
874 2195 897 2256 1,
908 2196 950 2248 87.
966 2197 999 2256 V,
1009 2194 1051 2244 61.
1064 2193 1141 2255 vul,
1154 2192 1189 2242 64
1204 2189 1264 2241 coll.
1278 2188 1371 2250 111,οἳ

235 2269 307 2324 tato,
323 2264 359 2314 ad
371 2264 543 2329 Strymonem
559 2266 712 2330 Axiumque
727 2266 776 2314 flu·
826 2267 947 2329 itemque
969 2262 1043 2328 apud
1063 2262 1204 2312 Platonem
1222 2262 1263 2310 De
1283 2260 1369 2323 Legg.

234 2334 295 2383 rios
314 2335 486 2398 potissimum
507 2333 677 2396 habitantem
705 2335 776 2384 unde
828 2333 864 2382 ΙΙ.
879 2350 906 2398 p.
921 2333 972 2383 664
995 2331 1065 2396 (ubir
1085 2323 1136 2380 τὸν
1148 2327 1263 2379 Παιᾶνα
1277 2322 1372 2377 insuu-

236 2403 322 2453 omnis
342 2403 465 2454 Paeonia
493 2404 522 2453 in
543 2403 727 2468 Strymoniam
748 2409 776 2454 et
828 2398 987 2466 λούμενος).
1003 2401 1121 2466 Euthyd.
1137 2416 1163 2465 p.
1174 2399 1225 2450 ‘297
1238 2399 1268 2448 C.
1283 2397 1371 2449 Thus.

234 2472 370 2522 Axisnam
396 2473 484 2523 dividi
506 2477 617 2538 poterit.
657 2475 777 2538 Strymo·
828 2472 938 2536 lma
974 2472 1107 2536 Respexit
1128 2471 1199 2520 enim
1217 2471 1318 2519 Noster
1336 2468 1371 2517 ad

234 2545 392 2594 niamcerte
406 2542 576 2607 incolebant,
593 2545 639 2612 qui
652 2544 703 2596 hoo
716 2544 776 2595 loco
828 2557 875 2605 ea,
902 2556 970 2607 quae
986 2540 1068 2607 paulo
1090 2546 1154 2607 post
1172 2539 1206 2590 do
1221 2537 1372 2590 Perinthiis

234 2620 477 2664 commemorantur
504 2630 521 2664 a
545 2616 702 2679 Strymone,
729 2615 777 2665 ubi
828 2613 1020 2663 narranturob
1039 2612 1185 2663 victoriam
1203 2614 1372 2675 reportatam

235 2683 313 2735 sedes
328 2684 482 2746 habebant,
502 2685 620 2749 profecti
635 2686 670 2736 ad
682 2687 776 2736 Perin-
828 2684 963 2734 Paeanem
978 2681 1140 2734 canentibus
1150 2681 1284 2745 deumque
1296 2681 1373 2729 invo-

234 2753 318 2804 thios.
346 2754 388 2803 De
399 2756 530 2820 Strymone
539 2756 635 2819 fluvio,
647 2758 695 2821 qni
704 2771 776 2805 nune
828 2753 971 2815 cantibus,
989 2768 1049 2803 oum
1067 2767 1115 2816 pro
1130 2766 1203 2801 more
1219 2749 1373 2799 clamarent

235 2822 307 2887 apud
316 2823 449 2887 Bnlgaros
459 2824 691 2889 vocaturStrumo,
702 2825 777 2890 apud
824 2815 865 2887 ’1η
880 2818 969 2872 παιὰν
989 2840 1011 2873 s.
1023 2813 1063 2887 Ἰἡ
1077 2813 1180 2871 παιών.
1216 2821 1312 2885 Neque
1322 2820 1373 2869 ad·

235 2893 341 2943 anoas
359 2891 452 2955 Orsen,
473 2899 594 2945 veterum
612 2896 776 2960 scriptorum
827 2894 935 2943 modum
962 2882 1164 2958 significatione
1192 2890 1284 2940 differt
1312 2880 1372 2937 ἐπι·

235 2963 392 3013 testimonia
408 2963 503 3014 attulit
516 2964 647 3029 Forbiger
658 2965 676 3015 l.
690 2964 709 3015 l.
723 2964 775 3014 111.
828 2961 972 3028 βοᾶσθαι,
996 2962 1067 3028 quod
1089 2962 1201 3011 verbum
1220 2959 1314 3010 eadem
1333 2961 1372 3008 in·

235 3049 297 3098 pag.
313 3033 380 3083 1056
398 3040 583 3100 accurateque
606 3036 662 3100 egit
680 3034 776 3085 Talei:
827 3034 934 3082 vocandi
948 3032 1025 3091 (deos
1039 3030 1112 3096 scil.)
1127 3032 1240 3081 notione
1253 3030 1309 3080 iam
1325 3030 1372 3079 ad-

234 3102 599 3169 De'Phessalonio.pag.243
610 3121 685 3172 seqq.
707 3104 777 3155 Con·
827 3103 918 3153 hibuit
937 3103 1071 3152 Homerus
1096 3102 1124 3150 in
1142 3099 1224 3151 Iliad.
1247 3101 1286 3161 X,
1308 3099 1370 3151 463.

235 3171 289 3221 suli
301 3186 407 3237 quoqne
418 3177 534 3235 possunt
546 3173 579 3223 de
589 3176 682 3226 eodem
692 3175 776 3225 fluvio
828 3173 927 3237 Odyss.
943 3172 966 3234 l,
982 3171 1034 3221 378
1051 3169 1113 3221 coll.
1124 3172 1162 3233 Il,
1176 3169 1237 3220 143.
1250 3170 1371 3234 itemque

236 3242 372 3293 Gatterer.
390 3241 570 3292 Commentat.
600 3242 634 3292 de
656 3243 777 3293 Thracia
827 3240 951 3307 Euripid.
970 3243 998 3291 in
1016 3241 1088 3291 Med.
1109 3240 1158 3292 168
1175 3245 1203 3291 et
1216 3239 1370 3304 Thucydid.

235 3311 275 3376 (iu
290 3311 467 3360 vernaculum
485 3327 635 3363 sermonem
651 3327 774 3365 convers.
827 3312 880 3373 Ill,
894 3312 936 3364 50.
953 3312 996 3361 67.

233 3380 268 3431 ab
281 3381 318 3431 Η.
333 3379 550 3443 Schliohtegroll.
565 3382 687 3448 Gotting.
698 3381 777 3445 1860)
862 3372 1018 3443 σι’ννομαστὶ
1029 3372 1180 3445 βώσαντες]
1198 3380 1256 3431 Iam
1272 3378 1373 3430 Schne-

234 3448 401 3515 peg.73.99
420 3455 449 3499 et
467 3453 562 3517 Poppo
583 3452 618 3501 ad
639 3451 777 3515 Thucydi·
827 3450 902 3500 ferus
929 3465 978 3514 pro
998 3450 1072 3514 vulg.
1099 3441 1235 3514 ὀνομαστί
1259 3450 1293 3500 de
1321 3465 1371 3499 suo

233 3520 275 3569 die
291 3518 378 3569 locum
391 3519 424 3569 de
436 3519 478 3572 his
494 3521 637 3572 classicum
652 3520 703 3587 (lI,
719 3519 776 3585 06.)
828 3520 938 3570 dederat
958 3513 1129 3582 οὐνομαστί,
1156 3520 1227 3584 qnod
1248 3535 1310 3570 oum
1331 3535 1372 3569 re-

234 3591 311 3639 Tom.
324 3589 361 3639 11.
375 3605 402 3654 p.
415 3588 475 3640 376.
827 3594 910 3640 centt.
922 3589 982 3641 edd.
993 3589 1095 3654 recepi,
1109 3589 1200 3651 utIlI,
1212 3591 1253 3640 14.
1269 3590 1318 3651 VI,
1327 3589 1370 3643 70.

273 3651 312 3707 Oi
321 3650 374 3721 γὰρ
388 3643 429 3707 ών
442 3651 499 3710 ἀπό
510 3653 675 3725 Στρυμόνος
686 3659 776 3708 Παίο·
826 3660 864 3722 V,
883 3659 941 3712 102.
963 3659 1005 3708 Ad
1018 3659 1131 3709 formam
1142 3654 1285 3725 βώσαντες
1297 3658 1371 3709 conf.

233 3725 290 3792 νες]
305 3728 449 3779 Pertinent
460 3730 495 3780 ad
506 3730 574 3781 haee
588 3732 616 3781 in
626 3731 678 3781 line
690 3746 774 3781 ennn-
825 3734 895 3780 nott.
905 3727 970 3790 adl,
981 3728 1019 3778 10.
1033 3730 1098 3779 Mox
1108 3745 1157 3795 pro
1166 3719 1372 3791 ἀντικατιζομέ-

232 3799 359 3848 tintinnis
379 3799 471 3863 posita
494 3800 579 3851 verba
603 3794 718 3850 ἐποίευν
745 3795 776 3848 οί
824 3813 884 3846 νων
895 3798 987 3864 plures
999 3798 1063 3849 libri
1074 3791 1371 3862 ἄντιζομένων,οιι1ιι,

232 3865 358 3924 Παίονες
382 3865 482 3934 ταῦτα,
511 3870 559 3920 nbi
577 3872 713 3935 repetitur
738 3870 772 3920 ob
825 3870 885 3918 meu
904 3867 1012 3933 quidem
1034 3870 1180 3921 sententia.
1221 3869 1274 3919 Pro
1295 3867 1370 3929 vulg.

231 3938 315 3990 verba
324 3936 403 4003 plura
415 3938 561 3990 interiecta
570 3956 624 3991 vox
638 3938 772 3997 Παίονες,
824 3935 988 4005 προαττηίῳ
1007 3938 1068 3989 dedi
1088 3955 1150 3990 cum
1172 3943 1286 3989 recentt.
1307 3938 1368 3990 edd.

232 4008 326 4058 addito
340 4008 467 4060 articulo.
493 4010 564 4060 Sunt
573 4014 663 4060 autem
674 4003 704 4059 οί
713 4000 772 4059 ἀπὸ
822 4005 1036 4075 neocosmum
1047 4009 1098 4070 Ill,
1109 4011 1167 4068 142,
1180 4009 1228 4057 nbi
1237 4009 1291 4058 vid.
1301 4013 1371 4058 nott.

233 4074 772 4147 ΣτρυμόνοςΠαίονες,Ραοοιιεεαδίτη-
824 4078 904 4140 Quod
916 4079 1053 4143 requitur:
1076 4069 1106 4127 ἐκ
1121 4070 1294 4143 προκλήσιος
1312 4076 1371 4142 (cu-

231 4164 310 4203 mone,
323 4150 529 4215 adoniusripas
542 4150 771 4216 habitabant(ei'p
824 4149 865 4198 ins
880 4148 939 4199 loco
958 4147 1021 4198 libri
1034 4147 1146 4215 quidam
1163 4147 1233 4198 male
1251 4139 1280 4197 ἐν
1298 4162 1370 4211 προ·

232 4209 291 4281 δέἡ
302 4215 428 4281 Παιονίη
445 4209 503 4268 ἐπὶ
515 4218 555 4285 τῷ
566 4213 712 4285 Στρυμόνι
721 4235 773 4268 πο-
824 4211 964 4283 altioeus),
980 4218 997 4267 i.
1011 4233 1033 4268 e.
1045 4236 1059 4269 e
1069 4220 1255 4281 provocatione,
1270 4218 1370 4268 iterum

231 4283 311 4354 ταμώ
326 4287 518 4352 πεπολισμένη
536 4290 637 4342 Noster
655 4292 725 4341 dixit
740 4293 773 4353 V,
824 4290 960 4354 reperitur
973 4289 1082 4351 limo
1116 4287 1248 4338 Voculam
1261 4300 1312 4351 σφι
1328 4304 1367 4337 re·

233 4356 293 4421 13),
313 4357 431 4422 proiecti
450 4359 486 4408 ad
506 4358 607 4410 bellum
623 4361 773 4412 Perinthiis
825 4360 911 4420 linui,
941 4372 1103 4423 quamquam
1128 4357 1176 4407 illa
1195 4373 1212 4408 a
1232 4358 1367 4423 Mediceo,

231 4427 410 4481 inferendum.
823 4427 1000 4489 Florentino,
1013 4427 1075 4477 aliis
1089 4427 1176 4477 abest.

265 4492 314 4546 aul
331 4485 369 4562 ἢν
384 4494 436 4562 μὲν
453 4486 695 4563 ἀντικατιζόμενοι
714 4492 773 4547 ἐπι·
864 4492 1029 4564 συνέβαλον]
1053 4496 1071 4545 i.
1088 4511 1112 4549 e.
1129 4499 1166 4547 od
1182 4512 1291 4562 preprium
1303 4512 1366 4546 com·
