3100 5175
236 348 298 411 374
673 339 940 402 HERODOTI

238 524 388 604 δέονται,
410 525 506 606 σφίσι
523 523 709 606 βοηθῆσαι,
731 517 788 585 καὶ
803 514 847 605 μὴ
861 520 1027 602 περιϊδεῖν
1040 512 1139 583 πόλιν
1153 509 1373 600 ἀρχαιοτάτην

239 620 517 710 decoratissimas
533 621 722 709 δουλοσύνῃ
738 625 985 706 περιπεσοῦσαν
1000 620 1081 704 πρὸς
1094 615 1230 706 ἀνδρῶν
1244 613 1371 704 βαρβά-

239 760 319 817 ρων.
353 730 408 798 καὶ
422 725 486 815 γάρ
500 724 647 814 Ἐρέτριά
661 752 697 794 τε
711 729 776 793 νῦν
789 721 1069 813 ἠνδραπόδισται,
1084 725 1140 791 καὶ
1155 721 1233 790 πόλι
1247 728 1373 812 λογίμῳ

239 832 260 923 ἡ
277 831 392 912 Ἑλλάς
413 833 529 919 γέγονε
549 829 786 917 ἀσθενεστέρη.
822 824 857 896 ‘0
879 825 941 914 aiv
961 825 1003 912 δή
1017 848 1077 914 σφι
1098 824 1138 895 τά
1153 826 1373 923 ἐντεταλμένα

240 936 439 1026 ἀπήγγειλε·
463 950 548 1004 τοῖσι
568 935 605 1004 δὲ
626 937 703 1003 ἕαδε
718 933 780 1020 μὲν
802 932 961 1020 βοηθέειν
981 927 1204 1018 Ἀθηναίοισι,
1225 927 1376 998 άδάνατα

242 1044 283 1112 δέ
294 1063 354 1128 σφι
370 1032 464 1129 ἦντὸ
483 1046 672 1125 παραυτίκα
691 1039 819 1106 ποιέειν
833 1039 955 1118 ταῦτα,
978 1032 1019 1101 οὐ
1032 1034 1265 1122 βουλομένοισι
1281 1033 1375 1101 λάειν

241 1144 301 1215 τὸν
312 1144 427 1232 νόμον.
452 1134 495 1232 ἦν
508 1140 572 1232 γάρ
590 1146 770 1229 λσταμένον
784 1144 843 1209 τοῦ
858 1135 961 1228 μηνὸς
977 1137 1107 1226 εἰνάτη·
1134 1137 1246 1226 εἰνάτη
1262 1137 1298 1206 δὲ
1314 1134 1377 1205 οὐκ

243 1347 316 1398 coni.
331 1347 384 1406 IV,
403 1343 451 1395 153
469 1344 561 1409 ibique
574 1348 644 1397 nott.
654 1369 689 1379 —
705 1341 786 1404 Quod
836 1341 956 1393 taeeusis
969 1341 1126 1390 memoriam
1139 1340 1183 1389 die
1199 1339 1262 1388 XIV
1276 1338 1379 1390 mensis

244 1417 278 1469 ad
294 1420 481 1481 argumentum
501 1415 613 1474 attinet,
633 1414 723 1463 minus
741 1428 786 1462 ae·
836 1411 1075 1464 Maemacterionis
1088 1414 1213 1474 peraeta,
1234 1425 1296 1459 cum
1316 1411 1378 1472 ipsa

243 1492 338 1539 cairate
351 1486 384 1535 de
401 1486 449 1546 iis,
471 1500 541 1549 qnae
552 1483 588 1533 ad
602 1482 786 1534 Lacedaemo·

244 1559 351 1608 nicrum
366 1570 444 1619 opem
462 1558 602 1619 spectant,
623 1552 716 1604 retulit
730 1552 787 1603 lso·

244 1631 334 1679 crates
348 1626 378 1675 in
391 1625 525 1689 Panegyr.
543 1626 569 1687 ἕ.
583 1624 626 1674 86.

281 1688 433 1758 λσταμένον
443 1692 496 1743 τοῦ
506 1686 598 1756 μηνὸς
607 1684 716 1755 εἰνάτη]
733 1693 797 1759 ΡιοΙ

246 1758 380 1829 λσταμένη
396 1765 453 1814 inre
467 1779 537 1814 nunc
551 1764 698 1825 repositum
712 1756 789 1812 iuru-

246 1849 347 1901 μενον,
368 1832 440 1900 quod
460 1834 543 1884 etiam
560 1832 702 1882 Plutarchi
721 1832 789 1881 haec

247 1905 386 1970 tangentis
400 1905 566 1954 auctoritate
580 1902 701 1952 firmatur
711 1903 748 1952 ll.
761 1918 787 1964 p.

247 1977 330 2026 SssiF
350 1974 412 2025 coll.
435 1990 460 2036 p.
477 1974 557 2024 717ss
578 1978 605 2023 et
621 1972 724 2023 Herod.
741 1970 788 2032 v1,

247 2047 291 2095 57.
320 2045 389 2094 Nam
404 2044 472 2093 satis
489 2048 616 2106 constat,
630 2043 789 2107 incipientis

249 2113 348 2164 mensis
359 2113 416 2162 dies
427 2105 679 2174 vocarilurupe'voo
690 2103 790 2174 μηνὸς,

248 2186 290 2234 ita
301 2185 333 2231 ut
345 2197 432 2232 nonus
447 2182 548 2232 mensis
566 2182 623 2231 dies
635 2181 750 2245 intelligi
763 2180 791 2230 h.

207 2287 214 2296 -
248 2254 266 2303 l.
278 2253 384 2304 debeat.
407 2252 485 2313 Quod
496 2248 788 2302 veroPlutarchusl.l.

249 2321 381 2371 novilunii
392 2322 523 2386 religione
535 2321 684 2385 Spartanos
698 2322 733 2372 ab
746 2335 792 2369 ex·

250 2390 435 2456 peditiouibus
449 2392 558 2440 omnino
570 2390 735 2440 abstinuisse
746 2405 792 2439 ne·

250 2475 319 2526 gans
328 2459 499 2510 Herodotum
508 2459 678 2520 criminatur,
690 2475 751 2510 cum
761 2460 791 2508 in

250 2535 407 2596 perpetuam
433 2528 622 2580 Marathonius
656 2530 791 2580 victoriae

250 2601 407 2652 memoriam
420 2601 490 2651 diem
505 2605 608 2651 sextum
618 2600 793 2651 Boiidromio-

250 2672 292 2720 nis
305 2672 491 2722 consecrarint
504 2670 549 2732 (de
562 2685 615 2735 quo
625 2671 718 2721 eodem
729 2669 793 2720 Plu·

250 2740 361 2791 turchos
374 2741 402 2790 in
419 2741 525 2792 Camill.
542 2741 582 2790 lll.
599 2755 661 2804 pag.
679 2737 791 2801 lasa),

250 2814 324 2861 recta
339 2810 468 2861 observat
482 2810 693 2874 Wesselingins,
705 2811 792 2860 Hero·

252 2880 309 2930 doti
325 2880 417 2943 iidem,
441 2880 532 2945 utqui
550 2881 671 2945 proxime
687 2881 721 2930 ud
732 2882 792 2930 Ma-

250 2950 392 3002 rathoniae
408 2967 515 3016 pugnae
527 2955 646 3001 aetatem
657 2951 793 3014 pertinue-

251 3020 288 3069 rit
308 3022 519 3085 accuratiusque
538 3020 571 3073 de
584 3020 627 3071 his
642 3025 715 3071 certe
728 3020 792 3070 edo-

251 3095 312 3140 ctus
327 3090 427 3150 fuerit,
448 3090 532 3155 pluris
546 3089 699 3140 faciendam
720 3105 790 3139 esse.

250 3161 291 3210 Ae
309 3159 352 3210 vel
376 3161 400 3211 si
416 3160 563 3223 largiamur
574 3159 734 3217 Plutarcho,
755 3159 793 3207 ie-

251 3229 795 3293 stumpugnaehlarathoniaesextoBoii·

251 3298 399 3348 dromionis
414 3299 457 3348 die
469 3298 581 3349 Athenis
591 3301 738 3363 quotannis
751 3298 793 3347 iu·

250 3368 306 3418 isse
316 3366 588 3432 celebratum,potuit
598 3383 673 3431 sane,
682 3372 711 3417 ut
720 3368 792 3417 idern

252 3441 343 3487 monet
360 3437 489 3495 wasseb,
511 3437 644 3488 victoriae
664 3438 794 3488 memoria

252 3506 387 3557 anteverti
400 3512 428 3556 et
439 3513 516 3557 sexto
532 3505 576 3556 dic
590 3509 692 3557 sacrari
704 3507 747 3558 vel
758 3507 792 3557 ob

252 3576 383 3638 mysteria
408 3582 529 3627 extremo
556 3592 647 3628 mense
672 3578 793 3627 Boiidro·

252 3646 341 3696 mione
356 3645 489 3696 celebrari
501 3645 592 3706 solita,
607 3645 651 3697 vel
664 3647 744 3696 aliam
759 3647 793 3697 ob

251 3728 378 3775 eausam
399 3717 493 3781 itaqua
514 3716 719 3767 Bo'ddromiouis
748 3718 794 3767 die

252 3787 430 3837 decimosexto
443 3787 479 3836 ad
490 3787 678 3837 Marathonem
691 3803 793 3852 pugua-

176 3912 178 3916 ,
251 3861 309 3906 tum
331 3871 390 3907 esse
410 3856 539 3907 credibile
557 3857 665 3907 videtur
686 3858 793 3908 Wcssc-

249 3925 351 3990 lingio,
374 3942 435 3976 eum
452 3926 582 3992 Spartani
603 3943 674 3978 riono
693 3929 793 3979 mensis

250 3995 294 4046 die
313 3996 349 4047 ad
368 3997 431 4047 belli
450 3998 651 4048 consortionem
669 3998 791 4057 invitati,

251 4070 314 4129 post
327 4066 500 4130 plenilunium
513 4067 638 4118 contecto
652 4068 736 4118 tridui
749 4069 792 4117 iti-

251 4151 330 4198 nere,
344 4136 435 4187 Persis
445 4136 524 4187 modo
537 4137 697 4202 profligatis,
711 4137 792 4190 arhe-

251 4220 301 4255 nus
320 4204 505 4257 adcurrerent.
535 4209 629 4270 Neque
651 4208 702 4258 hoc
719 4209 793 4260 inso-

250 4272 308 4324 leus
325 4274 426 4337 inisse,
449 4282 480 4326 ut
497 4278 630 4329 victoriae
647 4277 745 4329 festum
763 4280 791 4327 in

837 1498 929 1547 pugna
938 1482 1083 1531 commissa
1094 1482 1130 1530 sit
1143 1483 1242 1544 quarto
1254 1478 1300 1528 die
1311 1480 1380 1529 Boii·

838 1552 999 1612 dromiouis,
1011 1555 1081 1601 teste
1091 1550 1163 1600 Plut.
1170 1550 1252 1599 Arist.
1264 1549 1378 1612 eap,·21.

838 1622 939 1672 Eadem
954 1622 1091 1671 sententia
1105 1620 1213 1670 Cossini
1225 1620 1304 1668 Fast.
1321 1620 1378 1668 Att.

838 1693 884 1743 lV.
901 1706 927 1756 p.
945 1690 1004 1740 181.
1035 1690 1190 1740 Herodotus
1203 1690 1291 1751 ipsum
1309 1705 1380 1739 men-

839 1777 911 1820 sem,
937 1762 1015 1810 cuius
1042 1761 1086 1810 die
1111 1775 1182 1809 nono
1201 1759 1380 1823 Phidippides

839 1835 989 1895 Spartanos
999 1829 1133 1880 allocutus
1143 1835 1195 1887 est,
1210 1828 1320 1878 nomine
1330 1845 1380 1878 suo

839 1900 913 1951 hand
934 1900 1098 1951 declaravit:
1123 1898 1301 1962 plenilunium
1316 1916 1380 1951 vero

840 1969 957 2022 nondum
972 1969 1059 2020 inisse
1080 1970 1163 2019 verba
1183 1971 1328 2035 sequentia
1342 1972 1380 2018 iu-

841 2042 950 2091 dicant:
977 2044 1039 2103 post
1064 2039 1242 2104 plenilunium
1262 2055 1381 2105 pugnam

841 2112 927 2175 ipsam
946 2110 1116 2160 commissam
1138 2125 1197 2159 esse
1216 2125 1303 2173 acque
1325 2125 1381 2159 ccr-

841 2188 907 2231 tum.
937 2181 1033 2245 ltaque
1046 2179 1172 2239 offendit,
1189 2180 1263 2244 quod
1275 2178 1382 2230 Plutar-

841 2251 907 2300 chus
917 2250 1013 2312 tribus,
1028 2266 1094 2313 quos
1105 2265 1188 2314 snpra
1198 2250 1331 2307 iudicavi,
1345 2248 1381 2298 lo·

841 2322 881 2371 cis
896 2320 992 2370 scribit
1006 2330 1080 2370 sexto
1097 2319 1140 2369 die
1154 2322 1253 2370 mensis
1266 2321 1381 2370 Baedro-

840 2393 927 2442 nu'ouis
939 2390 1029 2453 (cuius
1042 2390 1101 2439 loco
1114 2406 1254 2455 perperam
1272 2391 1381 2453 Thorpe-

841 2462 929 2511 lienem
942 2465 1023 2511 vocat
1038 2459 1167 2510 Aelianus
1180 2460 1213 2508 V.
1229 2461 1264 2509 H.
1282 2460 1320 2514 11,
1336 2456 1381 2519 15)

842 2529 877 2578 ad
890 2530 1079 2579 Marathonem
1099 2546 1158 2580 esse
1172 2536 1322 2596 pugnatum
1339 2545 1382 2579 eo-

841 2600 955 2665 demque
970 2602 1014 2651 die
1031 2602 1161 2652 redeunte
1178 2602 1325 2665 quotannis
1346 2599 1383 2649 ie·

841 2676 913 2720 stum
928 2671 955 2719 in
971 2686 1078 2736 pugnae
1091 2673 1245 2722 memoriam
1256 2672 1291 2722 ab
1301 2669 1383 2720 Athe·

842 2740 982 2790 aiensibus
1006 2741 1189 2791 celebratum:
1219 2754 1381 2807 quamquam

841 2811 963 2875 plerique
983 2817 1093 2861 nostrae
1114 2811 1214 2861 aetatis
1234 2812 1287 2861 viri
1309 2810 1382 2860 docti

843 2895 949 2945 pugnae
961 2880 1151 2931 Marathonius
1169 2883 1239 2932 diem
1259 2882 1321 2932 iude
1337 2895 1383 2946 po·

843 2955 958 3000 suerunt
976 2960 1077 3001 sextum
1095 2952 1315 3013 Boiidromiouis‚
1337 2949 1383 3016 qui

842 3036 902 3070 cnm
915 3022 1028 3070 vicesimo
1042 3023 1146 3082 ,παροδον
1162 3022 1206 3071 δίο
1215 3021 1384 3087 Septembris

843 3091 929 3140 nostri
939 3092 1094 3149 conveniat,
1109 3092 1172 3140 anni
1183 3092 1235 3142 490
1245 3098 1310 3141 ante
1320 3091 1382 3140 Chr.

844 3161 935 3211 usiae
943 3160 1207 3225 Olymp.LXXlI,3;
1227 3162 1299 3212 conf.
1311 3159 1383 3210 Clin-

843 3231 981 3281 ton.Fast.
988 3230 1095 3281 Hellen.
1105 3230 1156 3294 (ΙΙ)
1165 3248 1191 3295 p.
1199 3232 1233 3283 au
1247 3232 1288 3281 ed.
1300 3232 1385 3281 Krue-

842 3316 908 3363 ger„
918 3301 1059 3351 Duueker:
1074 3301 1204 3351 Gesohd.
1213 3299 1329 3351 Alterth.
1338 3301 1385 3350 lv.

843 3386 869 3433 p.
885 3369 945 3421 683.
979 3370 1033 3420 Sed
1049 3369 1149 3420 dudum
1167 3372 1275 3421 exstitit
1288 3370 1386 3421 Frcret

845 3438 937 3502 (Mem.
959 3440 992 3490 de
1009 3439 1114 3490 l'Acad.
1140 3441 1167 3490 d.
1186 3441 1329 3506 Inscriptt.
1350 3442 1382 3489 T.

843 3511 946 3561 xvlll.
963 3526 988 3573 p.
1007 3510 1056 3561 134
1072 3508 1160 3576 seqq.)
1181 3525 1295 3576 eumque
1309 3526 1385 3561 seca·

844 3585 888 3629 tus
908 3583 951 3630 est
970 3579 1090 3629 Lareher
1107 3582 1147 3641 (in
1167 3586 1224 3633 not.
1246 3581 1325 3631 adh.
1345 3579 1384 3641 l),

845 3651 892 3714 qui
904 3654 1018 3714 uterquc
1031 3655 1109 3699 sexto
1122 3651 1328 3701 Baedromionis
1342 3650 1385 3701 die

844 3735 962 3784 pugnam
988 3721 1121 3770 committi
1145 3722 1266 3785 potuisse
1292 3725 1385 3785 negat,

845 3806 916 3853 quae
936 3805 1028 3840 mense
1047 3790 1226 3841 antecedente
1240 3791 1387 3853 Metageit·

846 3862 926 3909 nioue
938 3860 1031 3922 potius
1047 3862 1085 3910 sit
1096 3862 1256 3921 commissa,
1271 3860 1336 3910 licet
1349 3860 1387 3911 fe·

846 3935 917 3979 stum
929 3929 957 3978 in
968 3944 1077 3995 pugnae
1087 3933 1242 3981 memoriam
1254 3929 1387 3981 celebrari

845 3999 955 4049 solitum
982 4000 1124 4061 postmodo
1144 4000 1233 4051 locum
1259 4001 1386 4052 habuerit

842 4073 920 4119 sexto
939 4070 1147 4121 Boedromionis
1175 4071 1229 4121 die.
1265 4072 1299 4122 Iu
1321 4087 1386 4122 eau-

843 4139 904 4189 dem
918 4141 1082 4190 sententiam
1098 4140 1222 4204 pluribus
1233 4142 1387 4206 disputavit

842 4207 953 4260 Boeclrh
976 4208 1044 4274 (vid.
1061 4210 1148 4262 lodie.
1170 4209 1247 4262 lectt.
1267 4213 1385 4262 aestiva.

843 4280 989 4332 universit.
1006 4280 1124 4332 Berolin.
1142 4280 1222 4337 1816,
1239 4280 1384 4332 ΑοοασδῙΙ.

250 4341 334 4392 alium
351 4344 421 4395 diem
439 4346 525 4398 fucrit
544 4346 721 4408 translatum,
743 4349 791 4397 do·
843 4350 869 4399 d.
883 4349 986 4402 Berlin.
997 4337 1085 4402 alid.
1098 4351 1164 4401 anni
1180 4351 1255 4403 1818.
1267 4367 1331 4417 pag.
1341 4353 1385 4409 at,

251 4416 314 4462 ecnt
333 4412 506 4479 Eleutheris,
530 4416 558 4466 iu
579 4416 712 4467 victoriae
729 4416 791 4467 Pla·
842 4420 896 4470 Zur
906 4419 1068 4471 Geseblchte
1078 4420 1103 4470 d.
1115 4420 1386 4488 Mondoyel.pag.6·t
