3100 5175
550 383 731 467 neapo.
755 384 810 446 vr.
833 393 890 449 ιιι.
1228 376 1317 448 rra

151 556 280 648 μισθὸν
301 562 362 627 τοῦ
382 566 506 653 τείχεος
520 563 579 627 τοῦ
600 560 677 645 περὶ
698 556 761 648 τὴν
776 556 961 646 ἀκρόπολίν
981 585 1057 627 κοτε
1071 562 1289 650 ἐληλαμένου,

98 662 288 751 εοτταύτην
308 658 353 742 ὡς
366 667 454 732 torro
468 660 547 742 τούς
565 658 766 750 Ἀθηναίους
783 664 1027 750 ἐξεργασμένην
1041 654 1098 746 εὖ,
1123 662 1185 753 την
1206 665 1287 751 κρό-

151 794 251 855 τερον
274 764 361 835 εἶναι
380 765 488 855 κακήν
507 793 544 835 τε
567 767 620 835 καὶ
643 770 704 835 τοῦ
716 763 861 855 μηδενὸς
878 761 992 853 ιἰξίην,
1014 773 1133 854 λαβεῖν
1155 767 1289 855 φθόνον

151 871 257 941 τεκαὶ
271 875 390 958 ἵμερον
410 874 467 957 τῆς
484 874 562 958 γῆς,
583 871 639 939 καὶ
662 866 749 938 οὕτω
770 867 964 952 ἐξελαύνειν
984 866 1107 951 αὐτοὺς
1126 868 1290 959 οὐδεμίαν

151 973 259 1062 ἄλλην
273 972 445 1062 πρόφασιν
458 975 719 1061 προϊσχομένους
732 972 811 1054 τούς
829 967 1039 1060 Ἀθηναίους.
1069 970 1126 1055 Ὡς
1140 974 1177 1043 δὲ
1192 972 1288 1045 αὐτοὶ

147 1076 323 1166 Ἀθηναῖοι
338 1078 490 1163 λέγουσι,
506 1081 645 1156 δικαίως
658 1076 825 1161 ἐξελάσαι·
854 1078 1115 1165 κατοικημένους
1131 1075 1196 1168 γὰρ
1210 1076 1288 1160 τοὺς

151 1177 347 1269 Πελασγοὺς
367 1175 434 1250 ὑπὸ
452 1185 498 1274 τῷ
514 1177 680 1272 Ὑμησσῷ,
704 1184 867 1249 ἐνθεῦτεν
887 1175 1120 1268 ὁρμεωμένους
1139 1179 1288 1251 ἀδικέειν

150 1286 241 1356 τάδε.
280 1289 402 1372 φοιτᾶν
429 1282 493 1371 γὰρ
513 1286 579 1353 ciel
605 1281 663 1364 τὰς
681 1287 845 1371 σφετέρας
863 1286 1053 1370 θυγατέρας
1078 1312 1113 1353 τε
1133 1287 1189 1354 καί
1209 1283 1287 1366 τούς

150 1394 274 1468 παῖδας
294 1384 348 1457 ἐπ’
365 1383 459 1474 ὕδωρ
481 1390 535 1457 ἐπὶ
549 1384 612 1475 τὴν
628 1384 907 1474 Ἐννεάκρουνον·
931 1382 1050 1474 οὐγὰρ
1066 1386 1152 1458 εἶναι
1165 1394 1286 1459 τοῦτον

148 1491 210 1562 τδν
225 1490 347 1580 χρόνον
363 1497 459 1578 σφίσι
474 1519 523 1559 κω
537 1488 617 1559 οὐδὲ
631 1506 716 1559 τοῖσι
731 1488 861 1560 ἄλλοισι
873 1485 1009 1578 Ἕλλησι
1021 1494 1167 1572 οἰκέτας·
1200 1488 1285 1572 ὅκως

148 1697 203 1748 Die
216 1697 320 1747 Demen
333 1698 385 1745 etc.
401 1710 417 1760 p
455 1734 461 1747 .
478 1695 521 1746 42.
534 1694 576 1747 43.
591 1690 691 1746 Procl-

148 1764 236 1830 κήσαι
249 1765 358 1816 Nahars
370 1764 413 1815 rel
440 1764 571 1829 νοικῆααι
586 1764 629 1815 vel
644 1780 693 1830 po·

147 1828 318 1887 tinsolat'om
332 1834 636 1886 scribendnmvidetnr:
653 1833 689 1884 ct.

148 1911 220 1957 nott.
234 1904 268 1957 ad
282 1905 387 1969 v1‚oo.

194 2001 303 2073 μισθὸν
325 2004 377 2057 του
392 2006 498 2072 τείχεος
516 2032 550 2044 -
565 1998 592 2055 ἐλ
613 1998 693 2070 λαμέ-

149 2078 215 2146 νου]
237 2082 280 2130 De
292 2079 353 2144 ipsa
367 2077 454 2128 forma
465 2076 583 2142 perfecti
593 2021 690 2140 ἐληλα-

148 2149 237 2214 μένου
249 2149 304 2200 vid.
325 2148 440 2198 Bredov.
458 2162 522 2213 pag.
537 2147 598 2197 342.
626 2147 691 2197 Ver-

147 2222 211 2272 bum
225 2210 353 2269 έλαυνειν
364 2217 397 2268 ds
408 2220 493 2277 muris,
512 2218 555 2281 ηιιί
567 2218 692 2266 ducuntur

148 2307 172 2341 s.
200 2295 374 2347 exstruantur,
393 2287 458 2353 poni
476 2286 583 2336 monuit
601 2283 692 2336 Blom·

148 2358 219 2411 field.
237 2361 264 2408 in
278 2357 398 2409 Glossar.
422 2357 458 2407 ad
472 2354 600 2420 Aeschyli
613 2356 689 2406 Pers.

147 2430 210 2492 878,
232 2429 279 2479 uhi
297 2427 366 2478 citat
384 2426 519 2477 Herodot.
539 2425 607 2488 v11,
630 2424 688 2477 138.

148 2500 198 2561 lx,
212 2500 239 2550 9.
258 2496 328 2555 Add,
345 2497 367 2559 Ι,
385 2496 516 2548 188185.
535 2494 689 2547 lut-De

148 2585 225 2619 muro
239 2584 256 2619 a
268 2566 392 2632 Pelasgis
402 2567 478 2617 circa
492 2563 631 2630 acropolin
641 2564 692 2615 du-

148 2646 194 2690 cto
203 2639 257 2689 vid.
267 2643 335 2688 nott.
343 2637 377 2686 ad
385 2639 417 2700 V,
432 2637 474 2686 34.
486 2662 516 2672 -
530 2637 560 2685 In
568 2651 643 2701 seqq.
652 2635 688 2685 ad

146 2708 312 2759 locutionem
343 2701 490 2768 πρόφασιν
519 2699 712 2768 προϊσχομέ·

148 2793 215 2835 vove
226 2778 281 2828 vid.
295 2780 363 2826 nott.
378 2776 473 2834 cdlv,
490 2775 538 2827 147
556 2779 584 2824 et
597 2775 646 2838 VI,
660 2774 687 2827 9.

182 2894 211 2929 τε
224 2874 350 2936 καὶτοὺς
367 2875 483 2944 παῖδας]
510 2879 587 2928 Haec
604 2878 688 2928 verba

146 2951 182 3002 oh
198 2956 366 3001 caeterorum
380 2948 508 2999 librorum
526 2949 688 3011 scriptorum

147 3020 338 3071 anctoritatem
360 3018 479 3082 retinui,
499 3033 559 3067 cum
580 3018 615 3067 ab
635 3032 688 3066 uno

146 3090 286 3142 Sancroiti
302 3089 370 3140 libro
392 3088 499 3149 absint,
525 3101 688 3151 quamquam

147 3160 247 3211 dudum
256 3163 384 3224 suspecta
394 3157 490 3208 habuit
497 3155 622 3216 Wessel,
629 3171 688 3205 curn

148 3231 314 3294 obsequens
330 3214 430 3288 αὗται,
450 3233 508 3276 tum
522 3225 594 3291 quod
613 3230 688 3277 vete-

147 3315 205 3351 rum
227 3314 300 3350 more
318 3296 426 3363 puellae
439 3296 542 3347 suerint
560 3285 688 3357 ὑδροφό-

148 3384 203 3432 ροι,
212 3375 283 3420 teate
291 3368 396 3418 Arriam
411 3367 480 3431 Erp.
490 3365 580 3423 Aljll,
594 3366 610 3416 3
625 3363 685 3414 coll.

147 3440 258 3489 Homer.
271 3437 320 3488 Οδ.
334 3438 369 3496 Χ,
386 3437 447 3486 105.
464 3434 531 3486 Inde
543 3434 591 3485 has
606 3449 687 3485 voces

148 3510 269 3559 eiecerat
280 3506 420 3564 Schaefer‚
440 3506 519 3555 uncia
537 3504 688 3554 incluserat

148 3578 291 3628 Matthiae.
311 3577 438 3626 Recentt.
447 3575 506 3625 edd.
515 3574 578 3625 inde
591 3589 608 3623 a
618 3573 687 3623 Bels-

148 3648 214 3698 hero
227 3662 338 3712 prorsus
358 3645 527 3695 sustulerunt
543 3643 611 3693 haec
629 3658 688 3693 ver-

149 3718 193 3780 ba,
206 3717 306 3782 quibus
314 3714 436 3781 equidem
447 3729 502 3764 non
511 3712 687 3775 itaoffendor,

148 3789 272 3854 cogitans
281 3785 397 3851 puellas,
408 3799 479 3849 quae
488 3784 601 3848 antiquo
615 3798 690 3847 pror-

148 3873 194 3908 sus
211 3871 284 3907 more
304 3869 403 3921 aquam
416 3855 552 3919 petiturae
573 3852 607 3902 ad
630 3852 688 3902 lon-

148 3932 202 3977 tem
214 3924 343 3978 accedere
353 3924 489 3987 dicuntur,
501 3938 599 3988 pueros
611 3939 633 3972 s.
648 3923 689 3972 in-

149 3998 240 4048 santes
257 3996 404 4046 comitatos
426 3999 523 4044 etune
541 4008 601 4042 cnm
625 3990 688 4052 illis,

148 4081 263 4132 quarum
276 4079 358 4116 curae
375 4063 500 4128 permissi
517 4062 634 4122 fuerant,
653 4060 689 4110 arl

148 4152 249 4202 aquam
264 4135 393 4186 tendisse,
414 4120 455 4181 έιί
468 4119 545 4192 ὕδωρ
559 4131 640 4195 plane
652 4130 689 4179 le·
713 4191 716 4197 Ι

147 4207 229 4272 gitur,
242 4208 273 4255 ut
279 4205 331 4264 111,
345 4204 386 4253 14.
399 4205 432 4254 v.
446 4201 486 4251 ιν.
506 4186 691 4251 κλείουσαι

149 4276 210 4327 fons
229 4291 252 4327 s.
266 4273 417 4335 Oalirrhoii,
433 4287 517 4338 prope
528 4270 603 4320 Ilissi
618 4267 690 4318 alve-

148 4362 193 4397 um
203 4360 276 4396 nnnc
286 4344 342 4397 fere
352 4344 529 4404 exsiccatum,
540 4339 603 4391 olim
613 4338 691 4403 larga

742 1696 814 1760 aqut
828 1694 988 1761 prosiliens,
1000 1700 1119 1761 mature,
1133 1714 1195 1749 cum
1208 1700 1283 1765 regio

740 1765 820 1815 arida
828 1763 930 1816 nnllam
942 1765 1086 1829 praeheret
1096 1783 1204 1833 aquam,
1215 1770 1283 1820 rixis

741 1850 836 1885 ansam
850 1834 958 1886 dedisse
969 1833 1064 1886 fertur.
1098 1837 1160 1887 vid.
1176 1838 1283 1904 Thucy-

741 1904 798 1954 did.
811 1905 848 1967 11,
859 1904 890 1955 15
905 1903 1167 1971 ibiqueinterprett.,
1180 1908 1283 1960 Kruse:

740 1973 835 2024 Hellas
852 1973 889 2033 11,
907 1974 929 2025 l.
946 1990 972 2039 p.
982 1975 1026 2038 76,
1046 1975 1193 2027 Chondler:
1207 1979 1281 2031 Reis.

742 2043 769 2092 in
790 2042 989 2095 Grieehenland
1011 2060 1070 2110 cap.
1085 2047 1160 2097 xvl.
1185 2063 1212 2111 p.
1233 2049 1282 2099 119

741 2127 797 2177 seq.
817 2115 912 2179 Neque
923 2114 994 2163 enim
1006 2114 1141 2182 hodieque
1150 2131 1183 2167 ea
1194 2114 1283 2182 regio-

740 2183 784 2231 nis
797 2185 923 2234 suavitas
933 2182 1071 2249 fontisque
1084 2187 1165 2250 copia
1179 2187 1283 2238 uberri-

740 2267 793 2313 ma,
810 2267 879 2316 quae
890 2252 925 2302 ah
941 2256 1063 2318 antiquis
1078 2260 1220 2320 tantopere
1240 2272 1282 2307 ce-

739 2320 869 2372 lebratur.
904 2323 1053 2387 Antiquam
1071 2324 1216 2377 Crrlirrltoes
1235 2342 1281 2377 no·

740 2407 802 2441 men
833 2391 922 2442 adhuc
947 2393 1062 2443 retinuit
1094 2394 1172 2452 lons,
1203 2397 1280 2447 cuius

740 2476 839 2526 aquam
851 2467 1037 2526 superstructo
1055 2463 1180 2515 aedificio
1191 2465 1219 2515 in
1231 2482 1281 2516 no·

739 2546 799 2580 vem
819 2531 929 2583 tubulos
952 2532 1029 2583 duris
1046 2534 1212 2585 Pisistratus
1232 2552 1281 2586 no·
1377 2564 1381 2569 ·

738 2617 853 2662 menone
878 2604 1013 2652 mutarit:
1039 2604 1130 2654 diruto
1154 2605 1279 2655 aedificio

739 2675 854 2737 antiqua
873 2671 1023 2737 appellatio
1044 2673 1127 2722 rediit
1146 2678 1174 2724 et
1190 2674 1280 2725 adhuc

738 2746 847 2791 retenta
859 2747 913 2801 est3
932 2742 1017 2790 fontis
1026 2741 1102 2792 locus
1114 2745 1280 2794 nunccerni-

740 2816 785 2860 tur
805 2826 860 2861 non
891 2809 985 2875 procul
1010 2826 1027 2858 a
1049 2811 1124 2862 lovis
1143 2812 1281 2878 Olympici

740 2879 840 2944 templo
859 2884 887 2929 et
903 2880 937 2929 ab
953 2881 1066 2944 antiquo
1080 2880 1154 2931 Odeo
1175 2882 1230 2931 lere
1242 2883 1282 2932 in·

740 2949 896 3001 termedius.
904 2950 987 2999 Plura
994 2949 1098 2999 dabunt
1108 2951 1214 3002 Leaker
1225 2952 1280 3002 To-

739 3018 887 3084 pographie
907 3035 932 3070 v.
951 3018 1040 3068 Athen
1062 3034 1125 3083 pag.
1143 3020 1191 3070 127
1204 3036 1277 3087 seqq.

738 3104 811 3140 vers.
833 3087 936 3153 Sanpp.
958 3092 986 3137 et
1010 3088 1218 3140 Forchhammer
1237 3092 1278 3141 in:

739 3157 811 3209 Kiel.
824 3156 915 3221 philol.
928 3157 1005 3206 Stud.
1016 3172 1079 3221 pag.
1094 3158 1145 3209 317
1156 3174 1232 3226 seqq.
1244 3188 1279 3199 -

739 3228 896 3291 Quaerere
916 3226 1044 3277 hocloco
1066 3228 1224 3291 traduntur,
1246 3246 1279 3281 ea

739 3295 782 3348 vel
798 3296 882 3362 pictis
895 3297 923 3345 in
935 3296 1010 3347 vasis
1023 3298 1056 3347 ad
1066 3297 1204 3349 oculorum
1217 3315 1279 3349 sen-

737 3382 784 3416 sns
797 3366 924 3416 traducta
932 3381 992 3418 esse
1004 3367 1179 3417 statuitC.O.
1194 3370 1279 3420 Muel-

737 3435 787 3487 ler.
814 3438 913 3502 ltaque
934 3437 962 3486 in
978 3437 1094 3487 Etrusco
1111 3454 1178 3489 vaso
1192 3455 1279 3504 nuper

737 3510 858 3570 reperto,
873 3504 920 3554 ubi
928 3507 970 3556 vir
978 3507 1147 3571 conspicitur
1157 3515 1278 3560 armatus

738 3574 1279 3642 adiontemaggrediensvirginem‚eius-

737 3645 810 3697 modi
822 3644 965 3708 Pelasgum
978 3660 999 3695 s.
1017 3646 1185 3711 Tyrrhenum
1200 3654 1280 3711 putat

736 3715 948 3780 repraesentari,
970 3715 1014 3779 qni
1034 3716 1155 3780 virgines
1176 3718 1211 3767 ad
1225 3720 1279 3767 En-

738 3800 893 3835 neacrunon
903 3784 1005 3834 iontem
1014 3785 1176 3837 accedentes
1183 3803 1279 3851 aggre-

738 3855 838 3905 diatur.
863 3854 927 3905 vid.
944 3854 1188 3922 Gotting.hnzetg.
1202 3857 1278 3908 1832.

738 3941 781 3975 nr.
802 3925 859 3976 102.
876 3939 901 3987 p.
922 3924 995 3976 1017.

775 4050 810 4108 orl
825 4053 878 4123 γὰρ
898 4053 971 4108 εἶναι
985 4057 1089 4109 τοῦτον
1108 4054 1158 4110 τὸν
1174 4053 1279 4124 χρόνον

740 4159 772 4166 -
786 4123 907 4198 οίηξτας]
931 4130 1054 4179 Pertinet
1066 4129 1117 4181 hoc
1135 4132 1230 4196 utique
1244 4129 1280 4181 ad

740 4201 848 4264 priscae
861 4199 962 4249 aetatis
977 4199 1189 4264 simplicitatem,
1200 4216 1279 4267 quam

741 4269 783 4319 his
813 4268 902 4319 verbis
930 4266 1076 4332 descripsit
1102 4269 1279 4322 Pherecrates

741 4339 814 4403 apud
828 4336 998 4388 Athenaeum
1013 4338 1059 4390 VI.
1072 4355 1099 4405 p.
1113 4339 1163 4392 283
1176 4342 1223 4392 B.:
