3100 5175
454 418 521 478 AD
543 417 801 481 nnuono'r.
823 419 868 495 v,
891 428 933 485 aa.
1199 415 1256 482 sor

125 608 141 643 a
157 589 301 644 Clisthene
316 590 449 647 indecem
465 592 555 645 tribus
572 600 700 660 mutatae,
720 603 748 646 et
762 594 853 663 qualis
871 592 979 645 omnino
995 593 1065 645 ratio
1077 594 1161 646 suerit
1177 594 1260 646 buius

125 676 342 746 quadripartitae
358 677 521 745 divisionis,
539 695 619 747 quam
637 679 671 730 ad
686 679 797 732 diversa
813 680 885 731 vitae
898 679 1009 747 negotia
1030 688 1172 750 spectasse
1188 679 1258 731 dixi-

124 778 194 827 mus,
209 761 279 830 ipsis
294 762 414 814 tribuum
429 762 584 815 nominibus
597 765 647 816 boc
662 763 876 816 declarantibus.
891 766 931 816 Ac
977 765 1063 817 imitus
1077 764 1186 834 quidem
1200 780 1258 816 eam

124 845 205 898 talem
220 848 279 900 fere
292 848 391 913 luisse,¹
410 847 516 917 qualern
531 849 604 917 apud
619 851 776 918 Aegyptos,
793 849 892 923 indos,
909 850 943 901 al·
964 868 978 902 s
999 850 1114 902 orientis
1130 849 1258 919 populos,

123 931 172 1000 qui
183 949 235 1000 per
248 942 344 1001 castas,
360 933 400 985 uti
414 933 519 997 dicunt,
534 933 667 1002 descripti
696 934 784 987 luisse
805 935 1005 1008 traduntur*,
1033 934 1189 987 obtinuisse
1212 951 1257 987 ac·
1335 948 1338 953 ·

123 1017 255 1084 cepimus,
274 1018 313 1070 uti
328 1016 459 1070 credibile
475 1018 522 1091 fit,
544 1019 584 1070 ita
597 1028 748 1088 temporum
761 1020 881 1072 decursu
900 1020 1036 1072 buiumodi
1052 1019 1214 1071 divisionem
1229 1019 1257 1071 in

122 1102 216 1153 Attica
244 1102 355 1155 civitate
386 1102 575 1156 immutabilem
607 1106 758 1172 perdurare
782 1104 908 1172 potuisse
935 1105 981 1157 vix
1006 1104 1067 1157 mihi
1095 1105 1258 1173 persuaderi

121 1186 230 1254 patiar,
248 1205 345 1258 neque.
356 1204 475 1258 unquam
497 1198 550 1241 tam
571 1190 640 1241 artis
654 1186 897 1258 linibus‘singulas
909 1190 998 1242 tribus
1014 1196 1155 1259 separatas
1168 1191 1257 1242 luisse

121 1271 245 1337 credam,
264 1280 308 1341 ut,
325 1273 547 1342 quemadmodum
563 1274 597 1326 de
611 1274 757 1344 Aegyptiis
780 1284 864 1344 atque
879 1274 955 1327 ludis
976 1274 1061 1343 vulgo
1077 1274 1199 1341 tradunt,
1214 1275 1256 1326 in·

120 1356 267 1409 terdictum
282 1359 369 1410 fuerit
382 1358 439 1410 filio
455 1359 597 1412 discedere
609 1376 625 1411 a
635 1360 723 1428 patris
739 1360 850 1427 negotio
866 1378 890 1412 s.
912 1360 1020 1430 opificio
1044 1369 1093 1412 aut
1113 1369 1257 1429 paternum

120 1441 237 1495 fundum
261 1450 423 1496 commutare
445 1462 504 1497 cum
521 1444 591 1509 alio,
614 1461 704 1514 neque
726 1446 835 1496 omnino
859 1445 984 1514 cuiquam
1005 1444 1127 1511 licuerit,
1150 1462 1184 1496 ex
1202 1461 1257 1496 uua

119 1526 197 1578 tribu
220 1527 248 1579 in
271 1528 383 1580 alteram
409 1529 528 1581 transire
557 1518 687 1599 aliudque
709 1529 783 1581 vitae
806 1546 896 1597 genus
929 1530 981 1582 sibi
1008 1530 1110 1597 eligere
1134 1528 1255 1598 indeque

120 1611 204 1664 etiam
225 1613 307 1665 buius
328 1613 442 1666 alterius
459 1614 547 1666 tribus
569 1613 631 1666 iura
646 1623 674 1666 et
692 1614 884 1684 privilegia-si
899 1631 971 1684 quae
991 1615 1110 1680 luerint,
1133 1614 1185 1666 sibi
1207 1614 1254 1665 ad-

119 1695 291 1766 sumere**).
336 1700 378 1751 Ab
395 1699 444 1750 hac
466 1698 636 1751 orientalium
661 1700 784 1766 gentium
810 1700 958 1752 severitate
972 1700 1078 1764 Atticas
1094 1699 1199 1765 tribus,
1223 1716 1255 1751 ea

119 1790 196 1834 certe
210 1790 309 1849 aetate,
325 1802 397 1853 quae
413 1784 564 1837 Clisthenis
579 1784 753 1837 mutationem
768 1785 914 1850 antecedit,
933 1784 1013 1851 longe
1029 1783 1153 1843 abluisse
1165 1800 1255 1853 neque

119 1874 174 1919 tam
191 1868 320 1935 angustis
335 1870 394 1921 sire
411 1867 462 1921 loci
477 1869 539 1922 sire
555 1869 660 1921 ordinis
679 1869 808 1922 cancellis
829 1870 1051 1938 circumscriptas
1069 1869 1174 1932 luisse,
1193 1866 1254 1920 iure

118 1953 288 2006 contendere
302 1971 387 2022 posse
402 1954 465 2007 mibi
480 1953 592 2006 videor:
614 1954 696 2006 latius
712 1954 773 2007 illas
788 1956 839 2007 iarn
855 1955 981 2025 patuisse
996 1953 1135 2019 existimo,
1150 1953 1254 2023 quippe

118 2038 277 2091 commercio
295 2040 380 2107 magis
396 2039 483 2092 libero
494 2039 571 2109 inter¹
581 2040 659 2109 ipsos
675 2039 751 2092 cives
767 2049 865 2092 exorto
877 2040 1059 2108 omnibusque
1081 2039 1154 2090 vitae
1169 2038 1253 2090 ratio-

119 2123 204 2175 nibus
219 2123 305 2192 magis
321 2124 437 2177 excultis
453 2124 572 2194 indeque
587 2124 667 2177 etiam
682 2126 808 2177 mutatis:
824 2142 914 2195 neque
934 2142 1000 2177 vero
1018 2131 1164 2193 propterea
1182 2122 1253 2175 anti·

118 2224 175 2277 qua
191 2208 312 2261 tribuum
328 2211 451 2275 nomina,
472 2210 581 2262 ecertis
597 2210 670 2262 vitae
688 2210 809 2277 negotiis
825 2211 922 2276 ducta,
938 2218 1041 2261 mutata
1058 2226 1120 2261 esse
1136 2207 1252 2274 credam,

117 2309 179 2344 cum
192 2292 220 2345 in
232 2294 387 2347 huiusmodi
396 2296 479 2347 rebus
487 2303 596 2347 veteres
610 2295 879 2365 nominaantiquitus
888 2292 1254 2347 traditaretineremaluisse

117 2378 188 2429 satis
204 2387 320 2445 constet,
338 2379 381 2432 vel
396 2380 421 2432 si
435 2379 544 2432 nomina
560 2380 613 2432 ista
630 2398 685 2432 non
701 2380 815 2450 amplius
830 2379 942 2432 eandem
958 2380 1010 2431 viru
1025 2396 1057 2430 ac
1071 2377 1252 2446 significatio-

117 2481 180 2515 nem
207 2463 353 2531 baberent,
378 2465 440 2535 ipsa
469 2464 573 2517 scilicet
595 2482 639 2530 re,
667 2465 710 2517 cui
732 2464 910 2521 declarandae
930 2464 1117 2537 inservirent,
1139 2470 1251 2516 mutata.

116 2548 220 2619 Neque
234 2549 284 2602 boc
300 2567 354 2603 non
365 2550 495 2619 concedo,
511 2549 584 2620 quod
594 2549 718 2604 nonnulli
732 2550 966 2622 posuerunt***),
983 2549 1037 2615 illa,
1053 2565 1108 2619 qua
1124 2547 1251 2614 diximus,

116 2642 210 2688 aetate
222 2634 264 2688 vel
278 2635 426 2707 plerosque
442 2653 544 2702 eorum,
561 2635 608 2706 qui
620 2636 653 2688 ad
666 2652 747 2689 unam
761 2638 929 2705 eandemque
945 2636 1045 2688 tribum
1056 2634 1251 2704 pertinuerint,

116 2719 190 2772 idem
213 2720 286 2772 vitae
311 2738 402 2789 genus
422 2722 450 2774 in
475 2721 634 2774 universum
655 2731 766 2774 secutos
782 2739 860 2788 csse,
887 2737 978 2790 ueque
997 2737 1064 2772 vero
1086 2737 1179 2771 omnes
1202 2718 1252 2769 h'oc

117 2805 193 2858 vitae
207 2822 310 2873 genere
322 2808 458 2860 coircitos
474 2824 537 2859 esse
550 2807 642 2872 credo,
655 2806 704 2858 sed
721 2806 790 2858 alios
805 2805 879 2857 aliud
894 2806 928 2857 ad
943 2805 1081 2872 negotium
1093 2805 1144 2855 iarn
1160 2812 1251 2854 trans-

116 2907 234 2957 gressos
255 2891 283 2943 id
308 2891 392 2945 libere
413 2892 586 2944 exercuisse:
600 2891 674 2960 quod
691 2890 745 2942 nisi
759 2890 797 2943 ita
820 2908 851 2942 se
869 2889 998 2943 habuisse
1013 2888 1173 2955 statuimus,
1190 2887 1251 2956 ipsa

116 2975 247 3043 mutatio,
265 2993 367 3047 quaea
388 2975 531 3028 Clisthene
549 2976 621 3027 laeta
641 2981 698 3041 est,
719 2975 811 3028 decem
832 2976 923 3028 tribus
950 2973 1153 3039 constituente,
1177 2970 1251 3025 nulla

117 3060 234 3130 amplius
252 3061 466 3128 habitatatione
482 3060 654 3128 negotiorum
669 3060 742 3113 vitae
756 3061 892 3131 quomodo
903 3060 990 3112 locum
1005 3058 1104 3110 habere
1120 3058 1251 3126 potuerit,

116 3145 237 3214 intelligi
252 3147 297 3198 rix
319 3147 431 3217 poterit.
475 3145 555 3209 Quae
571 3163 629 3198 cum
645 3145 683 3197 ita
698 3146 763 3212 sint,
780 3146 926 3214 probamus
944 3144 1050 3213 utique,
1066 3143 1139 3211 quod
1156 3141 1251 3212 posuit

117 3232 207 3283 Grote
223 3231 355 3302 (History
371 3233 403 3284 oi
414 3232 520 3284 Greece
534 3231 587 3283 Ill.
610 3249 638 3300 p.
660 3233 695 3284 69
714 3231 823 3301 seqq.):
844 3231 923 3298 „The
945 3247 1036 3282 names
1058 3229 1089 3279 ol
1100 3228 1147 3279 the
1160 3227 1250 3279 tribus

118 3332 178 3384 may
201 3317 269 3369 hare
294 3318 363 3370 been
386 3316 531 3384 originally
553 3315 698 3368 borrowed
721 3318 791 3369 ironr
811 3316 931 3369 certains
952 3312 1140 3384 professions,
1160 3312 1211 3363 but
1228 3311 1252 3363 it

117 3401 185 3453 does
206 3410 255 3453 not
276 3420 425 3470 necessary
439 3401 532 3454 follow
551 3401 611 3453 that
633 3402 678 3453 tbe
694 3400 794 3467 reality
807 3399 1008 3470 corresponded
1019 3405 1048 3450 to
1072 3397 1126 3449 this
1143 3397 1250 3449 deriva-

117 3486 178 3538 tion
194 3504 225 3539 or
235 3487 295 3539 that
312 3506 395 3556 every
411 3486 563 3539 individual
579 3486 641 3538 who
659 3486 795 3554 belonged
816 3494 845 3536 to
863 3504 917 3553 any
937 3485 1009 3537 tribe
1023 3501 1081 3535 was
1098 3499 1113 3534 a
1135 3482 1251 3535 member

118 3573 150 3623 os
162 3572 207 3623 the
222 3573 379 3641 profession
396 3575 463 3625 irum
478 3572 590 3624 whence
610 3571 655 3624 the
671 3589 748 3624 name
771 3572 823 3623 bad
840 3569 986 3639 originally
1006 3570 1076 3621 been
1094 3568 1207 3620 derived
1216 3571 1250 3634 “3

119 3664 249 3726 recteque
258 3657 358 3711 dudum
372 3657 570 3728 pronuntiasse
583 3656 743 3710 crediderim
756 3655 1019 3722 Schoemannum†),
1034 3669 1251 3723 unamquamque

119 3741 241 3794 civitatis
255 3743 362 3796 Atticae
378 3744 406 3795 in
423 3743 513 3795 tribus
527 3741 681 3811 descriptae
696 3749 801 3811 partem
821 3760 842 3797 s.
860 3742 960 3795 tribum
981 3756 1013 3791 eo
1032 3737 1139 3791 nomine
1157 3735 1250 3807 appel-

117 3827 199 3879 latam
213 3845 285 3895 esse,
300 3845 354 3899 quo
366 3828 510 3894 hominum,
522 3828 570 3897 qui
581 3825 691 3896 plurimi
705 3833 754 3878 aut
766 3828 914 3898 praecipue
924 3826 1059 3890 inessent,
1076 3823 1150 3875 ritae
1161 3838 1251 3890 genus
1337 3897 1339 3901 Ι

119 3918 147 3965 et
168 3912 292 3966 condicio
314 3913 528 3983 significaretur.
572 3912 603 3963 ln
625 3912 675 3963 bac
695 3911 782 3980 igitur
806 3911 945 3966 sententia
970 3908 1121 3980 persistere
1147 3907 1250 3977 placet:

189 4149 215 4210 *l
231 4150 292 4201 Vid.
310 4154 379 4200 nott.
392 4149 435 4200 ad.
449 4148 488 4211 11,
504 4147 563 4199 164.
583 4148 615 4199 Τ.
628 4148 651 4198 Ι.
664 4161 725 4213 pag.
738 4145 790 4197 aot
804 4160 862 4210 seq.
880 4148 908 4195 et
920 4143 971 4194 807
984 4158 1042 4208 seq.

188 4219 233 4286 ¹⁸⁸)
249 4220 312 4271 Vid.
326 4236 397 4286 quae
415 4221 443 4269 in
458 4224 527 4268 nott.
544 4218 588 4268 ad.
607 4218 640 4280 V,
655 4218 698 4270 66.
714 4232 776 4281 pag.
799 4215 849 4267 118
861 4216 914 4263 iam
929 4214 963 4263 de
981 4213 1033 4262 liae
1045 4227 1074 4261 re
1087 4211 1249 4260 monuimus.

161 4359 167 4373 ι
189 4289 250 4356 ***)
263 4291 326 4345 vid.
343 4291 430 4361 Moier
443 4291 476 4341 da
488 4287 644 4355 gentilitate
656 4303 688 4352 p.
701 4287 719 4338 b
735 4293 762 4337 et
774 4285 847 4337 conl.
860 4283 981 4347 Mueller,
990 4282 1008 4337 1.
1023 4282 1041 4332 l.
1054 4296 1116 4347 pag.
1128 4283 1161 4331 44
1175 4296 1251 4345 seqq.

118 4361 382 4552 oegjqiliil'antiquitt.
399 4431 450 4480 iur.
470 4427 572 4493 public.
586 4426 682 4478 Graec.
702 4440 763 4491 pag.
785 4423 842 4476 lbb.
861 4421 1036 4475 Griechische
1053 4417 1216 4472 Alterthiim.
1229 4420 1253 4470 Ι.

117 4518 145 4568 p.
180 4507 185 4524 ¹
216 4541 222 4554 .

151 4607 319 4650 aaronem
344 4605 393 4649 111.
1012 4577 1049 4638 51
