3100 5175
439 378 717 439 POLYMNIA.
739 378 813 439 VII.
840 388 898 442 161.
921 388 980 442 165.
1210 377 1272 438 695

217 553 357 639 Λέγεται
380 551 418 620 δὲ
437 553 492 620 καὶ
506 549 586 621 τάδε
608 549 674 621 ὑπὸ
694 556 762 622 τῶν
784 556 824 622 ἐν,
835 557 976 641 Σικελίῃ
996 554 1202 639 οἰκημένων,
1227 550 1340 634 detto

138 653 238 744 ὅμως,
253 657 309 724 κοιλ
320 658 453 742 μέλλων
462 653 623 744 ἄρχεσθαι
637 652 703 725 ὑπὸ
712 661 1002 742 Λακεδαιμονίων,
1016 651 1033 725 ὁ
1045 657 1160 725 Γέλων
1171 658 1269 745 ἐβοή-

137 770 225 848 θησε
248 753 291 828 io
308 774 395 828 τοῖσι
406 755 558 847 Ἕλλησι,
582 766 614 827 sl
633 757 677 847 μή
698 756 763 829 ὑπὸ
784 759 942 847 Θήρωνος
964 764 1026 827 τοῦ
1037 760 1270 849 Αἰνησιδήμου

312 992 378 1067 Oe·
400 991 504 1042 ccxv.
729 957 1272 1095 lsllttitttttlittlttitit?

170 1093 286 1160 Λέγεται
298 1089 387 1144 δὲκαὶ
398 1087 464 1143 τάδε
476 1109 500 1143 ιι.
512 1110 534 1149 τ.
546 1094 581 1160 λ]
597 1095 677 1146 Coni.
730 1104 775 1149 tea
791 1103 833 1148 tot
852 1097 968 1147 dissidio
987 1114 1047 1148 cnm
1060 1068 1173 1150 Craecis
1187 1100 1216 1149 in
1227 1101 1271 1150 Si-

135 1170 206 1217 nott.
218 1164 254 1215 sd
264 1166 326 1226 vll,
344 1166 391 1216 153
403 1165 448 1215 tin.
477 1167 590 1216 Graecos
601 1165 678 1216 intel·
728 1168 796 1218 cilis
806 1167 995 1222 habitantibus
1004 1167 1164 1230 habuerant,
1175 1169 1269 1234 lugere

134 1237 184 1300 ligi
200 1236 229 1284 in
242 1234 337 1285 Sicilie
351 1235 522 1294 habitantes,
543 1251 560 1284 s
580 1235 677 1299 quibua
728 1243 852 1302 poteret,
872 1238 971 1287 bonam
993 1237 1056 1287 belli
1068 1240 1178 1288 Grsecis
1193 1238 1268 1289 hisce

134 1306 236 1356 Noster
254 1304 322 1355 hseo
347 1305 450 1354 tradite
468 1305 592 1369 accepit,
622 1321 677 1354 rno-
728 1307 862 1358 inferendi
884 1309 1054 1358 occasionem
1075 1308 1180 1368 afferri,
1208 1324 1268 1359 cum

134 1391 199 1453 pere
225 1374 272 1425 vix
299 1388 377 1438 opus.
421 1374 453 1423 In
475 1389 551 1439 seqq.
577 1375 677 1425 vocula
726 1377 946 1441 ipssGrseciss
961 1377 1054 1428 Persis
1071 1381 1208 1441 peteretur
1224 1394 1270 1428 ne·

134 1458 222 1508 ομως,
237 1457 308 1507 quae
322 1444 350 1493 in
364 1441 465 1493 tslibus
478 1443 606 1508 postponi
618 1443 676 1494 vnl-
720 1461 779 1510 ·que
798 1447 911 1497 Grsecis
934 1449 962 1495 in
985 1445 1082 1495 Sicilia
1107 1446 1268 1511 degentibus

134 1530 168 1579 go
182 1512 254 1564 solet
266 1510 333 1577 (vid.
344 1513 473 1563 Herodot.
487 1512 541 1575 VI,
557 1513 619 1571 120,
640 1529 675 1564 ne
727 1532 807 1581 opem
819 1517 1006 1579 tarreposset.
1035 1516 1110 1577 Quse
1126 1517 1172 1580 qui
1189 1531 1268 1581 repu-

133 1580 241 1649 plurs),
258 1597 318 1631 cum
330 1582 358 1631 ri
371 1583 489 1646 quadam
501 1583 678 1648 praeponitur
727 1585 844 1648 tsrerit,
855 1584 938 1634 facile
949 1585 1068 1634 animum
1083 1585 1210 1643 inducere
1218 1602 1268 1651 po-

133 1649 278 1717 ldcnmque
299 1652 402 1715 accipit
422 1652 482 1715 ipso
500 1652 605 1717 periodi
626 1654 679 1701 ini·
727 1657 805 1717 terit,
819 1661 850 1704 nt
861 1654 966 1719 legatos
977 1669 994 1702 s
1004 1655 1089 1705 Peras
1100 1655 1197 1705 missos
1207 1670 1267 1706 esse

134 1724 188 1772 tio:
222 1720 482 1774 enutriantur.
503 1721 549 1772 Gr.
571 1725 595 1784 g.
615 1723 676 1785 oto,
701 1725 839 1786 ,credst,
857 1725 980 1788 quicum
995 1721 1267 1789 Carthaginiensibus

133 1790 294 1856 qnisirnilis
310 1789 440 1841 nonnulla
454 1790 555 1841 attulit.
726 1794 779 1844 hnc
801 1794 834 1844 de
857 1809 886 1843 re
908 1797 1032 1858 agerent:
1062 1793 1152 1857 ipsum
1170 1793 1266 1845 foedus

167 1851 312 1926 ἐβοήθησε
324 1849 362 1909 ἂν
376 1848 579 1924 τοῖοιἝλληοι]
599 1861 676 1910 Haec
726 1864 810 1913 certis
829 1863 1031 1913 conditionibus
1048 1864 1175 1928 utrinqne
1193 1865 1266 1928 posi-

131 1944 242 1995 quoque
254 1930 289 1979 ds
302 1928 405 1980 (islone
422 1929 574 1980 tradiderat
585 1930 676 1994 Epho-
725 1934 760 1982 tis
773 1949 836 1982 num
853 1933 948 1982 initum
969 1948 1002 1983 sc
1018 1933 1154 1982 sancitum
1172 1931 1265 1994 fuerit,

132 2015 178 2049 rus
198 2003 271 2050 teste
291 1998 380 2050 Schol.
401 1998 436 2049 ad
456 2000 535 2050 Pind.
552 1999 633 2064 Pyth.
653 2000 675 2060 l,
726 2001 799 2052 hsud
813 2003 1007 2066 asseverarim,
1029 2002 1189 2065 praesertim
1205 2018 1264 2048 cunr

134 2069 183 2119 leo
197 2069 274 2133 (pag.
291 2069 343 2119 ‘220
359 2068 483 2132 irsgmm.
502 2068 603 2132 Ephor.
618 2069 675 2119 vid.
725 2087 814 2122 rerum
832 2071 986 2122 Sicularum
1010 2076 1100 2124 status
1123 2071 1169 2116 illo
1197 2073 1264 2116 tem-

131 2153 216 2203 snpra
235 2138 271 2188 sd
288 2137 356 2200 VII,
380 2138 427 2188 157
445 2137 559 2202 sllsts);
583 2154 598 2187 e
622 2153 675 2203 quo
725 2158 789 2206 pore
807 2141 871 2192 talis
890 2141 986 2194 tuerit,
1013 2136 1058 2200 qui
1079 2136 1149 2185 ⁸1²2ss
1168 2151 1266 2185 eausa-

130 2208 267 2272 scriptore
278 2208 390 2257 fluxisse
399 2206 620 2271 videntur,qnae
630 2223 676 2257 co·
725 2227 784 2261 rum
815 2211 945 2274 praebere
973 2205 1096 2270 potuerit
1123 2204 1266 2271 Carthagi-

131 2277 238 2341 pioslus
253 2276 549 2327 dehoobellonsrrsts
565 2281 675 2326 exstent
724 2276 866 2330 aiensibus
890 2277 928 2326 'sd
958 2274 1057 2325 bellum
1087 2274 1264 2324 inferendum.

131 2347 205 2411 apud
226 2346 339 2397 Diodor.
360 2346 444 2398 Sicul.
467 2346 521 2407 xl,
545 2345 579 2396 ⁶20
597 2362 672 2411 seqq.
724 2346 803 2409 Quod
833 2347 914 2396 unice
943 2345 1092 2409 respiciens
1124 2344 1266 2394 contendit

132 2415 192 2467 coll
212 2417 267 2478 XI,
286 2415 315 2475 1,
340 2415 388 2465 ubi
405 2421 514 2479 prseter
533 2415 589 2464 ulis
605 2416 673 2463 hsec
723 2415 894 2464 Dshlrnsnn:
926 2414 1027 2464 Herod.
1052 2428 1113 2477 pag.
1139 2412 1186 2464 186
1206 2429 1263 2479 seq.

130 2484 276 2550 leguntur:
300 2480 315 2535 ὁ
328 2479 360 2534 dl
372 2481 528 2547 Ξέρξης-
540 2477 674 2548 βονλόμε-
724 2484 835 2536 Gelonis
850 2484 949 2535 bellum
960 2500 1020 2533 cum
1032 2481 1266 2547 Carthaginiensi-

130 2569 180 2613 νος
195 2547 307 2613 πάντας
319 2547 386 2612 τοὺς
398 2546 538 2616 Ἕλληνας
552 2543 674 2600 ἀναοτοὶ-
723 2554 773 2605 bns
785 2553 854 2604 nihil
865 2554 1013 2619 quidquem
1027 2552 1061 2602 ad
1071 2553 1189 2604 Graecos
1200 2552 1265 2603 Per-

129 2640 198 2683 τους
217 2621 336 2688 ποιήσαι
353 2617 588 2688 διεπρεσβεύσατο
601 2617 674 2682 πρὸς
722 2640 803 2697 τηειρ
818 2629 958 2688 spectare,
980 2638 1040 2672 cum
1056 2628 1138 2671 antes
1157 2638 1265 2686 quoqne

131 2690 352 2773 Καρχηδονίους
375 2687 440 2755 περὶ
466 2690 674 2754 κοινοπραγίας
723 2699 795 2744 teste
817 2695 876 2758 ipso
896 2692 1036 2742 Herodoto
1051 2691 1120 2753 VlI,
1141 2691 1191 2741 158
1210 2692 1264 2741 ism

41 2766 46 2777 ¹
130 2760 337 2813 aclovvsdsro
362 2754 575 2823 notissimis,
603 2754 673 2810 ὥστε
722 2761 1200 2824 bellumillecumPoenisgesserit,
1218 2761 1266 2824 qni

129 2826 219 2884 αὐτὸν
243 2829 294 2896 μὲν
318 2823 365 2881 ἐπὶ
387 2827 455 2888 τῦῧς
479 2822 532 2895 τὴν
553 2820 672 2878 Ἑλλάδα
723 2834 811 2884 denuo
832 2837 918 2896 atque
932 2831 1030 2879 maiori
1051 2845 1111 2879 curn
1133 2830 1264 2891 exercitu,

129 2898 336 2959 κατοικοῦντας
346 2892 482 2964 Ἕλληνες
500 2891 672 2961 στρατεύειν,
724 2918 776 2964 quo
793 2902 904 2951 ‘certius
923 2899 1052 2949 Gelonem
1081 2899 1264 2962 opprimerent

129 2967 352 3035 Καρχηδονίους
370 2965 401 3020 δὲ
417 2971 479 3027 τοῖς
495 2960 594 3025 αὐτοῖς
608 2964 672 3033 κού·
723 2974 941 3034 (lraecorumque
955 2985 998 3018 res
1011 2969 1039 3017 in
1053 2967 1147 3017 Sicilia
1160 2973 1264 3017 everte·

129 3056 189 3098 νοις
202 3032 324 3106 pepulisse
338 3030 611 3104 παρασκευάσασθαι
625 3037 672 3086 do·
722 3045 797 3101 rent,
821 3040 998 3090 accesserint.
1042 3039 1138 3100 Neque
1157 3053 1190 3085 es
1209 3037 1264 3087 soe·

129 3105 231 3174 W'lms
244 3106 291 3158 wi
304 3106 533 3173 καταπολεμῆσαι
547 3105 604 3157 τῶν
612 3100 672 3155 Ἑλ·
722 3112 784 3161 dere
795 3111 945 3159 Poenorum
958 3124 1019 3159 cum
1029 3107 1121 3158 Persis
1132 3106 1199 3156 inito
1214 3106 1264 3156 hu-

128 3175 225 3244 λήνων
238 3172 306 3235 τοὺς
320 3177 385 3241 περὶ
400 3175 533 3228 Σικελίαν
547 3172 595 3226 καὶ
605 3170 672 3226 ’itit-
722 3182 764 3231 ins
782 3179 846 3229 belli
859 3194 956 3229 osusas
974 3178 1060 3241 repeti
1073 3175 1147 3235 vult,
1167 3176 1214 3225 sed
1231 3192 1264 3226 ex

129 3250 193 3299 λίαν
213 3244 366 3306 οἰκοῦντας
384 3263 409 3300 ιι.
428 3264 452 3298 τ.
469 3248 493 3300 λ.
521 3249 670 3297 Diodorum
721 3266 769 3312 eo,
795 3250 905 3314 opinor,
930 3248 1014 3313 quod,
1037 3262 1096 3295 cum
1113 3246 1219 3310 utrique
1236 3250 1265 3295 et

128 3321 212 3384 igitur
232 3319 258 3368 si
277 3322 429 3383 sequimur,
453 3318 554 3367 Xerxes
571 3316 671 3381 legatis
720 3321 805 3370 Poeni
821 3324 848 3368 et
859 3319 957 3369 Grseci
979 3317 1065 3364 totius
1089 3315 1193 3365 insulae
1214 3316 1265 3363 im-

128 3390 161 3439 sd
175 3388 420 3453 Carthaginienses
437 3387 529 3437 missis
549 3402 610 3436 cnm
628 3386 670 3435 his
723 3391 827 3453 perium
841 3387 1011 3439 affectarent.
1029 3383 1090 3434 illos
1102 3383 1195 3434 collidi
1208 3385 1264 3434 bel-

128 3460 190 3508 iniit
199 3458 296 3509 foedus
306 3458 342 3509 ad
351 3456 526 3509 debellandos
538 3456 672 3506 Graecos:
722 3460 831 3523 tumque
854 3458 917 3507 oriri
941 3470 1052 3505 necesse
1076 3458 1145 3503 erst.
1184 3453 1262 3504 Coni.

128 3527 199 3594 quod
213 3528 311 3578 foedus
331 3542 393 3577 uum
408 3540 502 3577 revera
520 3527 618 3576 initum
635 3526 672 3573 ri·
721 3528 892 3578 Boetticher:
911 3527 1015 3577 Histoi.
1026 3524 1173 3588 Carthsgg.
1183 3540 1208 3588 p.
1219 3524 1262 3576 37,

130 3605 212 3664 teque
226 3598 362 3647 sancitum
378 3597 475 3655 inerit,
494 3599 518 3645 si
534 3597 580 3660 qni
595 3595 673 3644 dubi·
722 3599 764 3647 97.
804 3597 908 3660 Quibus
925 3594 1078 3644 rationibus
1101 3593 1197 3643 ductus
1217 3595 1264 3644 Fr.

129 3673 203 3730 tent,
226 3669 279 3716 iam
296 3682 379 3731 suprs
393 3665 440 3732 (nd
454 3667 521 3721 VII,
539 3664 598 3728 157)
616 3680 672 3714 nro·
722 3669 849 3717 Lorentz.
860 3666 930 3714 hunc
942 3663 1006 3712 mihi
1016 3663 1139 3727 posuisse
1154 3661 1263 3711 videtur

128 3738 252 3795 unimus,
268 3737 314 3786 vix
331 3751 442 3800 prorsus
454 3734 572 3785 conficte
585 3734 671 3785 videri
722 3737 812 3788 thesin
827 3734 927 3799 (Halae
943 3732 1033 3793 18t8):
1056 3731 1181 3792 „iocdns,
1191 3731 1262 3794 qnod

129 3822 225 3871 posse,
254 3821 324 3870 qnae
357 3806 389 3857 de
403 3805 515 3869 'legatis
544 3819 561 3853 s
586 3804 671 3852 Perss
722 3808 826 3856 Xerses
839 3819 899 3854 curn
912 3800 1184 3865 Carthaginiensibus
1197 3816 1263 3849 con-

129 3878 164 3927 ad
181 3874 426 3940 Carthaginienses
444 3874 536 3923 missis
557 3872 672 3923 tredidit
722 3881 766 3926 trs
781 3876 899 3925 Graecos
914 3873 1008 3921 iniisse
1022 3870 1135 3929 dicitnr,
1159 3868 1263 3919 Siculo-

128 3946 268 4011 Ilphorus:
296 3960 346 3995 nec
366 3960 433 3996 sane
453 3942 613 3994 incredibile
632 3942 670 4005 fit,
721 3960 780 3994 rum
794 3943 902 3992 venitus
916 3941 1026 3990 fiuxit.“
1054 3939 1188 4003 Equidem
1202 3954 1262 4002 pro-

129 4017 201 4066 tanti
215 4020 366 4080 sppsratus
384 4015 419 4064 sd
432 4013 574 4064 Grsecism
592 4028 671 4063 occu·
722 4018 782 4079 pter
796 4027 841 4073 ea,
859 4026 928 4075 quae
940 4025 1020 4074 snpra
1032 4009 1124 4075 posui,
1138 4007 1180 4058 his
1191 4009 1262 4057 omni

129 4085 247 4150 pendam
259 4090 316 4135 tres
329 4100 377 4151 per
387 4098 473 4135 annos
486 4098 503 4132 s
512 4084 597 4133 Perss
610 4096 672 4131 cum
722 4081 802 4133 modo
817 4082 947 4131 accedere
964 4095 1019 4129 non
1040 4093 1148 4143 possum
1162 4078 1263 4143 megis-

128 4156 224 4220 licrent
245 4153 354 4219 ipsique
369 4153 521 4205 Phoenices
539 4152 575 4201 sd
600 4151 670 4200 hanc
724 4168 776 4217 qne
789 4152 873 4215 probo
886 4166 934 4211 es,
948 4164 1017 4212 quse
1030 4150 1063 4199 de
1075 4147 1118 4197 his
1133 4146 1262 4197 disseruit

131 4224 330 4289 expeditionem
344 4239 429 4275 nares
448 4221 577 4287 praebere
590 4236 672 4283 coge·
722 4223 821 4272 Grote:
846 4220 959 4282 History
981 4218 1011 4267 oi
1030 4220 1131 4268 Greece
1147 4219 1181 4270 V.
1199 4231 1260 4281 pag.
1360 4222 1373 4247 ²

129 4301 233 4353 rentur,
256 4293 290 4344 sd
305 4292 544 4358 Carthaginienses
560 4291 672 4340 nuntios
722 4292 772 4343 291
788 4289 849 4340 coll.
867 4289 1028 4339 Dunclrero:
1055 4285 1155 4337 Gesch.
1176 4282 1202 4339 d.
1217 4286 1263 4336 hl·

130 4379 238 4429 quoqne
253 4378 314 4415 esse
327 4365 440 4425 missos,
458 4363 503 4427 qui
518 4361 588 4410 hsnc
603 4361 672 4409 civi·
722 4360 804 4412 terth.
819 4359 867 4409 IV.
882 4370 942 4423 pag·
955 4358 1016 4409 8114.
1266 4406 1275 4423 ‚

130 4433 450 4499 totempotentissimsm
468 4432 621 4483 excitarent
636 4428 671 4479 nd
757 4424 784 4479 ei
796 4422 834 4494 μή
849 4419 906 4477 ὑπὸ
921 4424 1059 4492 Θήρωνος
1070 4439 1096 4476 ιι.
1109 4438 1134 4476 τ.
1148 4424 1182 4492 λ]
1196 4425 1263 4477 Dio·
