3100 5175
373 489 378 496 .
444 434 718 497 POLYMNIA.
741 434 814 495 vn.
837 444 978 524 τιοιιι.
1230 430 1292 494 633

157 608 284 699 χοόματι
305 612 342 679 έκ
363 613 423 678 τοῦ
441 606 592 690 αὐλῶνος
614 607 838 698 ἐκβιβάσαντα
866 610 921 677 καὶ
941 611 1219 696 παρατρέψαντα,
1246 604 1293 677 δι’

159 704 209 782 οὑν
222 719 288 782 νῦν
302 717 369 802 ῥέει
386 715 557 803 ῥεέθρων,
575 710 659 800 ὥστε
675 719 865 801 Θεσσαλίην
879 717 991 781 πᾶσαν
1008 716 1069 795 ἔξω
1082 717 1151 782 τῶν
1166 709 1296 798 οὐρέων
1367 729 1384 738 ”

52 828 73 852 “
158 813 337 905 ὑπόβρυχα
357 819 530 904 γενέσθαι.
579 821 690 885 Ταῦτα
710 816 747 886 di
763 822 880 904 ἔχοντα
903 822 997 904 ἔλεγε
1013 820 1045 895 ές
1061 813 1138 895 τοὺς
1153 813 1297 885 Ἀλεύεω

159 926 298 1007 παῖδας,
321 916 372 990 ὅτι
387 926 512 1006 πρῶτον
527 916 711 1009 Ἑλλήνων,
741 919 852 1000 ἐόντες
866 919 1049 1003 Θεσσαλοὶ,
1071 924 1193 988 ἔδοσαν
1210 922 1295 989 iev-

158 1023 237 1104 τοὺς
258 1027 405 1113 βασιλέϊ,
427 1027 556 1094 δοκέων
577 1020 731 1113 ὑΞέρξης
747 1021 813 1093 ini
833 1023 956 1103 παντός
976 1048 1083 1109 σφεας
1103 1029 1164 1093 τοῦ
1179 1030 1298 1103 ἔθνεος

160 1132 428 1216 ἐπαγγέλλεσθαι
450 1134 577 1217 φιλίην.
613 1139 707 1208 είπας
733 1128 770 1197 di
791 1132 895 1195 ταῦτα
916 1129 970 1197 καί
986 1126 1195 1216 θεησάμενος
1216 1124 1297 1196 ἆπέ-

160 1240 240 1302 πλεε
256 1229 363 1320 ἐςτην
377 1234 522 1321 Θέρμην.

233 1331 268 1404 '0
288 1335 351 1425 pin
372 1335 413 1425 tl
434 1336 510 1422 περὶ
525 1340 669 1422 Πιερίην
691 1335 838 1421 διέτριβε
858 1328 982 1421 ἡμέρας
1002 1332 1136 1419 συχνάς.
1172 1328 1210 1401 τό
1231 1328 1360 1420 puplii

159 1505 383 1570 παρατρέψαντα
408 1497 436 1562 ές
456 1498 527 1555 ἄλλα
548 1498 654 1568 βέεθρα
675 1496 705 1555 έκ
757 1511 1093 1571 expressaessseonstet.
1126 1508 1218 1558 Habet
1233 1521 1298 1588 ροσ-

159 1570 286 1640 τούτων,
304 1563 403 1626 διίόν.
431 1575 705 1642 Schweighaeuserua
757 1593 809 1641 que
828 1576 924 1638 Quint.
944 1577 1050 1641 Smyrn.
1062 1578 1144 1639 11111,
1159 1579 1209 1628 485
1227 1570 1299 1628 vni-

161 1649 261 1698 Latine
282 1646 452 1697 reddiderat:
482 1662 577 1711 ορμονι
598 1662 633 1696 επ
657 1647 707 1696 λον
756 1643 855 1712 βρυχα.
872 1647 920 1697 Or.
934 1647 968 1697 ad
982 1646 1007 1695 h.
1020 1645 1037 1695 I.
1052 1648 1298 1698 excitaveratilat-

160 1719 274 1768 conualle
286 1718 412 1775 repulsum
425 1725 448 1767 et
466 1720 562 1780 ineos,
579 1731 628 1778 per
644 1732 706 1782 quos
757 1716 1078 1766 thiaeituimadverss.in
1088 1717 1178 1782 hymn.
1188 1720 1299 1771 Homer.

161 1803 226 1837 nunc
240 1788 311 1852 fluit,
330 1790 414 1836 alveos
428 1802 555 1839 auersum:
567 1786 705 1851 Laugius:
755 1802 783 1851 p.
797 1785 858 1836 230.

159 1858 242 1907 isidem
264 1861 319 1907 mua
342 1858 383 1905 die
407 1855 523 1905 Setiucm
542 1856 707 1906 verscluiltels
794 1851 890 1902 Ταῦτα
912 1846 943 1902 δέ
966 1848 1067 1918 έχοντα
1084 1847 1157 1918 ἔλεγε
1185 1846 1213 1911 ές
1232 1846 1300 1913 τοὺς

160 1927 214 1978 und
242 1925 283 1977 ι’λυ
312 1930 338 1978 iu
366 1928 458 1975 τοίνυν
483 1928 599 1991 jetziyen
636 1926 711 1989 Laus
751 1915 864 1972 Ἀλεόεω
879 1922 996 1989 παῖδας]
1015 1926 1033 1979 ἰ,
1047 1941 1071 1974 e.
1087 1926 1299 1977 Haecdioeitreae

159 1997 271 2048 temnite.
753 1997 897 2056 spectantia
917 1997 954 2044 acl
972 1997 1117 2053 Aleuadcs,
1142 1997 1175 2047 de
1201 1996 1298 2061 quibus

197 2054 267 2114 uisse
286 2061 444 2127 Θεσσαλίην
464 2060 560 2111 πᾶσαν
577 2056 629 2122 ἔξω
648 2058 706 2110 τοῖν
755 2063 811 2113 vid.
825 2068 895 2113 uott.
910 2064 1024 2127 rad-VII,
1038 2065 1063 2117 0.
1078 2064 1119 2115 Ad
1132 2065 1298 2117 locutionem

161 2129 271 2198 οὐρέων
292 2125 442 2199 ὑπόβρυχα
462 2127 610 2198 γενέσθαι]
651 2133 703 2182 Pro
753 2123 866 2180 Ἀλεόεω
886 2131 993 2190 παῖδας
1007 2135 1062 2185 vid.
1077 2139 1147 2187 nott.
1169 2134 1203 2184 ad
1221 2137 1298 2199 1,27

161 2200 224 2268 ἔξω,
237 2205 309 2269 quod
320 2219 413 2254 omnes
423 2203 515 2253 lerunt
526 2203 589 2252 libri
599 2202 704 2267 scripti,
756 2209 783 2251 et
791 2204 823 2264 V,
831 2204 873 2254 49.
886 2205 931 2254 Or.
945 2202 979 2253 ad
991 2202 1017 2251 h.
1026 2202 1043 2253 l.
1056 2203 1124 2255 haec
1137 2205 1298 2269 adscripsit:

160 2275 293 2326 Schaefer
307 2288 321 2322 e
337 2274 495 2324 coniectura
510 2272 624 2323 dederat
637 2265 705 2321 έσωι
756 2271 856 2334 „Comi
875 2273 948 2323 infra
965 2273 1018 2332 IX,
1035 2273 1069 2323 58
1085 2279 1112 2324 et
1127 2274 1184 2326 vid.
1203 2277 1300 2326 Gatte·

162 2361 217 2410 quo
230 2350 321 2394 tamen
334 2346 381 2393 vix
394 2358 471 2407 opus.
488 2344 567 2404 Quod
580 2342 706 2407 sequitur
756 2357 812 2391 rer:
835 2342 985 2407 Synchron.
1001 2343 1127 2394 Univers.
1144 2344 1241 2396 Gesclr.
1262 2345 1299 2395 ΙΙ.

161 2407 323 2479 ὑπόβρυχα,
337 2430 351 2464 e
364 2411 707 2463 Saucrofticodenhibuit
756 2413 945 2475 pete-445,
964 2412 1075 2463 Pindari
1090 2414 1171 2479 Pyth.
1190 2416 1215 2464 X
1235 2415 1296 2465 init.

162 2484 377 2548 Wesselingius,
391 2498 470 2546 quem
482 2482 583 2547 posteri
594 2482 654 2531 edd.
664 2497 708 2531 se·
757 2480 1094 2547 ibiq.interprr.‚Meineke
1102 2483 1300 2535 meommentt.

162 2556 221 2607 cuti
243 2559 320 2615 sunt,
344 2568 403 2603 cum
418 2551 516 2617 reliqui
530 2551 609 2606 codd.
627 2549 706 2616 pleri·

163 2642 215 2693 que
247 2625 350 2675 ferrent
369 2613 543 2687 ὑποβρυχέα.
580 2620 651 2671 Illud
677 2622 707 2669 in

162 2695 264 2758 odyss.
285 2692 385 2758 legitur
402 2692 440 2756 V,
459 2692 527 2754 317,
551 2692 599 2741 ubi
614 2690 706 2741 multis

162 2764 293 2829 disquirit
312 2761 476 2813 Eustuthius
495 2778 522 2827 p.
539 2761 620 2822 1538,
635 2761 668 2811 34
682 2777 705 2809 s.

162 2834 226 2893 2¹28,
239 2835 284 2895 21,
297 2849 360 2882 num
374 2831 440 2882 illud
450 2830 600 2881 descendat
610 2847 627 2880 a
640 2845 707 2880 voce

163 2894 294 2967 ὑπόβρνξ
322 2918 357 2950 nn
393 2918 410 2951 a
435 2916 502 2952 voce
533 2891 706 2967 ὑπόβρυχυς.

162 2974 243 3024 Prius
257 2973 401 3037 placuerat
418 2970 613 3034 Wesselingi03
637 2984 708 3019 nuuc

162 3044 288 3109 cogitare
304 3041 408 3091 malunt
427 3040 459 3092 de
474 3038 645 3103 metaplasmi
655 3044 707 3103 ⁴gc-

163 3130 239 3176 uere,
252 3128 306 3177 quo
316 3112 414 3175 politae
422 3112 532 3175 saepius
542 3110 649 3174 lingunt
659 3109 708 3158 ad·

164 3184 284 3244 iectiva,
306 3196 420 3246 quorum
446 3181 645 3230 nominativum
663 3177 707 3227 vel

163 3255 218 3318 ipsi
230 3254 372 3317 ignorasse
386 3250 429 3300 vel
441 3256 516 3300 certe
527 3249 601 3299 nullo
614 3248 642 3297 in
656 3261 707 3297 usu

164 3323 300 3373 habuisse
311 3322 448 3371 videntur.
470 3319 532 3371 Vid.
548 3320 707 3368 Buttmann.

163 3395 193 3443 in
213 3391 336 3453 Leailog.
350 3391 388 3440 11.
403 3405 467 3455 pag.
481 3389 532 3439 120
543 3387 606 3439 coll.
626 3386 709 3436 Gras-

163 3462 268 3513 hofin:
279 3459 427 3510 Schulzeit.
440 3460 561 3510 tetrus.
568 3458 610 3508 80.
618 3456 708 3520 utut,

165 3533 214 3598 qni
228 3545 323 3581 vocem
340 3520 490 3595 ὑπόβρυχα
516 3527 588 3593 apud
607 3527 709 3576 Home·

164 3617 224 3652 rum
237 3616 285 3665 pro
298 3599 459 3650 accusativo
472 3597 567 3648 haberi
578 3595 648 3654 vult,
662 3596 708 3660 qui

164 3670 267 3736 duplex
281 3685 335 3719 non
354 3673 575 3736 praetermorem
595 3667 710 3716 adiicia-

164 3746 219 3791 tur.
244 3739 500 3804 ApudHerodotum
510 3738 580 3787 idem
594 3735 709 3787 rescribi

163 3801 420 3874 νυ11ὑποβρυχέα,
434 3808 469 3857 ab
485 3808 625 3858 adiectivo
639 3797 710 3854 ὑπο-

164 3871 288 3947 βρυχής;
310 3878 391 3944 quale
409 3882 500 3927 tamen
519 3879 621 3927 Noster
637 3873 709 3924 haud

164 3951 259 4012 novit,
273 3950 321 4014 qui
333 3948 355 4012 Ι,
371 3946 419 3997 180
429 3947 512 3997 habet
523 3937 709 4009 ὑποβρύχιος,

164 4019 239 4086 quod
264 4018 431 4068 adiectivum
461 4021 487 4065 et
516 4018 544 4065 iu
571 4015 708 4065 Homeric.

165 4090 268 4153 Hymn.
283 4086 418 4146 xxxm,
437 4086 467 4136 12
482 4088 509 4135 et
525 4085 593 4135 aiibi
607 4084 711 4134 inveni·

167 4165 226 4223 tur,
242 4162 314 4209 teste
330 4154 453 4207 Nitzsclr.
473 4155 507 4205 ad
519 4156 631 4204 Homeri
651 4152 668 4203 Ι.
682 4152 710 4214 1.,

166 4229 212 4280 eui
233 4228 296 4278 add.
310 4227 346 4279 H.
362 4224 494 4289 Stephan.
512 4224 595 4274 Thes.
611 4223 644 4271 L,
664 4220 710 4270 Gr.

166 4301 199 4350 Τ.
212 4297 293 4348 vl11.
306 4311 369 4361 pag.
382 4295 431 4345 301
450 4294 492 4344 ed.
509 4291 635 4345 Dindori.
655 4292 713 4340 Ita-

167 4384 220 4435 que
243 4382 304 4417 mea
329 4366 468 4431 quideme
487 4362 626 4413 sententia
643 4358 711 4410 nihil

167 4437 343 4498 mutandum,
357 4436 517 4500 praesertim
531 4448 590 4482 eum
601 4434 644 4480 tot
655 4428 713 4479 alia

166 4507 316 4560 Homerica
346 4505 381 4555 ab
405 4504 547 4555 Herodoto
578 4498 712 4551 imitando

757 2547 925 2603 miscellauu.
945 2551 966 2603 1.
982 2568 1009 2617 p.
1023 2554 1057 2605 40
1071 2569 1129 2615 seu.
1150 2555 1227 2605 etad
1244 2556 1300 2606 Eu·

755 2621 880 2687 phorIon.
898 2639 923 2686 p.
936 2622 969 2672 38
988 2638 1045 2688 aeq.
1064 2640 1091 2688 p.
1105 2624 1139 2675 80
1149 2640 1189 2689 sq.
1208 2640 1235 2688 p.
1249 2625 1299 2675 187

757 2692 835 2756 seq.“
853 2719 889 2728 -
910 2693 987 2753 Quae
1000 2694 1132 2743 contiuuo
1149 2700 1300 2758 sequautur

756 2761 857 2811 verba:
875 2756 984 2810 δοκέων
997 2754 1012 2810 ὁ
1027 2754 1139 2826 Ξέρξης
1155 2755 1212 2811 ἀπὸ
1232 2778 1301 2812 παν·
1391 2820 1395 2825 ¹

757 2823 806 2885 τός
834 2844 923 2892 σφεας
944 2826 995 2878 τοῦ
1018 2823 1120 2887 ἔθνεος
1140 2822 1301 2894 έπαηγέλλε-

758 2900 828 2947 σθαι
850 2897 963 2963 φιλίην,
988 2900 1030 2949 sio
1049 2900 1186 2966 intelligo:
1212 2903 1302 2951 existi·

757 2985 829 3020 mans
846 2985 890 3019 eos
909 2968 941 3017 ab
957 2973 1023 3019 omni
1037 2968 1211 3021 Thessalorum
1225 2979 1301 3036 pente

758 3038 1300 3104 (s.totiusgentisThessaIicaenomine)

757 3110 846 3159 suasos
865 3111 916 3173 ipsi
931 3111 1061 3159 miriciiianr
1076 3124 1108 3158 nc
1119 3110 1211 3172 foedus
1227 3127 1301 3160 ercun-

757 3180 824 3228 liure
837 3193 858 3227 s.
869 3181 993 3239 polliceri.
1024 3179 1079 3228 Ubi
1093 3178 1217 3229 voculam
1231 3170 1300 3242 ἀπὸ,

757 3249 836 3298 cuius
850 3246 910 3297 loco
921 3247 1061 3299 duocodd.
1077 3237 1150 3309 ὑπὸ,
1161 3250 1230 3301 bene
1242 3254 1302 3301 tue·

758 3322 804 3368 tur
818 3317 1103 3382 Schweighaeuserus.

902 3510 906 3519 ·
926 3490 993 3545 Cur.
1011 3490 1134 3544 CXXXI.

790 3583 826 3642 ‘0
839 3588 936 3656 pleds}
952 3588 1017 3655 περὶ
1031 3592 1152 3659 Πτερίην
1165 3588 1299 3659 διέτριβε]

760 3659 825 3726 περὶ
845 3661 966 3726 Πιερίην
979 3665 1067 3714 valet:
1089 3667 1114 3714 iu
1128 3667 1232 3721 Pieria,·
1246 3663 1301 3712 vid.

760 3733 888 3783 Kuehner
895 3734 940 3783 Gr.
948 3734 996 3785 Gr,
1010 3734 1105 3796 §.eiu
1120 3734 1178 3794 111,
1192 3733 1219 3782 b.
1241 3734 1303 3781 Pie·

760 3804 818 3864 ria,
838 3804 915 3854 euius
934 3802 1002 3860 VII,
1017 3803 1065 3851 177
1084 3803 1172 3853 denuo
1187 3801 1216 3850 lit
1230 3816 1303 3850 meu·

760 3874 811 3933 tio,
830 3878 952 3922 extrema
971 3870 1151 3922 Macedoniae
1172 3876 1214 3921 est
1227 3870 1302 3935 regio

760 3941 899 3992 meridiem
910 3956 1005 3990 versus
1019 3942 1089 3990 iuter
1097 3941 1303 3991 Haliacmonem

762 4019 789 4060 et
803 4011 866 4060 Axii
879 4010 951 4060 ostia
967 4010 1044 4059 iuxta
1056 4026 1130 4060 mare
1142 4016 1255 4062 extensa
1268 4007 1304 4058 ad

761 4086 869 4129 montes
886 4095 990 4144 usque,
1009 4080 1054 4144 qui
1076 4079 1265 4130 Macedoniam
1287 4094 1304 4127 a

762 4149 910 4199 Thessalia
924 4152 1064 4211 separant.
1089 4149 1142 4198 Vix
1155 4154 1247 4198 tamen
1260 4164 1305 4198 ac·

762 4224 858 4269 curate
876 4218 943 4267 fines
962 4218 1079 4283 regionis
1100 4217 1212 4269 desinire
1227 4219 1303 4269 licet.

763 4288 826 4338 Vid.
846 4287 876 4340 Ο.
894 4289 927 4338 0.
943 4285 1069 4338 Mueller:
1089 4288 1179 4338 Ueber
1196 4287 1221 4338 d.
1245 4288 1304 4338 Ms-

762 4357 862 4410 kedon.
888 4374 914 4422 p.
935 4357 962 4407 ll
993 4360 1021 4405 et
1044 4358 1179 4408 Mannert.
1194 4357 1257 4408 VII.
1276 4373 1304 4421 p.

763 4426 814 4477 501
825 4441 882 4492 seq.
897 4427 963 4484 510.
979 4426 1125 4492 Forbigere
1150 4425 1258 4477 Handb.
1276 4426 1302 4477 d.

763 4497 812 4547 alt,
833 4495 989 4562 Geograph.
1006 4496 1059 4550 ΙΙΙ.
1083 4512 1147 4563 pag.
1164 4496 1230 4547 1802
1245 4511 1303 4561 seq.
