3100 5175
524 430 702 494 ERATO.
726 433 780 494 VI.
804 439 846 498 ³4.
869 445 914 499 35.

1226 437 1286 501 265

154 600 196 684 ὡς
215 599 330 685 οὐδεὶς
354 602 486 689 ἐκάλεε,
517 608 735 692 ἐκτράπονται
764 606 817 678 ἐπ’
841 606 1023 698 Ἀθηνέων.
1064 605 1119 679 Ἐν
1148 610 1185 681 δὲ
1210 618 1283 701 τῇσι
1294 629 1333 693 35

149 705 311 797 Ἀθήνῃσι
341 715 523 796 τηνικαῦτα
552 712 617 799 εἶχε
646 713 708 800 μὲν
732 712 770 781 τὸ
798 718 865 782 πᾶν
891 713 1016 800 κράτος
1038 722 1284 803 Πεισίστρατος,

153 810 235 900 άτάρ
255 812 459 882 ἐδυνάστευε
482 816 537 883 καί
559 817 749 905 Μιλτιάδης
770 816 788 886 δ
812 820 990 901 Κυψέλου,
1021 816 1086 887 dclv
1108 825 1214 906 οἰκίης
1233 847 1286 889 τε·

154 916 434 1004 θριπποτρόφου,
454 915 493 986 τά
512 919 574 1006 μὲν
594 918 763 989 ἀνέκαθεν
782 918 842 988 ἄπ’
865 926 996 989 Αἰακοῦ
1018 949 1052 990 τε
1073 925 1128 991 καί
1148 931 1288 1011 Αἰγίνης

155 1018 317 1106 γεγονώς,
339 1018 379 1088 τά
394 1021 431 1090 δὲ
445 1021 591 1106 νεώτερα
604 1021 799 1111 Ἀθηναῖος,
820 1032 963 1094 Φιλαίου
980 1030 1039 1095 τοῦ
1054 1036 1196 1105 Αἰαυτος
1211 1056 1286 1095 παι-

156 1122 227 1204 δὸς,
250 1127 434 1210 γευομένου
453 1124 588 1210 πριάτου
607 1133 665 1214 της
686 1134 792 1215 οἰκίης
813 1125 934 1214 ταύτης
955 1125 1144 1217 Ἀθηναίου.
1183 1121 1289 1209 Οὗτος

155 1223 172 1294 ὁ
196 1226 402 1318 Μιλτιάδης,
431 1229 614 1318 κατήμενος
635 1233 672 1299 ἐν
698 1248 783 1300 τοῖσι
804 1231 1007 1320 προθύροισι
1035 1249 1120 1302 τοῖσι
1150 1236 1288 1319 ἑωυτοῦ,

327 1463 394 1514 Cae.
413 1465 524 1518 XXXV.

189 1562 347 1630 τηνικαῦτα
366 1562 423 1633 εἶχε
441 1565 493 1633 μὶν
510 1562 543 1617 τδ
558 1567 617 1620 πᾶν
633 1564 697 1631 κρά-

156 1650 203 1693 τος
219 1634 440 1700 Πεισίστρατος]
470 1640 529 1689 Hoc
541 1641 660 1693 Voemel
678 1641 694 1689 1.

155 1707 172 1756 l.
187 1723 249 1771 pag
268 1707 298 1755 13
315 1723 372 1772 seq
394 1708 479 1761 refert
492 1710 526 1760 ub
540 1710 573 1759 Ol
574 1710 696 1776 ).·mpiad

156 1778 216 1836 LV,
231 1777 323 1826 isrve
339 1778 390 1828 160
405 1785 468 1828 ente
481 1778 543 1831 Chr
567 1797 592 1829 n.
625 1780 695 1830 Add

155 1845 302 1895 Fischerl.
319 1847 336 1899 1
353 1864 416 1912 pag
432 1848 490 1898 136.
521 1848 598 1907 Quae
612 1850 698 1901 contr

157 1932 210 2001 nup
234 1922 398 1979 sequuntur:
430 1911 503 1970 circio
529 1910 697 1968 ἔδινάστευε

155 1981 202 2033 καὶ
217 1980 395 2050 Μιλτιάδης,
418 1987 446 2037 in
464 1989 498 2036 iis
510 1990 697 2049 Florentium,

155 2055 293 2105 Mediceus
306 2071 367 2106 cum
382 2058 489 2107 duobus
502 2058 564 2108 aliis
575 2067 639 2110 ante
648 2026 697 2107 sul

155 2127 279 2174 inserunt
293 2139 329 2182 τε,
344 2128 416 2191 ηυοδ
430 2128 582 2178 Larcherus
597 2130 697 2179 mutari

155 2193 262 2244 voluit'
254 2211 282 2244 rn
302 2209 338 2242 τι
373 2196 442 2246 Mihi
456 2203 580 2248 neutrum
597 2199 696 2278 placet.

155 2264 194 2314 Ad
204 2265 429 2328 significationem
440 2268 516 2316 verbi
530 2259 696 2317 ἐδυνάστευε

155 2335 189 2383 ci.
204 2335 238 2395 V,
252 2335 286 2382 97
304 2334 395 2400 ibique
409 2340 479 2389 nott

188 2372 242 2451 ἰσὶν
254 2398 350 2466 οἰκίης
362 2395 632 2469 τεθριπποτρόφου]
651 2407 698 2454 ht-

155 2473 217 2537 tigit
233 2479 329 2524 auctor
344 2476 523 2538 argumenti'
517 2491 542 2522 m
559 2475 696 2538 Aristoph

155 2542 241 2592 Nubb
276 2544 318 2594 Tu
330 2543 401 2594 adde
419 2545 456 2596 sis
473 2559 580 2625 quoque
595 2544 694 2595 Herod.

155 2612 206 2671 VI,
222 2614 287 2663 125
315 2606 502 2677 δἈλκμαίων
521 2628 606 2669 ουτος
622 2630 696 2663 ουτω

155 2678 483 2747 τεθριπποτροφήσαςκ.
494 2698 516 2732 τ
530 2683 552 2735 1
576 2684 698 2735 tumve

156 2767 183 2800 ro
198 2752 271 2817 apud
285 2752 406 2803 Graecos
427 2754 499 2804 alere
513 2768 596 2818 equos
609 2755 645 2804 ad
657 2754 698 2803 lu·

155 2821 202 2870 dos
220 2820 357 2872 solemnes
382 2823 540 2888 plerumque
566 2839 619 2872 non
644 2824 697 2872 uisi

156 2906 302 2955 paucorum
317 2897 400 2953 esset,
411 2895 457 2959 qui
472 2892 575 2943 divitiis
589 2893 697 2957 opibus-

156 2975 205 3024 que
217 2962 292 3011 inter
307 2968 433 3013 caeteros
447 2964 597 3013 eminerent
617 2968 699 3028 atque

155 3030 288 3081 eiusmodi
320 3032 418 3083 studiis
441 3032 620 3087 inclarescere
644 3032 699 3082 vel-

155 3100 223 3177 lent,
244 3101 335 3150 verbis
354 3092 408 3149 ἔών
428 3097 522 3164 οἰκίης
539 3100 698 3163 τεθριππο-

155 3162 263 3233 τράφον
281 3171 442 3236 scriptorem
457 3188 564 3237 quoque
580 3170 700 3221 declara-

155 3256 182 3289 re
193 3241 315 3290 voluisse
327 3246 450 3306 apparet,
465 3258 498 3291 cx
512 3241 698 3291 illustrissima

156 3325 187 3358 ec
206 3310 344 3360 ditissima
360 3317 441 3374 gente
461 3311 612 3360 Miltiadem
639 3327 698 3361 esse

157 3384 329 3443 prognatum.
357 3382 398 3431 De
410 3380 549 3431 Alcibiade
565 3380 637 3430 haud
652 3382 699 3431 ab·

157 3448 256 3497 similia
279 3454 427 3500 narrantur
450 3466 466 3499 a
496 3449 642 3500 Plutarcho
670 3451 699 3500 in

159 3518 214 3568 cius
228 3519 285 3570 Vit.
298 3534 358 3584 cap.
373 3520 426 3582 xl,
451 3520 497 3569 ubi
514 3520 569 3569 vid.
585 3524 700 3568 anneta

159 3588 255 3637 tionem
270 3604 333 3654 pag.
347 3590 404 3640 117
437 3590 478 3639 De
491 3588 625 3639 Miltiadis
642 3605 699 3638 ma-

158 3657 261 3707 ioribus
277 3656 355 3722 plura
367 3658 471 3710 dabunt
490 3660 653 3722 interpretes
665 3659 700 3708 ad

158 3727 263 3776 Cornel.
280 3730 348 3792 Nep.
366 3729 422 3778 Vit
437 3728 554 3780 Miltiad.
573 3728 582 3777 1
607 3728 699 3825 ibique

158 3796 275 3846 leud.—
297 3797 337 3846 sd
352 3813 385 3845 τα
376 3791 626 3847 άνέκαδενοΗ
626 3799 698 3856 ’5,5

158 3866 248 3931 ibique
260 3872 348 3916 nott.-
341 3868 401 3926 ‚ad
413 3884 505 3918 vocem
519 3800 626 3930 οἰκίηςΊἸ
629 3871 698 3917 nott.

159 3936 229 4014 adl,
248 3936 306 3986 107.

190 3994 243 4053 ἄπ’
263 3998 369 4053 Αἰακοῦ
384 4017 413 4052 τε
432 4000 479 4051 κα1
495 3999 611 4067 Αἰγίνης
626 4018 701 4067 ηεηο

160 4067 229 4138 νὼς]
258 4076 301 4123 De
316 4076 418 4135 Aeaeo,
433 4074 607 4124 celeberrimo
622 4076 700 4138 Aegi·

162 4158 209 4193 uae
227 4143 333 4194 insulae
349 4143 447 4203 heroii,
466 4145 513 4209 qui
529 4144 612 4205 vulgo
625 4145 700 4193 lovis

161 4220 241 4274 atque
256 4214 378 4277 Aeginae
395 4216 424 4262 in
441 4213 556 4263 insulam
568 4215 701 4278 Aeginam

162 4282 286 4333 Phliunte
302 4282 384 4346 (teste
394 4283 474 4333 Diod.
490 4284 537 4344 IV,
552 4282 596 4347 72)
612 4289 701 4332 trans-

162 4350 232 4402 latae
244 4352 332 4402 fertur
344 4351 431 4413 filius,
448 4352 563 4416 plurima
577 4353 657 4402 affert
671 4352 700 4403 C.

163 4420 194 4471 0.
208 4422 330 4471 Mueller.
347 4421 484 4486 Aeginett.
497 4437 561 4487 pag.
575 4425 607 4472 22
625 4437 701 4486 seqq.

164 4489 222 4541 coll.
237 4494 269 4543 12
285 4507 361 4557 seqq.
376 4518 409 4527 -
429 4490 482 4553 Qui
493 4507 554 4542 mox
568 4493 603 4541 ab
615 4492 702 4541 Hero·

749 1433 814 1483 doto
834 1437 950 1483 vocatur
974 1431 1106 1495 Φιλαῖος,
1127 1435 1150 1485 is
1172 1432 1289 1492 Φιλαίας

747 1502 847 1553 dicitur·
871 1518 887 1552 a
907 1504 1063 1568 Pherecyde
1081 1504 1154 1569 apud
1175 1505 1289 1555 Marcel-

747 1572 795 1621 liu.
820 1573 875 1621 Vit.
903 1572 1054 1635 Thucydid
1079 1575 1140 1626 init
1176 1575 1289 1624 Rectius

749 1642 820 1704 apud
834 1642 1029 1692 Plutarchum'
1023 1659 1049 1692 m
1062 1642 1155 1692 Solon.
1169 1643 1208 1693 16.
1224 1659 1287 1709 pag.

748 1711 817 1762 831)
842 1709 889 1759 os
894 1713 958 1768 αιος
981 1708 1028 1760 καὶ
1052 1705 1221 1775 Εὐρυσάκης
1241 1728 1289 1763 vo-

749 1786 848 1831 centur
860 1781 969 1830 Aieutis
983 1780 1046 1840 filii,
1064 1782 1158 1831 Attice
1175 1782 1290 1831 civitate

749 1851 854 1899 donati.
894 1852 933 1899 Ac
950 1847 1083 1912 Φιλαίου,
1105 1850 1154 1900 tilii
1173 1852 1289 1908 hiantis,

748 1919 820 1970 unde
836 1919 961 1983 Aegeidis
979 1921 1066 1970 tribus
1084 1920 1177 1971 demus
1193 1936 1290 1970 nomen

748 1989 865 2052 sucepit,
884 1991 1006 2038 meminit
1021 2005 1126 2054 quoque
1138 1988 1290 2053 Stephanus

748 2060 815 2120 Byz.
836 2073 857 2106 s.
874 2074 898 2104 v.
919 2055 1050 2107 Φιλαΐδαι
1072 2074 1134 2124 pag.
1156 2058 1216 2109 710.
1247 2060 1290 2108 Tu

748 2129 803 2180 vid
816 2128 939 2189 inprimis
951 2129 1069 2179 Pausau.
1081 2129 1104 2190 1,
1116 2128 1158 2180 35,
1172 2133 1196 2191 ξ.
1209 2130 1224 2177 2
1239 2129 1289 2177 ibi-

748 2214 800 2262 que
815 2196 927 2247 Siebelis
948 2213 1009 2262 pag.
1035 2199 1090 2249 120.
1126 2198 1204 2247 Unde
1223 2198 1290 2247 Lar-

748 2267 843 2317 cherus
854 2266 923 2315 hanc
933 2267 1117 2331 genealogiam
1130 2268 1290 2316 constitnit:

749 2336 885 2398 Phileous,
902 2337 1018 2387 Daiclus
1032 2351 1053 2386 s.
1067 2335 1174 2396 Aeolus,
1191 2336 1292 2401 Epidy·

749 2417 807 2467 τοο,
823 2406 946 2466 hcestcr,
961 2406 1078 2471 Agenor,
1093 2406 1180 2466 Olius,
1193 2406 1291 2468 Lycos,

748 2475 881 2539 Typhon,
896 2475 991 2536 Laius,
1010 2476 1180 2538 Agamcstor,
1194 2475 1291 2524 Tisan-

750 2544 806 2605 der,
819 2544 1010 2608 Hippoclides,
1026 2544 1174 2606 Miltiades,
1191 2544 1292 2609 cyp-e

748 2614 807 2675 lus,
829 2614 990 2675 Miltiades,
1016 2618 1062 2678 qui
1093 2614 1291 2665 Chersonesum

748 2684 880 2734 condidit
916 2684 1014 2748 Inque
1029 2690 1119 2733 tamen
1131 2683 1292 2748 genealogia

749 2759 806 2802 tres
815 2746 913 2816 γενεὰς
922 2752 1017 2802 deesse
1027 2752 1098 2802 idem
1109 2754 1223 2811 monuit,
1232 2768 1291 2802 cum

750 2839 766 2871 a
786 2820 1051 2883 uenerandumne
1069 2822 1173 2875 a.Chr.
1190 2822 1229 2886 u.)
1248 2838 1293 2872 us-

750 2908 801 2956 que
816 2891 851 2940 ad
863 2890 1014 2940 Miltiadem
1027 2898 1120 2941 natum
1135 2893 1191 2941 sint
1206 2891 1292 2954 elapsi

750 2963 814 3011 anni
828 2960 890 3019 670,
906 2962 952 3026 qui
968 2962 1065 3025 viginti
1080 2952 1177 3024 γενεὰς
1192 2962 1293 3010 cousti-

750 3034 840 3079 tusut.
869 3031 1045 3092 Pausaniam,
1062 3028 1291 3093 quiv1,1a..§'t

749 3102 787 3149 M
792 3099 919 3158 ltiadem,
933 3100 1037 3150 Cimonis
1052 3100 1140 3161 filium,
1158 3099 1293 3149 condidis-

751 3186 781 3219 se
796 3168 993 3218 Chersonesum
1006 3170 1105 3229 tradit,
1121 3168 1218 3218 falsum
1233 3185 1292 3218 csse

749 3240 820 3289 idem
834 3239 934 3287 statuit
943 3238 1105 3295 Lurcherus,
1117 3239 1233 3301 itemque
1244 3240 1292 3288 Ae-

750 3310 853 3359 lianum
872 3310 906 3361 V.
920 3308 956 3357 H.
975 3308 1042 3371 XII,
1062 3308 1094 3357 35
1117 3315 1171 3358 tres
1190 3307 1293 3357 Miltia-

751 3380 798 3429 des
812 3382 1025 3427 enumerantem.

785 3440 816 3495 ἒν
834 3449 906 3496 τοῖσι
923 3439 1109 3510 προθύροισι]
1138 3447 1188 3495 His
1202 3446 1292 3497 verbis

751 3533 811 3568 cum
823 3517 912 3567 locum
932 3516 1046 3568 indicari
1062 3522 1142 3580 puto,
1154 3516 1210 3580 ’qui
1228 3521 1292 3564 ante

750 3590 826 3652 ipsas
847 3587 956 3637 aedes
948 3601 1137 3665 tenuemque
1135 3586 1162 3634 in
1176 3586 1227 3635 hes
1245 3584 1293 3634 du·

751 3662 857 3707 centem
878 3655 958 3722 (quae
981 3657 1049 3706 dicit
1038 3660 1083 3706 tur
1100 3645 1212 3711 αυλειος
1233 3653 1291 3705 scil.

751 3720 842 3791 δυ’ρα)
867 3726 1066 3777 extendebatur
1087 3724 1186 3789 planus
1207 3739 1292 3789 usque

751 3796 786 3846 ad
804 3798 875 3847 viam
891 3795 1042 3861 publicam,
1064 3811 1080 3844 a
1095 3810 1163 3859 qua,
1184 3795 1206 3843 si
1226 3810 1293 3858 opus

750 3868 895 3917 videbatur
912 3871 960 3915 aut
977 3866 1086 3919 ornaino
1102 3863 1292 3923 conveniebat,

749 3935 804 3985 levi
823 3940 901 3998 septo
919 3935 1040 3999 separari
1055 3933 1195 3999 alteraque
1211 3934 1292 3982 etiam

751 4006 836 4054 ianua
848 4005 945 4053 instrui
958 4007 1074 4066 poterat,
1087 4017 1148 4050 cum
1162 4002 1197 4051 ad
1211 4000 1293 4050 aedes

752 4075 826 4136 ipses
850 4074 959 4138 eiusque
981 4071 1117 4121 dominum
1135 4071 1292 4135 pertineret,

752 4144 814 4192 Vid.
830 4142 929 4206 Odyss.
945 4142 972 4203 1,
989 4139 1045 4190 103.
1067 4139 1147 4191 Iliad.
1162 4141 1215 4199 XI,
1231 4141 1292 4189 777.

751 4214 811 4271 XV,
827 4212 885 4262 124.
915 4210 986 4261 Plet.
1000 4211 1142 4273 Protagor.
1155 4212 1180 4272 ξ.
1195 4209 1234 4260 14.
1252 4209 1291 4258 15.

752 4297 815 4346 pag.
830 4279 910 4331 3140
927 4284 954 4329 et
970 4279 1006 4329 cf.
1020 4277 1169 4329 Schneider
1188 4280 1216 4327 in
1226 4278 1292 4343 Epi·
1319 4334 1323 4343 ἢ

752 4356 830 4401 metr.
843 4351 876 4400 ad
889 4348 1012 4413 Xenoph.
1026 4348 1192 4399 Memorabb.
1205 4363 1231 4412 p.
1241 4349 1288 4399 291

752 4436 810 4486 seq.
819 4421 879 4473 271.
895 4420 925 4472 C.
933 4420 963 4469 F.
973 4419 1120 4468 Hermann.
1134 4417 1169 4468 ad
1178 4418 1293 4469 Beckeri

752 4490 870 4543 cherisi.
887 4490 926 4544 11.
945 4505 972 4554 p.
993 4488 1026 4540 95
1040 4494 1068 4539 et
1082 4487 1292 4542 Privatultertlr.
