3100 5175
457 423 733 490 POLYMNIA.
756 424 829 490 VIl.
851 430 972 491 tr-to.
1207 421 1282 487 Ι563

145 594 245 667 αὐτοὶ
259 602 413 685 λέγουσι,
436 600 661 688 Στρυμόνιοι,
683 603 849 679 οἰκέοντες
868 601 922 669 ἐπὶ
935 596 1126 687 Στρυμόνι·
1163 601 1280 682 ἐξανα-

144 708 265 790 στῆναι
280 706 321 771 ὂέ
333 723 415 790 φασι
429 706 461 787 ἐξ
477 702 591 792 ἠθέων
604 701 671 773 ὑπό
691 709 851 793 Τευκρῶν
868 730 902 772 τε
922 705 978 770 καὶ
991 707 1135 770 Μυσῶν.
1176 708 1279 789 Θρηΐ-

144 833 218 875 xmo
232 807 267 874 δὲ
290 811 358 874 τῶν
378 810 415 874 ἐν
436 813 475 895 τῇ
490 804 581 896 Ἀσίῃ
600 799 680 897 ἦρχε
694 809 870 895 Βασσάκης
890 803 909 875 ὁ
928 803 1133 894 Ἀρταβάνου
1148 855 1278 873 ........
1287 818 1327 877 76

143 907 291 999 doridos
306 910 344 978 dl
364 907 552 996 ὠμοβοΐνας
568 910 658 997 εἶχον
676 910 833 1000 σμικρός,
855 912 910 978 καὶ
932 909 1119 996 προβόλους
1134 908 1196 976 δύο
1217 917 1277 976 λυ-

181 1052 687 1141 όιιὸΤενιιροόντειιαὶΜυσών]νίᾶ,
739 1075 867 1142 displicet
887 1041 1060 1138 Wesselingii
1084 1073 1220 1123 sententia
1249 1071 1281 1121 de

144 1144 477 1208 snpraVlI‚·2ll.V,l3.
511 1144 689 1196 nommet-
740 1146 890 1210 Chalybum
903 1142 1282 1210 genteBredoviop.l⁴l,ln·

144 1213 201 1263 ler:
214 1215 280 1266 Dor.
290 1215 312 1267 1.
320 1229 346 1278 p.
356 1215 372 1263 9
384 1222 425 1262 et:
440 1214 529 1265 Ueber
542 1215 585 1264 die
596 1215 689 1266 blake·
740 1231 838 1267 cunam
851 1217 877 1264 in
892 1214 1055 1264 Herodoteis
1071 1213 1148 1263 libris
1160 1211 1280 1261 hocloco

144 1284 212 1337 don.
226 1299 288 1347 pag.
300 1282 347 1346 3d,
363 1284 410 1333 ubi
423 1283 467 1333 ille
481 1284 514 1334 de
524 1286 688 1336 Teucrorum
739 1287 853 1351 reperiri
867 1290 1021 1344 stetnente,
1043 1285 1163 1347 itemque
1175 1281 1280 1332 Ukerto

144 1354 320 1417 expeditione
344 1352 548 1418 Lycophronem
572 1355 690 1405 conferri
740 1355 908 1420 (Geograpli.
922 1354 949 1405 d.
961 1353 1067 1403 Grieclr.
1081 1367 1108 1401 ιι.
1119 1353 1213 1401 Roem.
1226 1349 1280 1414 Ill,

144 1424 207 1474 vult
224 1424 284 1488 ren
298 1424 445 1488 Mysusque
459 1422 548 1483 addit,
565 1426 611 1489 qni
628 1440 689 1473 cum
739 1428 765 1479 2.
778 1440 840 1490 pag.
853 1424 904 1474 525
915 1422 1005 1488 seq),
1019 1422 1067 1487 qui
1078 1426 1200 1471 veterum
1214 1422 1279 1469 scri·

144 1494 262 1543 Teucris
272 1492 299 1540 in
312 1493 446 1556 Europam
457 1494 622 1557 transgressi
632 1494 689 1544 fue·
740 1501 849 1560 ptorum
860 1493 935 1543 locos
949 1493 983 1542 de
995 1492 1046 1541 heo
1059 1497 1139 1555 gente
1152 1492 1281 1539 accurate

143 1562 217 1624 rint,
243 1567 341 1626 postea
364 1567 494 1627 tanquam
512 1564 621 1613 Moesos
646 1578 690 1613 re·
739 1568 899 1629 persecutns
925 1566 981 1624 est,
1013 1575 1093 1626 quam
1116 1558 1221 1609 Dubois
1248 1558 1281 1607 de

143 1634 222 1697 gioni
240 1631 365 1696 ampliori
383 1647 481 1681 nomen
499 1631 616 1684 dedisse.
648 1634 689 1682 De
739 1631 918 1698 Montperenx
944 1632 1069 1696 (Voyage
1095 1644 1131 1677 au
1157 1630 1281 1678 Caucaso

144 1718 202 1766 qno
219 1701 342 1765 equidem
360 1701 504 1752 decernere
521 1701 617 1751 nolim:
643 1718 689 1751 ne·
741 1703 788 1755 1v.
808 1718 834 1768 p.
856 1701 916 1765 138)
940 1700 1018 1751 sedes
1038 1698 1166 1749 habuisse
1188 1703 1282 1748 censet

144 1787 201 1836 que
221 1786 285 1820 vero
309 1769 404 1820 dubito
424 1786 517 1821 rernm
536 1786 596 1821 esse
618 1771 689 1837 quod
740 1773 767 1822 in
781 1771 1017 1837 pagonrmenim,
1040 1769 1083 1818 cni
1096 1782 1168 1816 nune
1182 1781 1282 1817 nornen

144 1840 303 1890 Herodotus
322 1846 349 1889 et
366 1840 393 1892 h.
408 1839 425 1888 l.
439 1846 467 1890 et
481 1854 562 1904 supra
575 1841 641 1902 VII,
655 1842 689 1891 20
741 1844 826 1904 Koulp
848 1841 907 1890 sire
925 1838 1011 1903 Gopplr
1036 1836 1109 1903 apud
1129 1837 1279 1893 Armenios,

143 1911 232 1959 tradit
245 1908 278 1960 de
291 1910 377 1974 Mysis
396 1924 430 1959 sc
443 1911 570 1972 Teneris,
589 1914 637 1974 qui
657 1924 689 1960 ex
740 1926 795 1961 non
819 1909 898 1975 longe
921 1913 1025 1959 remoto
1047 1907 1093 1956 illo
1116 1906 1223 1970 quidem
1245 1905 1280 1954 ab
1380 1902 1383 1908 '

144 1978 689 2044 AsiaproiectieedesinHuropauata
739 1980 807 2031 urbe
828 1987 856 2031 et
879 1979 1001 2044 regione,
1026 1992 1094 2041 quae
1114 1976 1187 2041 Τι’βιύ
1209 1989 1281 2023 nnnc

144 2050 319 2113 Strymonem
334 2048 394 2113 (per
405 2048 594 2099 Macedoniam
606 2050 691 2114 igitur
739 2054 872 2110 vocatur,
896 2047 967 2098 unde
985 2045 1073 2097 adhue
1092 2044 1158 2096 terri
1175 2045 1281 2108 copiam

144 2135 181 2169 ac
193 2118 352 2183 Thraciam)
366 2119 497 2182 ceperint,
511 2119 606 2169 eiectis
619 2121 691 2184 prio·
739 2120 882 2184 provenire
900 2117 986 2167 addit.
1011 2115 1144 2166 Herodoti
1159 2113 1283 2179 Gdolpber

144 2190 223 2238 ribus
248 2188 344 2238 incolis
371 2196 399 2238 et
426 2190 455 2237 in
480 2188 573 2239 Asiam
601 2190 688 2253 ipsam
739 2205 788 2254 pro
812 2195 890 2254 parte
916 2186 1037 2236 nationis
1060 2184 1220 2235 Cimmerias
1242 2182 1282 2231 di-

145 2257 308 2317 translatis3
333 2257 386 2308 rid.
399 2256 499 2308 Giseke
518 2257 536 2310 l,
553 2257 571 2307 l.
584 2273 648 2323 pag.
663 2261 688 2310 ’2.
740 2274 866 2323 spersae,
880 2272 951 2323 quae
964 2257 998 2305 ad
1010 2253 1102 2319 Halyn
1114 2269 1148 2303 ac
1162 2253 1280 2316 Sinopen

145 2329 209 2378 Hoc
224 2328 308 2392 igitur
325 2328 349 2378 si
368 2342 461 2377 rernm
480 2342 540 2377 esse
556 2328 690 2378 iudicabi·
739 2328 911 2388 consederit,
937 2324 1031 2376 baberi
1055 2323 1113 2373 vult
1133 2321 1279 2373 Voolcker:

146 2404 208 2458 tur,
228 2405 300 2460 tum,
322 2396 493 2446 Gerlecbium
507 2398 530 2446 si
543 2413 689 2462 sequamur
739 2398 828 2462 Myth.
845 2398 942 2461 Geogr.
959 2411 986 2459 p·
1001 2394 1062 2445 209.
1094 2394 1135 2443 De
1151 2392 1282 2457 Aeppptir'r

145 2467 309 2534 (Zaleukos,
325 2466 500 2524 Charondae,
517 2467 689 2532 Pythagoras
740 2484 774 2518 ne
788 2468 849 2532 quis
861 2466 906 2517 bic
918 2465 1034 2530 cogitet:
1053 2463 1153 2528 quippe
1166 2475 1280 2526 quornm

145 2553 210 2604 pag.
224 2535 281 2602 25),
295 2551 328 2586 ea
341 2551 463 2602 quoque,
480 2551 550 2600 quae
563 2537 595 2588 de
607 2540 690 2589 Ante-
739 2535 816 2588 nulla
825 2537 854 2588 in
865 2535 917 2586 hoc
927 2536 1049 2601 gentium
1062 2533 1152 2582 indice
1166 2530 1281 2588 mentio;

144 2622 215 2658 nore
230 2607 266 2656 ad
279 2606 378 2657 ltaliae
391 2622 453 2656 oras
469 2606 592 2671 prolecto
605 2613 688 2673 atque
740 2624 803 2658 nam
819 2608 878 2672 ipse
895 2607 1051 2656 Herodotus
1075 2618 1185 2652 cansam
1203 2599 1281 2650 affert

146 2679 181 2727 de
196 2678 264 2740 ipsis
277 2677 406 2727 Troianis
425 2678 452 2725 in
464 2677 572 2726 Latium
587 2678 686 2728 delatis
738 2679 793 2740 lx,
807 2678 850 2729 32.
886 2675 1007 2726 sicinina
1022 2687 1118 2722 nomen
1128 2663 1280 2740 ῘΊὲεννὲων

145 2746 408 2811 traduntur,neque
422 2746 541 2796 dubitari
553 2762 639 2811 neque
653 2749 687 2797 ad
738 2747 823 2812 (quod
845 2746 915 2796 idem
936 2759 1033 2794 nomen
1057 2757 1105 2806 pro
1135 2735 1282 2804 Τγεννέοιν

145 2832 191 2866 ree
204 2815 377 2867 incredibiles
388 2815 483 2867 referri
496 2821 633 2881 poterunt.
740 2816 827 2867 altero
839 2814 975 2865 Herodoti
992 2810 1123 2869 locelli,
1138 2810 1172 2860 99
1187 2807 1281 2871 reponi

739 2884 811 2949 vult)
830 2884 876 2933 bic
891 2882 1024 2933 excidisse
1037 2879 1193 2942 suspicatur
1205 2876 1281 2940 (Vin-

739 2956 808 3005 dice.
824 2952 944 3003 Herodd.
959 2950 1074 3014 Speeim.
1088 2962 1149 3012 pag.
1161 2945 1282 3009 12)‚pr0-

313 3021 380 3072 CAP·
400 3020 522 3072 LXXVI·
738 3039 841 3077 vocaus
860 3021 895 3072 sd
909 3019 1039 3085 Stephan.
1054 3019 1127 3086 Byr,
1138 3006 1280 3092 (Ὗτενυα

739 3087 950 3150 πόλιςΔυιιίας·
970 3079 1114 3148 όοίιιέτωρ
1129 3081 1280 3147 Treveros)

182 3149 306 3214 ἀσπίδας
317 3151 347 3207 δὲ
358 3152 519 3222 ὠμοβοΐνας
531 3149 619 3223 εἶχον]
637 3160 654 3209 i.
665 3175 689 3210 e.
740 3163 889 3226 eodemque
911 3174 1044 3212 revocans
1057 3150 1209 3215 Ἐτεννεῖς,
1235 3153 1281 3218 qni

145 3232 243 3291 clipeos
260 3227 385 3277 Irridebant
408 3229 497 3278 bonico
520 3231 589 3279 corio
612 3243 634 3283 s.
655 3245 690 3277 ece
741 3232 816 3299 apud
834 3230 930 3295 Polyb,
953 3231 992 3290 V,
1011 3227 1045 3278 73
1070 3231 1097 3277 et
1119 3225 1282 3284 Κατεννείς,

145 3300 228 3347 muria
246 3298 315 3347 bonis
333 3299 399 3359 pelle
416 3299 556 3360 consector,
580 3303 610 3348 ut
626 3299 689 3362 Vll,
740 3304 789 3370 qni
804 3302 876 3369 apud
889 3299 1015 3351 Strabon.
1028 3313 1053 3361 p.
1065 3297 1116 3346 570
1132 3308 1281 3345 memoran-

147 3369 190 3419 79.
199 3368 243 3429 91,
255 3367 300 3416 ubi
310 3368 441 3431 quaedam
453 3367 547 3418 attulit
557 3367 687 3420 Valcken.
739 3381 797 3432 tun
813 3371 847 3421 de
857 3386 909 3435 qne
921 3385 975 3420 non
985 3366 1073 3432 magis
1087 3370 1190 3416 certum
1200 3377 1280 3429 quarn

147 3439 233 3489 Recte
251 3451 316 3487 vero
333 3439 464 3487 statuisse
481 3437 689 3488 ridenturPau·
739 3444 772 3493 de
788 3440 939 3504 Chalybum
953 3442 1049 3503 gente,
1074 3433 1281 3486 cuinsmentio·
1351 3449 1354 3450 ⁷

147 3510 217 3557 wius
228 3511 255 3556 et
265 3506 461 3571 Wesselingine
473 3507 594 3558 antehae
608 3523 688 3559 roceo
739 3528 799 3562 nem
812 3510 857 3560 bie
870 3509 950 3560 iniiei
961 3523 1041 3573 posse
1056 3510 1140 3570 negat
1152 3504 1224 3554 idern
1240 3504 1281 3552 vir
1389 3497 1395 3508 '

147 3575 281 3628 nonnulla
289 3577 433 3639 excidisse,
449 3578 565 3642 adquae
578 3575 630 3628 bae
643 3593 689 3627 vo·
739 3581 879 3644 doetus,id
889 3575 1119 3644 quoqneamplius
1128 3577 1282 3638 suspicans,

147 3663 194 3698 ces
213 3647 290 3709 ipsae
311 3648 462 3711 pertinent,
487 3647 521 3696 de
538 3646 594 3695 alia
607 3653 688 3710 gente
739 3652 767 3701 in
781 3652 874 3701 eadem
888 3650 988 3699 lacuna
1000 3646 1064 3698 olim
1078 3658 1186 3711 qnoque
1197 3643 1282 3691 exsti-

148 3725 233 3782 atque
251 3715 398 3779 Τιιτιιοίυιι,
423 3717 501 3766 euius
520 3717 549 3765 in
568 3716 689 3780 proxime
740 3723 807 3772 tisse
819 3735 918 3769 nomen
929 3713 1088 3776 decorior,
1101 3712 1145 3764 vel
1157 3718 1187 3761 ut
1200 3709 1283 3760 scribi

147 3784 376 3836 antecedentibus
388 3801 459 3835 nnnc
470 3785 501 3834 fit
513 3787 628 3850 mentio,
650 3788 689 3836 in·
740 3790 799 3840 vult
812 3785 970 3844 Λυσινίων,
991 3783 1061 3835 male
1074 3781 1236 3832 translatum
1255 3779 1281 3827 in

149 3854 322 3920 telligendae.
367 3856 501 3920 Chalybum
525 3857 687 3907 mentionem
741 3861 846 3924 capit
863 3857 986 3918 initium,
1007 3850 1204 3916 expulsoquod
1220 3847 1283 3898 elim

148 3925 239 3976 omitti
261 3925 333 3975 baud
358 3925 426 3976 male
450 3927 606 3990 suspicatus
631 3932 691 3978 erat
742 3930 781 3979 ibi
813 3927 955 3991 legebatur
985 3918 1153 3986 Κιβυρῆται.
1204 3920 1282 3980 Quae

148 3994 347 4060 Wesselingius
369 4000 425 4045 tum
447 3996 480 4044 ob
497 3996 594 4045 Martis
619 3996 690 4062 quod
741 4012 822 4062 quem
843 3996 948 4046 ineerta
972 3993 1043 4055 sint,
1065 4005 1144 4041 nemo
1166 4003 1219 4038 non
1243 3988 1283 4038 ri-

149 4066 280 4116 continno
294 4071 457 4115 memoratur
469 4066 621 4128 oraculum,
634 4073 690 4116 tum
742 4067 804 4116 det:
822 4065 850 4114 id
861 4079 944 4114 unum
960 4066 1063 4112 certum
1075 4059 1183 4110 videtur
1196 4070 1283 4119 neque

151 4152 183 4186 eo
204 4135 277 4199 quod
297 4134 430 4198 Chalybes
456 4136 586 4200 gentibus
607 4149 691 4199 supra
741 4135 799 4186 ullo
812 4135 891 4185 modo
904 4130 1098 4187 dubitandum,
1117 4127 1242 4177 lacunam
1255 4126 1283 4174 in

151 4205 308 4256 memoratis
320 4204 423 4255 luerint
439 4205 534 4254 affines
549 4206 572 4268 1,
583 4205 629 4264 28,
644 4205 690 4254 ubi
743 4204 923 4263 Herodoteis,
947 4199 1041 4266 qualia
1059 4212 1130 4247 nunc
1149 4196 1283 4256 seruntur,

150 4275 206 4328 vid.
221 4279 291 4325 nott.
320 4275 426 4337 Quibus
437 4275 522 4332 adde,
536 4274 608 4338 quod
619 4275 692 4324 Mor·
743 4279 852 4325 exstare
862 4287 975 4335 eamque
985 4268 1175 4334 perantiquam
1187 4281 1246 4316 esre
1256 4269 1286 4315 et

151 4350 184 4396 tir
196 4346 268 4396 tilius
281 4344 382 4394 dicitnr
392 4343 525 4408 Chalybs,
540 4344 610 4393 unde
621 4343 694 4392 cna·
744 4344 820 4393 libris
833 4341 957 4407 scriptis,
971 4340 1017 4406 qui
1029 4339 1117 4389 adbuc
1130 4339 1285 4400 supersunt,
1373 4357 1376 4362 >

151 4414 227 4479 lybee
238 4413 367 4479 appellati
377 4420 457 4476 sunt,
476 4413 644 4465 testeSchol.
658 4413 693 4462 ad
744 4414 873 4479 priorem:
890 4410 1051 4476 qnalacrina
1060 4423 1122 4457 num
1133 4406 1210 4455 ducis
1219 4420 1285 4469 qup-

152 4486 276 4551 Apollon.
287 4483 374 4538 Rhoe.
389 4485 488 4549 Argon.
503 4483 540 4544 ll,
553 4483 613 4534 373.
638 4483 693 4533 Nee
745 4500 797 4549 qne
811 4498 924 4542 nomen,
938 4480 1010 4545 quod
1023 4480 1052 4528 in
1066 4477 1118 4527 hae
1128 4479 1210 4544 gente
1221 4476 1286 4526 reti·
