<?xml version="1.0" encoding="UTF-8"?>
<!DOCTYPE html PUBLIC "-//W3C//DTD XHTML 1.0 Transitional//EN"
    "http://www.w3.org/TR/xhtml1/DTD/xhtml1-transitional.dtd">
<html xmlns="http://www.w3.org/1999/xhtml" xml:lang="en" lang="en">
 <head>
  <title>
</title>
<meta http-equiv="Content-Type" content="text/html;charset=utf-8" />
  <meta name='ocr-system' content='tesseract 3.04.00' />
  <meta name='ocr-capabilities' content='ocr_page ocr_carea ocr_par ocr_line ocrx_word'/>
</head>
<body>
  <div class='ocr_page' id='page_1' title='image "./herodotihalicar01unkngoog/herodotihalicar01unkngoog_0491.png"; bbox 0 0 3100 5175; ppageno 0'>
   <div class='ocr_carea' id='block_1_1' title="bbox 489 476 1272 544">
    <p class='ocr_par' dir='ltr' id='par_1_1' title="bbox 489 476 1272 544">
     <span class='ocr_line' id='line_1_1' title="bbox 489 476 1272 544; baseline 0 -2"><span class='ocrx_word' id='word_1_1' title='bbox 489 476 762 543; x_wconf 84' lang='lat' dir='ltr'><strong>POLYMNIA.</strong></span> <span class='ocrx_word' id='word_1_2' title='bbox 785 476 855 542; x_wconf 87' lang='lat' dir='ltr'><strong>VIl.</strong></span> <span class='ocrx_word' id='word_1_3' title='bbox 877 491 920 544; x_wconf 79' lang='lat'><strong>20.</strong></span> <span class='ocrx_word' id='word_1_4' title='bbox 1209 482 1272 542; x_wconf 86' lang='grc'><strong>479</strong></span> 
     </span>
    </p>
   </div>
   <div class='ocr_carea' id='block_1_2' title="bbox 136 651 1325 1577">
    <p class='ocr_par' dir='ltr' id='par_1_2' title="bbox 136 651 1325 1577">
     <span class='ocr_line' id='line_1_2' title="bbox 137 651 1274 745; baseline 0 -22"><span class='ocrx_word' id='word_1_5' title='bbox 137 662 289 743; x_wconf 79' lang='grc' dir='ltr'><strong><em>Δαρείου</em></strong></span> <span class='ocrx_word' id='word_1_6' title='bbox 303 651 361 723; x_wconf 85' lang='grc' dir='ltr'><strong><em>τὸν</em></strong></span> <span class='ocrx_word' id='word_1_7' title='bbox 377 655 432 723; x_wconf 78' lang='grc' dir='ltr'><strong>ἐπὶ</strong></span> <span class='ocrx_word' id='word_1_8' title='bbox 446 654 587 735; x_wconf 79' lang='grc' dir='ltr'><strong><em>Σκύθας</em></strong></span> <span class='ocrx_word' id='word_1_9' title='bbox 604 653 694 745; x_wconf 78' lang='grc' dir='ltr'><strong><em>παρὰ</em></strong></span> <span class='ocrx_word' id='word_1_10' title='bbox 708 662 827 725; x_wconf 78' lang='grc' dir='ltr'><strong><em>τοῦτον</em></strong></span> <span class='ocrx_word' id='word_1_11' title='bbox 846 654 953 743; x_wconf 77' lang='grc' dir='ltr'><strong><em>μηδὲν</em></strong></span> <span class='ocrx_word' id='word_1_12' title='bbox 967 662 1169 742; x_wconf 83' lang='grc' dir='ltr'><strong><em>φαίνεσθαι,</em></strong></span> <span class='ocrx_word' id='word_1_13' title='bbox 1192 654 1274 742; x_wconf 79' lang='grc' dir='ltr'><strong><em>μήτε</em></strong></span> 
     </span>
     <span class='ocr_line' id='line_1_3' title="bbox 136 753 1271 851; baseline -0.002 -24"><span class='ocrx_word' id='word_1_14' title='bbox 136 759 197 827; x_wconf 85' lang='grc' dir='ltr'><strong><em>τόν</em></strong></span> <span class='ocrx_word' id='word_1_15' title='bbox 212 757 406 843; x_wconf 83' lang='grc' dir='ltr'><strong><em>Σκυθικὸν,</em></strong></span> <span class='ocrx_word' id='word_1_16' title='bbox 420 753 475 826; x_wconf 86' lang='grc' dir='ltr'><strong>ῦτε</strong></span> <span class='ocrx_word' id='word_1_17' title='bbox 489 759 625 828; x_wconf 80' lang='grc' dir='ltr'><strong><em>Σκύθαι</em></strong></span> <span class='ocrx_word' id='word_1_18' title='bbox 639 767 847 851; x_wconf 68' lang='grc' dir='ltr'><em>Κιμμερίους</em></span> <span class='ocrx_word' id='word_1_19' title='bbox 861 758 1056 841; x_wconf 75' lang='grc' dir='ltr'><strong><em>διώκοντες,</em></strong></span> <span class='ocrx_word' id='word_1_20' title='bbox 1071 760 1104 837; x_wconf 78' lang='grc' dir='ltr'><strong>ἐς</strong></span> <span class='ocrx_word' id='word_1_21' title='bbox 1117 757 1178 846; x_wconf 75' lang='grc' dir='ltr'><strong><em>τὴν</em></strong></span> <span class='ocrx_word' id='word_1_22' title='bbox 1194 766 1271 846; x_wconf 87' lang='grc' dir='ltr'><strong>Μη-</strong></span> 
     </span>
     <span class='ocr_line' id='line_1_4' title="bbox 138 859 1271 952; baseline 0.001 -22"><span class='ocrx_word' id='word_1_23' title='bbox 138 861 238 950; x_wconf 82' lang='grc' dir='ltr'><strong><em>δικὴν</em></strong></span> <span class='ocrx_word' id='word_1_24' title='bbox 253 860 365 951; x_wconf 80' lang='grc' dir='ltr'><strong><em>χώρην</em></strong></span> <span class='ocrx_word' id='word_1_25' title='bbox 380 860 596 949; x_wconf 85' lang='grc' dir='ltr'><strong><em>ἐμβαλόντες,</em></strong></span> <span class='ocrx_word' id='word_1_26' title='bbox 616 861 737 950; x_wconf 84' lang='grc' dir='ltr'><strong><em>σχεδόν</em></strong></span> <span class='ocrx_word' id='word_1_27' title='bbox 751 861 860 932; x_wconf 76' lang='grc' dir='ltr'><strong><em>πάντα</em></strong></span> <span class='ocrx_word' id='word_1_28' title='bbox 874 860 914 931; x_wconf 81' lang='grc' dir='ltr'><strong><em>τῦ</em></strong></span> <span class='ocrx_word' id='word_1_29' title='bbox 928 860 998 932; x_wconf 77' lang='grc' dir='ltr'><strong>ἄνω</strong></span> <span class='ocrx_word' id='word_1_30' title='bbox 1012 866 1070 952; x_wconf 80' lang='grc' dir='ltr'><strong><em>της</em></strong></span> <span class='ocrx_word' id='word_1_31' title='bbox 1090 859 1197 948; x_wconf 85' lang='grc' dir='ltr'><strong><em>Ἀσιής</em></strong></span> <span class='ocrx_word' id='word_1_32' title='bbox 1211 889 1271 931; x_wconf 90' lang='grc' dir='ltr'><strong><em>κα-</em></strong></span> 
     </span>
     <span class='ocr_line' id='line_1_5' title="bbox 137 961 1271 1055; baseline 0 -21"><span class='ocrx_word' id='word_1_33' title='bbox 137 965 404 1055; x_wconf 82' lang='grc' dir='ltr'><strong><em>ταστρεψάμενοι</em></strong></span> <span class='ocrx_word' id='word_1_34' title='bbox 419 967 591 1054; x_wconf 78' lang='grc' dir='ltr'><strong><em>ἐνέμοντο,</em></strong></span> <span class='ocrx_word' id='word_1_35' title='bbox 613 975 681 1036; x_wconf 82' lang='grc' dir='ltr'><strong><em>τῶν</em></strong></span> <span class='ocrx_word' id='word_1_36' title='bbox 696 972 826 1036; x_wconf 85' lang='grc' dir='ltr'><strong><em>εἵνεκεν</em></strong></span> <span class='ocrx_word' id='word_1_37' title='bbox 841 961 983 1053; x_wconf 83' lang='grc' dir='ltr'><strong><em>ὕστερον</em></strong></span> <span class='ocrx_word' id='word_1_38' title='bbox 996 980 1141 1053; x_wconf 81' lang='grc' dir='ltr'><strong><em>Δαρεῖος</em></strong></span> <span class='ocrx_word' id='word_1_39' title='bbox 1155 970 1271 1055; x_wconf 85' lang='grc' dir='ltr'><strong><em>ἐτιμω-</em></strong></span> 
     </span>
     <span class='ocr_line' id='line_1_6' title="bbox 137 1066 1272 1159; baseline -0.001 -20"><span class='ocrx_word' id='word_1_40' title='bbox 137 1074 249 1157; x_wconf 82' lang='grc' dir='ltr'><strong><em>ρέετο,</em></strong></span> <span class='ocrx_word' id='word_1_41' title='bbox 270 1069 352 1157; x_wconf 78' lang='grc' dir='ltr'><strong><em>μήτε</em></strong></span> <span class='ocrx_word' id='word_1_42' title='bbox 366 1066 449 1137; x_wconf 74' lang='grc' dir='ltr'><strong><em>κατὰ</em></strong></span> <span class='ocrx_word' id='word_1_43' title='bbox 469 1068 509 1138; x_wconf 81' lang='grc' dir='ltr'><strong><em>τῦ</em></strong></span> <span class='ocrx_word' id='word_1_44' title='bbox 529 1069 693 1159; x_wconf 82' lang='grc' dir='ltr'><strong><em>λεγόμενα</em></strong></span> <span class='ocrx_word' id='word_1_45' title='bbox 713 1069 773 1140; x_wconf 85' lang='grc' dir='ltr'><strong><em>τόν</em></strong></span> <span class='ocrx_word' id='word_1_46' title='bbox 788 1067 986 1157; x_wconf 78' lang='grc' dir='ltr'><strong><em>Ἀτρειδέων</em></strong></span> <span class='ocrx_word' id='word_1_47' title='bbox 1006 1067 1169 1156; x_wconf 81' lang='grc' dir='ltr'><strong><em>ἐςἽλιον,</em></strong></span> <span class='ocrx_word' id='word_1_48' title='bbox 1189 1069 1272 1158; x_wconf 84' lang='grc' dir='ltr'><strong><em>μήτε</em></strong></span> 
     </span>
     <span class='ocr_line' id='line_1_7' title="bbox 137 1164 1271 1263; baseline 0.003 -23"><span class='ocrx_word' id='word_1_49' title='bbox 137 1172 197 1242; x_wconf 84' lang='grc' dir='ltr'><strong><em>τὸν</em></strong></span> <span class='ocrx_word' id='word_1_50' title='bbox 216 1177 347 1241; x_wconf 75' lang='grc' dir='ltr'><strong><em>Μυσῶν</em></strong></span> <span class='ocrx_word' id='word_1_51' title='bbox 360 1200 395 1240; x_wconf 86' lang='grc' dir='ltr'><strong>τε</strong></span> <span class='ocrx_word' id='word_1_52' title='bbox 410 1173 465 1240; x_wconf 80' lang='grc' dir='ltr'><strong><em>καὶ</em></strong></span> <span class='ocrx_word' id='word_1_53' title='bbox 486 1164 645 1261; x_wconf 83' lang='grc' dir='ltr'><strong><em>Τευκρῦν</em></strong></span> <span class='ocrx_word' id='word_1_54' title='bbox 664 1173 724 1245; x_wconf 84' lang='grc' dir='ltr'><strong><em>τόν</em></strong></span> <span class='ocrx_word' id='word_1_55' title='bbox 737 1171 803 1263; x_wconf 81' lang='grc' dir='ltr'><strong>πρὸ</strong></span> <span class='ocrx_word' id='word_1_56' title='bbox 816 1180 884 1242; x_wconf 78' lang='grc' dir='ltr'><strong><em>τῶν</em></strong></span> <span class='ocrx_word' id='word_1_57' title='bbox 903 1180 1063 1262; x_wconf 77' lang='grc' dir='ltr'><strong><em>Τρωικῶν</em></strong></span> <span class='ocrx_word' id='word_1_58' title='bbox 1077 1171 1271 1260; x_wconf 78' lang='grc' dir='ltr'><strong><em>γενόμενον,</em></strong></span> 
     </span>
     <span class='ocr_line' id='line_1_8' title="bbox 136 1274 1308 1371; baseline 0.001 -26"><span class='ocrx_word' id='word_1_59' title='bbox 136 1283 171 1345; x_wconf 83' lang='grc' dir='ltr'><strong>οἳ</strong></span> <span class='ocrx_word' id='word_1_60' title='bbox 184 1275 362 1364; x_wconf 80' lang='grc' dir='ltr'><strong><em>διαβάντες</em></strong></span> <span class='ocrx_word' id='word_1_61' title='bbox 377 1279 410 1355; x_wconf 83' lang='grc' dir='ltr'><strong>ἐς</strong></span> <span class='ocrx_word' id='word_1_62' title='bbox 422 1274 483 1363; x_wconf 76' lang='grc' dir='ltr'><strong><em>τὴν</em></strong></span> <span class='ocrx_word' id='word_1_63' title='bbox 499 1274 669 1366; x_wconf 81' lang='grc' dir='ltr'><strong><em>Εῦριόπην</em></strong></span> <span class='ocrx_word' id='word_1_64' title='bbox 688 1277 770 1348; x_wconf 82' lang='grc' dir='ltr'><strong><em>κατὰ</em></strong></span> <span class='ocrx_word' id='word_1_65' title='bbox 787 1279 958 1367; x_wconf 81' lang='grc' dir='ltr'><strong><em>Βόσπορον</em></strong></span> <span class='ocrx_word' id='word_1_66' title='bbox 976 1277 1055 1359; x_wconf 86' lang='grc' dir='ltr'><strong><em>τοῦς</em></strong></span> <span class='ocrx_word' id='word_1_67' title='bbox 1075 1305 1112 1347; x_wconf 87' lang='grc' dir='ltr'><strong>τε</strong></span> <span class='ocrx_word' id='word_1_68' title='bbox 1126 1278 1272 1371; x_wconf 78' lang='grc' dir='ltr'><strong><em>Θρήϊκας</em></strong></span> <span class='ocrx_word' id='word_1_69' title='bbox 1305 1295 1308 1302; x_wconf 90' lang='grc'><strong>’</strong></span> 
     </span>
     <span class='ocr_line' id='line_1_9' title="bbox 137 1374 1325 1469; baseline 0.001 -21"><span class='ocrx_word' id='word_1_70' title='bbox 137 1383 404 1467; x_wconf 77' lang='grc' dir='ltr'><strong><em>κατεστρέψαντο</em></strong></span> <span class='ocrx_word' id='word_1_71' title='bbox 419 1380 614 1463; x_wconf 79' lang='grc' dir='ltr'><strong><em>πάνταςκαὶ</em></strong></span> <span class='ocrx_word' id='word_1_72' title='bbox 635 1385 689 1451; x_wconf 77' lang='grc' dir='ltr'><strong>ἐπὶ</strong></span> <span class='ocrx_word' id='word_1_73' title='bbox 709 1380 769 1452; x_wconf 85' lang='grc' dir='ltr'><strong><em>τόν</em></strong></span> <span class='ocrx_word' id='word_1_74' title='bbox 783 1376 907 1451; x_wconf 69' lang='grc' dir='ltr'><strong><em>Ἰόνιον</em></strong></span> <span class='ocrx_word' id='word_1_75' title='bbox 928 1381 1054 1451; x_wconf 90' lang='grc' dir='ltr'><strong><em>πόντον</em></strong></span> <span class='ocrx_word' id='word_1_76' title='bbox 1072 1383 1271 1469; x_wconf 82' lang='grc' dir='ltr'><strong><em>κατέβησαν,</em></strong></span> <span class='ocrx_word' id='word_1_77' title='bbox 1322 1374 1325 1378; x_wconf 52' lang='grc'><strong>’</strong></span> 
     </span>
     <span class='ocr_line' id='line_1_10' title="bbox 136 1483 1270 1577; baseline -0.001 -24"><span class='ocrx_word' id='word_1_78' title='bbox 136 1488 233 1572; x_wconf 79' lang='grc' dir='ltr'><strong><em>μέχρι</em></strong></span> <span class='ocrx_word' id='word_1_79' title='bbox 262 1509 298 1551; x_wconf 84' lang='grc' dir='ltr'><strong>τε</strong></span> <span class='ocrx_word' id='word_1_80' title='bbox 326 1488 476 1571; x_wconf 85' lang='grc' dir='ltr'><strong><em>Πηνειοῦ</em></strong></span> <span class='ocrx_word' id='word_1_81' title='bbox 502 1491 651 1573; x_wconf 86' lang='grc' dir='ltr'><strong><em>ποταμοῦ</em></strong></span> <span class='ocrx_word' id='word_1_82' title='bbox 672 1491 765 1573; x_wconf 80' lang='grc' dir='ltr'><strong>Ι[τοῦ]</strong></span> <span class='ocrx_word' id='word_1_83' title='bbox 793 1484 876 1576; x_wconf 84' lang='grc' dir='ltr'><strong><em>πρὸς</em></strong></span> <span class='ocrx_word' id='word_1_84' title='bbox 901 1493 1107 1577; x_wconf 81' lang='grc' dir='ltr'><strong><em>μεσαμβρίης</em></strong></span> <span class='ocrx_word' id='word_1_85' title='bbox 1132 1483 1270 1573; x_wconf 77' lang='grc' dir='ltr'><strong><em>ἤλασαν.</em></strong></span> 
     </span>
    </p>
   </div>
   <div class='ocr_carea' id='block_1_3' title="bbox 129 1689 683 2678">
    <p class='ocr_par' dir='ltr' id='par_1_3' title="bbox 129 1689 682 1894">
     <span class='ocr_line' id='line_1_11' title="bbox 129 1689 682 1744; baseline 0.004 -3"><span class='ocrx_word' id='word_1_86' title='bbox 129 1693 180 1742; x_wconf 88' lang='lat' dir='ltr'><strong>ins</strong></span> <span class='ocrx_word' id='word_1_87' title='bbox 192 1691 254 1743; x_wconf 89' lang='lat' dir='ltr'><strong>loco</strong></span> <span class='ocrx_word' id='word_1_88' title='bbox 265 1691 334 1740; x_wconf 87' lang='lat' dir='ltr'><strong>male</strong></span> <span class='ocrx_word' id='word_1_89' title='bbox 346 1689 469 1740; x_wconf 85' lang='lat' dir='ltr'>nonnulli</span> <span class='ocrx_word' id='word_1_90' title='bbox 479 1690 542 1741; x_wconf 87' lang='lat' dir='ltr'>libri</span> <span class='ocrx_word' id='word_1_91' title='bbox 553 1692 682 1744; x_wconf 81' lang='lat' dir='ltr'>exhibent</span> 
     </span>
     <span class='ocr_line' id='line_1_12' title="bbox 137 1758 680 1827; baseline 0.008 -18"><span class='ocrx_word' id='word_1_92' title='bbox 137 1759 260 1827; x_wconf 76' lang='grc' dir='ltr'><strong><em>μηδένα)</em></strong></span> <span class='ocrx_word' id='word_1_93' title='bbox 268 1758 424 1823; x_wconf 75' lang='grc' dir='ltr'><strong><em>φαινεσθαι</em></strong></span> <span class='ocrx_word' id='word_1_94' title='bbox 436 1762 491 1812; x_wconf 83' lang='lat' dir='ltr'><strong>vid.</strong></span> <span class='ocrx_word' id='word_1_95' title='bbox 499 1762 624 1813; x_wconf 88' lang='lat' dir='ltr'><strong>Kuehner</strong></span> <span class='ocrx_word' id='word_1_96' title='bbox 632 1763 680 1816; x_wconf 87' lang='lat' dir='ltr'><strong>Gr</strong></span> 
     </span>
     <span class='ocr_line' id='line_1_13' title="bbox 138 1830 439 1911; baseline -0.003 -29"><span class='ocrx_word' id='word_1_97' title='bbox 138 1832 184 1882; x_wconf 84' lang='lat' dir='ltr'><strong>Gr.</strong></span> <span class='ocrx_word' id='word_1_98' title='bbox 177 1834 223 1911; x_wconf 68' lang='lat'>5</span> <span class='ocrx_word' id='word_1_99' title='bbox 238 1832 298 1895; x_wconf 81' lang='grc'><strong>615,</strong></span> <span class='ocrx_word' id='word_1_100' title='bbox 313 1830 365 1895; x_wconf 92' lang='grc' dir='ltr'>ΙΙΙ,</span> <span class='ocrx_word' id='word_1_101' title='bbox 378 1832 405 1894; x_wconf 91' lang='grc'><strong>2,</strong></span> <span class='ocrx_word' id='word_1_102' title='bbox 415 1846 439 1881; x_wconf 89' lang='lat' dir='ltr'><strong>c.</strong></span> 
     </span>
    </p>

    <p class='ocr_par' dir='ltr' id='par_1_4' title="bbox 138 1867 681 2232">
     <span class='ocr_line' id='line_1_14' title="bbox 173 1867 681 1963; baseline 0.002 -14"><span class='ocrx_word' id='word_1_103' title='bbox 173 1890 221 1949; x_wconf 84' lang='grc' dir='ltr'><strong>ῦτε</strong></span> <span class='ocrx_word' id='word_1_104' title='bbox 238 1867 365 1949; x_wconf 74' lang='grc' dir='ltr'><strong><em>Σκῦδαι</em></strong></span> <span class='ocrx_word' id='word_1_105' title='bbox 367 1898 541 1963; x_wconf 81' lang='grc' dir='ltr'><strong><em>Κιμμερίους</em></strong></span> <span class='ocrx_word' id='word_1_106' title='bbox 561 1893 681 1951; x_wconf 77' lang='grc' dir='ltr'><strong><em>διώκον-</em></strong></span> 
     </span>
     <span class='ocr_line' id='line_1_15' title="bbox 138 1967 679 2034; baseline -0.002 -13"><span class='ocrx_word' id='word_1_107' title='bbox 138 1986 222 2028; x_wconf 72' lang='lat' dir='ltr'><strong>sagr.</strong></span> <span class='ocrx_word' id='word_1_108' title='bbox 237 1985 262 2023; x_wconf 90' lang='grc' dir='ltr'><strong><em>τ</em></strong></span> <span class='ocrx_word' id='word_1_109' title='bbox 276 1967 312 2034; x_wconf 89' lang='grc' dir='ltr'><strong>λ.]</strong></span> <span class='ocrx_word' id='word_1_110' title='bbox 338 1971 380 2019; x_wconf 91' lang='lat' dir='ltr'><strong>De</strong></span> <span class='ocrx_word' id='word_1_111' title='bbox 399 1969 510 2024; x_wconf 81' lang='lat' dir='ltr'><strong>hisvid</strong></span> <span class='ocrx_word' id='word_1_112' title='bbox 528 1975 596 2020; x_wconf 91' lang='lat' dir='ltr'><strong>nott.</strong></span> <span class='ocrx_word' id='word_1_113' title='bbox 609 1971 679 2031; x_wconf 89' lang='lat' dir='ltr'><strong>adl,</strong></span> 
     </span>
     <span class='ocr_line' id='line_1_16' title="bbox 141 2030 681 2105; baseline -0.007 -13"><span class='ocrx_word' id='word_1_114' title='bbox 141 2043 180 2092; x_wconf 88' lang='grc'><strong>15.</strong></span> <span class='ocrx_word' id='word_1_115' title='bbox 199 2039 259 2094; x_wconf 86' lang='grc'><strong>103.</strong></span> <span class='ocrx_word' id='word_1_116' title='bbox 274 2040 322 2103; x_wconf 83' lang='lat' dir='ltr'><strong>IV,</strong></span> <span class='ocrx_word' id='word_1_117' title='bbox 338 2040 377 2089; x_wconf 95' lang='lat' dir='ltr'><strong>ll</strong></span> <span class='ocrx_word' id='word_1_118' title='bbox 393 2040 485 2089; x_wconf 88' lang='grc' dir='ltr'><strong>Ι2.-</strong></span> <span class='ocrx_word' id='word_1_119' title='bbox 452 2056 536 2089; x_wconf 87' lang='grc' dir='ltr'><strong>-τα</strong></span> <span class='ocrx_word' id='word_1_120' title='bbox 553 2030 614 2089; x_wconf 75' lang='grc' dir='ltr'><strong>ἅνω</strong></span> <span class='ocrx_word' id='word_1_121' title='bbox 631 2038 681 2105; x_wconf 77' lang='grc' dir='ltr'><strong><em>τῆς</em></strong></span> 
     </span>
     <span class='ocr_line' id='line_1_17' title="bbox 136 2101 679 2175; baseline 0.004 -16.008"><span class='ocrx_word' id='word_1_122' title='bbox 136 2101 225 2174; x_wconf 85' lang='grc' dir='ltr'><strong><em>Ἀσιής</em></strong></span> <span class='ocrx_word' id='word_1_123' title='bbox 241 2125 310 2175; x_wconf 86' lang='lat' dir='ltr'><strong>quae</strong></span> <span class='ocrx_word' id='word_1_124' title='bbox 322 2111 394 2172; x_wconf 83' lang='lat' dir='ltr'><strong>siut,</strong></span> <span class='ocrx_word' id='word_1_125' title='bbox 414 2110 530 2160; x_wconf 76' lang='lat' dir='ltr'><strong>diximus</strong></span> <span class='ocrx_word' id='word_1_126' title='bbox 545 2111 580 2160; x_wconf 91' lang='lat' dir='ltr'><strong>ad</strong></span> <span class='ocrx_word' id='word_1_127' title='bbox 597 2111 619 2174; x_wconf 93' lang='lat'><strong>1,</strong></span> <span class='ocrx_word' id='word_1_128' title='bbox 636 2112 679 2162; x_wconf 89' lang='grc'><strong>72.</strong></span> 
     </span>
     <span class='ocr_line' id='line_1_18' title="bbox 138 2178 328 2232; baseline -0.017 0"><span class='ocrx_word' id='word_1_129' title='bbox 138 2182 180 2232; x_wconf 85' lang='grc'><strong>95.</strong></span> <span class='ocrx_word' id='word_1_130' title='bbox 195 2178 254 2230; x_wconf 84' lang='lat'><strong>103.</strong></span> <span class='ocrx_word' id='word_1_131' title='bbox 270 2180 328 2229; x_wconf 88' lang='grc'><strong>157.</strong></span> 
     </span>
    </p>

    <p class='ocr_par' dir='ltr' id='par_1_5' title="bbox 138 2235 681 2664">
     <span class='ocr_line' id='line_1_19' title="bbox 173 2235 681 2330; baseline 0.002 -34"><span class='ocrx_word' id='word_1_132' title='bbox 173 2247 230 2297; x_wconf 80' lang='grc' dir='ltr'><strong><em>τῶν</em></strong></span> <span class='ocrx_word' id='word_1_133' title='bbox 246 2245 353 2298; x_wconf 78' lang='grc' dir='ltr'><strong><em>εἵνεκεν</em></strong></span> <span class='ocrx_word' id='word_1_134' title='bbox 363 2235 482 2312; x_wconf 85' lang='grc' dir='ltr'><strong><em>ῦστερον</em></strong></span> <span class='ocrx_word' id='word_1_135' title='bbox 493 2249 616 2330; x_wconf 76' lang='grc' dir='ltr'><strong><em>Δαρεῖος</em></strong></span> <span class='ocrx_word' id='word_1_136' title='bbox 629 2238 681 2298; x_wconf 75' lang='grc' dir='ltr'><strong><em>ἔτι·</em></strong></span> 
     </span>
     <span class='ocr_line' id='line_1_20' title="bbox 138 2316 683 2384; baseline 0.002 -16"><span class='ocrx_word' id='word_1_137' title='bbox 138 2316 274 2383; x_wconf 81' lang='grc' dir='ltr'><strong><em>μοιρέετο]</em></strong></span> <span class='ocrx_word' id='word_1_138' title='bbox 294 2318 373 2370; x_wconf 82' lang='lat' dir='ltr'><strong>Conl.</strong></span> <span class='ocrx_word' id='word_1_139' title='bbox 385 2319 456 2378; x_wconf 84' lang='lat' dir='ltr'><strong>1v‚1</strong></span> <span class='ocrx_word' id='word_1_140' title='bbox 469 2326 497 2369; x_wconf 86' lang='lat' dir='ltr'><strong>et</strong></span> <span class='ocrx_word' id='word_1_141' title='bbox 508 2334 577 2384; x_wconf 84' lang='lat' dir='ltr'><strong>quae</strong></span> <span class='ocrx_word' id='word_1_142' title='bbox 589 2320 617 2367; x_wconf 93' lang='lat' dir='ltr'><strong>in</strong></span> <span class='ocrx_word' id='word_1_143' title='bbox 627 2320 683 2369; x_wconf 84' lang='lat' dir='ltr'><strong>Ex-</strong></span> 
     </span>
     <span class='ocr_line' id='line_1_21' title="bbox 138 2387 679 2455; baseline 0 -16"><span class='ocrx_word' id='word_1_144' title='bbox 138 2388 311 2440; x_wconf 84' lang='lat' dir='ltr'><strong>eursuadh.</strong></span> <span class='ocrx_word' id='word_1_145' title='bbox 327 2387 345 2439; x_wconf 91' lang='lat' dir='ltr'><strong>l.</strong></span> <span class='ocrx_word' id='word_1_146' title='bbox 360 2389 436 2437; x_wconf 86' lang='lat' dir='ltr'><strong>&#39;lom</strong></span> <span class='ocrx_word' id='word_1_147' title='bbox 450 2387 487 2439; x_wconf 92' lang='grc' dir='ltr'><strong>ΙΙ.</strong></span> <span class='ocrx_word' id='word_1_148' title='bbox 500 2404 527 2453; x_wconf 88' lang='lat' dir='ltr'><strong>p.</strong></span> <span class='ocrx_word' id='word_1_149' title='bbox 538 2389 588 2439; x_wconf 89' lang='grc'><strong>710</strong></span> <span class='ocrx_word' id='word_1_150' title='bbox 602 2404 679 2455; x_wconf 88' lang='lat' dir='ltr'><strong>seqq</strong></span> 
     </span>
     <span class='ocr_line' id='line_1_22' title="bbox 140 2449 680 2523; baseline -0.002 -14"><span class='ocrx_word' id='word_1_151' title='bbox 140 2460 172 2509; x_wconf 88' lang='lat' dir='ltr'><strong>de</strong></span> <span class='ocrx_word' id='word_1_152' title='bbox 199 2458 243 2508; x_wconf 87' lang='lat' dir='ltr'><strong>his</strong></span> <span class='ocrx_word' id='word_1_153' title='bbox 270 2459 478 2523; x_wconf 75' lang='lat' dir='ltr'><strong>disputavimus</strong></span> <span class='ocrx_word' id='word_1_154' title='bbox 518 2449 680 2521; x_wconf 76' lang='grc' dir='ltr'><strong><em>ἐτιμωρέετο</em></strong></span> 
     </span>
     <span class='ocr_line' id='line_1_23' title="bbox 139 2528 681 2595; baseline -0.002 -16"><span class='ocrx_word' id='word_1_155' title='bbox 139 2529 266 2595; x_wconf 82' lang='lat' dir='ltr'><strong>equidem</strong></span> <span class='ocrx_word' id='word_1_156' title='bbox 278 2528 402 2578; x_wconf 86' lang='lat' dir='ltr'><strong>reddam</strong></span> <span class='ocrx_word' id='word_1_157' title='bbox 426 2530 513 2579; x_wconf 79' lang='grc' dir='ltr'><strong><em>αιοιεοι</em></strong></span> <span class='ocrx_word' id='word_1_158' title='bbox 523 2530 632 2592; x_wconf 72' lang='lat' dir='ltr'><strong>studuit</strong></span> <span class='ocrx_word' id='word_1_159' title='bbox 649 2544 681 2578; x_wconf 79' lang='lat' dir='ltr'><strong>ex</strong></span> 
     </span>
     <span class='ocr_line' id='line_1_24' title="bbox 140 2566 681 2678; baseline -0.004 -28"><span class='ocrx_word' id='word_1_160' title='bbox 140 2607 203 2678; x_wconf 80' lang='lat' dir='ltr'><strong>notq</strong></span> <span class='ocrx_word' id='word_1_161' title='bbox 217 2599 372 2675; x_wconf 80' lang='lat' dir='ltr'><strong>imperfecti</strong></span> <span class='ocrx_word' id='word_1_162' title='bbox 383 2612 442 2648; x_wconf 89' lang='lat' dir='ltr'><strong>usu</strong></span> <span class='ocrx_word' id='word_1_163' title='bbox 469 2600 500 2649; x_wconf 95' lang='lat' dir='ltr'><strong>ln</strong></span> <span class='ocrx_word' id='word_1_164' title='bbox 511 2614 586 2664; x_wconf 93' lang='lat' dir='ltr'><strong>seqq.</strong></span> <span class='ocrx_word' id='word_1_165' title='bbox 597 2566 681 2650; x_wconf 66' lang='lat' dir='ltr'><strong>verba</strong></span> 
     </span>
    </p>
   </div>
   <div class='ocr_carea' id='block_1_4' title="bbox 730 1683 1272 2040">
    <p class='ocr_par' dir='ltr' id='par_1_6' title="bbox 730 1683 1272 1953">
     <span class='ocr_line' id='line_1_25' title="bbox 731 1683 1272 1773; baseline 0.002 -31"><span class='ocrx_word' id='word_1_166' title='bbox 731 1707 796 1742; x_wconf 88' lang='grc' dir='ltr'><strong><em>νιον</em></strong></span> <span class='ocrx_word' id='word_1_167' title='bbox 812 1693 873 1758; x_wconf 84' lang='grc' dir='ltr'><strong><em>(μισ</em></strong></span> <span class='ocrx_word' id='word_1_168' title='bbox 885 1683 1021 1758; x_wconf 69' lang='grc' dir='ltr'><strong><em>Ἰαόνιον),</em></strong></span> <span class='ocrx_word' id='word_1_169' title='bbox 1039 1697 1070 1742; x_wconf 89' lang='lat' dir='ltr'><strong>ut</strong></span> <span class='ocrx_word' id='word_1_170' title='bbox 1084 1693 1134 1757; x_wconf 86' lang='lat' dir='ltr'><strong>Vl,</strong></span> <span class='ocrx_word' id='word_1_171' title='bbox 1150 1694 1198 1743; x_wconf 86' lang='grc'><strong>127</strong></span> <span class='ocrx_word' id='word_1_172' title='bbox 1214 1692 1272 1773; x_wconf 89' lang='lat' dir='ltr'><strong>(ubi</strong></span> 
     </span>
     <span class='ocr_line' id='line_1_26' title="bbox 730 1756 1270 1827; baseline -0.006 -13"><span class='ocrx_word' id='word_1_173' title='bbox 730 1762 888 1827; x_wconf 74' lang='lat' dir='ltr'><strong>vinnom).</strong></span> <span class='ocrx_word' id='word_1_174' title='bbox 900 1763 949 1826; x_wconf 85' lang='grc' dir='ltr'>ΙΙΙ,</span> <span class='ocrx_word' id='word_1_175' title='bbox 959 1762 1117 1827; x_wconf 73' lang='lat' dir='ltr'><strong>slzquibus</strong></span> <span class='ocrx_word' id='word_1_176' title='bbox 1130 1762 1198 1814; x_wconf 82' lang='lat' dir='ltr'><strong>locis</strong></span> <span class='ocrx_word' id='word_1_177' title='bbox 1209 1756 1270 1811; x_wconf 85' lang='grc' dir='ltr'><strong><em>καλ</em></strong></span> 
     </span>
     <span class='ocr_line' id='line_1_27' title="bbox 730 1833 1271 1891; baseline -0.004 -9"><span class='ocrx_word' id='word_1_178' title='bbox 730 1847 787 1882; x_wconf 89' lang='grc' dir='ltr'><strong>πον</strong></span> <span class='ocrx_word' id='word_1_179' title='bbox 796 1833 937 1883; x_wconf 79' lang='lat' dir='ltr'><strong>additum</strong></span> <span class='ocrx_word' id='word_1_180' title='bbox 930 1848 1091 1891; x_wconf 79' lang='lat' dir='ltr'><strong>invenimus</strong></span> <span class='ocrx_word' id='word_1_181' title='bbox 1099 1839 1131 1883; x_wconf 88' lang='lat' dir='ltr'><strong>nt</strong></span> <span class='ocrx_word' id='word_1_182' title='bbox 1143 1834 1167 1881; x_wconf 85' lang='lat' dir='ltr'><strong>ll</strong></span> <span class='ocrx_word' id='word_1_183' title='bbox 1178 1833 1193 1881; x_wconf 97' lang='lat' dir='ltr'><strong>l</strong></span> <span class='ocrx_word' id='word_1_184' title='bbox 1202 1848 1271 1881; x_wconf 87' lang='grc' dir='ltr'><strong>πον</strong></span> 
     </span>
     <span class='ocr_line' id='line_1_28' title="bbox 730 1902 1272 1961; baseline 0.002 -9"><span class='ocrx_word' id='word_1_185' title='bbox 730 1917 795 1961; x_wconf 90' lang='grc' dir='ltr'><strong><em>τον,</em></strong></span> <span class='ocrx_word' id='word_1_186' title='bbox 816 1918 875 1951; x_wconf 88' lang='lat' dir='ltr'><strong>cum</strong></span> <span class='ocrx_word' id='word_1_187' title='bbox 891 1902 960 1951; x_wconf 87' lang='lat' dir='ltr'><strong>alias</strong></span> <span class='ocrx_word' id='word_1_188' title='bbox 973 1902 1099 1953; x_wconf 87' lang='lat' dir='ltr'><strong>absolute</strong></span> <span class='ocrx_word' id='word_1_189' title='bbox 1113 1903 1168 1951; x_wconf 87' lang='lat' dir='ltr'><strong>diei</strong></span> <span class='ocrx_word' id='word_1_190' title='bbox 1185 1903 1272 1953; x_wconf 80' lang='lat' dir='ltr'><strong>soleat</strong></span> 
     </span>
    </p>

    <p class='ocr_par' dir='ltr' id='par_1_7' title="bbox 730 1965 1271 2040">
     <span class='ocr_line' id='line_1_29' title="bbox 730 1965 1271 2040; baseline 0.002 -20.079"><span class='ocrx_word' id='word_1_191' title='bbox 730 1965 875 2028; x_wconf 81' lang='grc' dir='ltr'><strong><em>ὁΊόνιος.</em></strong></span> <span class='ocrx_word' id='word_1_192' title='bbox 907 1973 969 2040; x_wconf 72' lang='lat' dir='ltr'><strong>Viri.</strong></span> <span class='ocrx_word' id='word_1_193' title='bbox 983 1972 1096 2023; x_wconf 75' lang='lat' dir='ltr'><strong>Fischer</strong></span> <span class='ocrx_word' id='word_1_194' title='bbox 1113 1974 1149 2022; x_wconf 90' lang='lat' dir='ltr'><strong>ad</strong></span> <span class='ocrx_word' id='word_1_195' title='bbox 1163 1972 1271 2022; x_wconf 87' lang='lat' dir='ltr'><strong>lleller.</strong></span> 
     </span>
    </p>
   </div>
   <div class='ocr_carea' id='block_1_5' title="bbox 731 2040 1311 2659">
    <p class='ocr_par' dir='ltr' id='par_1_8' title="bbox 731 2040 938 2106">
     <span class='ocr_line' id='line_1_30' title="bbox 731 2040 938 2106; baseline -0.01 -14"><span class='ocrx_word' id='word_1_196' title='bbox 731 2043 823 2103; x_wconf 85' lang='lat'><strong>111,1.</strong></span> <span class='ocrx_word' id='word_1_197' title='bbox 837 2058 863 2106; x_wconf 89' lang='lat' dir='ltr'><strong>p.</strong></span> <span class='ocrx_word' id='word_1_198' title='bbox 880 2040 938 2092; x_wconf 78' lang='lat' dir='ltr'><strong>loo,</strong></span> 
     </span>
    </p>

    <p class='ocr_par' dir='ltr' id='par_1_9' title="bbox 731 2106 1311 2652">
     <span class='ocr_line' id='line_1_31' title="bbox 765 2106 1268 2193; baseline -0.004 -33"><span class='ocrx_word' id='word_1_199' title='bbox 765 2106 845 2191; x_wconf 73' lang='grc' dir='ltr'><strong><em>μέχρι</em></strong></span> <span class='ocrx_word' id='word_1_200' title='bbox 864 2124 892 2159; x_wconf 83' lang='grc' dir='ltr'><strong>τε</strong></span> <span class='ocrx_word' id='word_1_201' title='bbox 906 2107 1035 2193; x_wconf 84' lang='grc' dir='ltr'><strong><em>Πηνειοῦ</em></strong></span> <span class='ocrx_word' id='word_1_202' title='bbox 1047 2111 1179 2174; x_wconf 83' lang='grc' dir='ltr'><strong><em>ποταμοῦ</em></strong></span> <span class='ocrx_word' id='word_1_203' title='bbox 1194 2108 1268 2176; x_wconf 78' lang='grc' dir='ltr'><strong><em>[τοῦ]</em></strong></span> 
     </span>
     <span class='ocr_line' id='line_1_32' title="bbox 732 2172 1271 2247; baseline 0.002 -19"><span class='ocrx_word' id='word_1_204' title='bbox 732 2174 804 2244; x_wconf 79' lang='grc' dir='ltr'><strong><em>πρὸς</em></strong></span> <span class='ocrx_word' id='word_1_205' title='bbox 822 2178 997 2247; x_wconf 85' lang='grc' dir='ltr'><strong><em>μεσαμβρίης</em></strong></span> <span class='ocrx_word' id='word_1_206' title='bbox 1014 2172 1135 2246; x_wconf 83' lang='grc' dir='ltr'><strong><em>ἤλασαν]</em></strong></span> <span class='ocrx_word' id='word_1_207' title='bbox 1153 2181 1215 2231; x_wconf 89' lang='lat' dir='ltr'><strong>Hoc</strong></span> <span class='ocrx_word' id='word_1_208' title='bbox 1231 2184 1271 2229; x_wconf 82' lang='lat' dir='ltr'><strong>ita</strong></span> 
     </span>
     <span class='ocr_line' id='line_1_33' title="bbox 733 2251 1311 2316; baseline -0.002 -16"><span class='ocrx_word' id='word_1_209' title='bbox 733 2251 838 2316; x_wconf 80' lang='lat' dir='ltr'><strong>intellig</strong></span> <span class='ocrx_word' id='word_1_210' title='bbox 840 2251 950 2315; x_wconf 89' lang='lat' dir='ltr'><strong>endum,</strong></span> <span class='ocrx_word' id='word_1_211' title='bbox 973 2265 1020 2301; x_wconf 89' lang='lat' dir='ltr'><strong>ees</strong></span> <span class='ocrx_word' id='word_1_212' title='bbox 1031 2251 1199 2301; x_wconf 81' lang='lat' dir='ltr'><strong>occidentem</strong></span> <span class='ocrx_word' id='word_1_213' title='bbox 1212 2266 1271 2301; x_wconf 84' lang='lat' dir='ltr'><strong>ver·</strong></span> <span class='ocrx_word' id='word_1_214' title='bbox 1309 2305 1311 2309; x_wconf 55' lang='grc'>,</span> 
     </span>
     <span class='ocr_line' id='line_1_34' title="bbox 731 2320 1271 2372; baseline -0.006 -1"><span class='ocrx_word' id='word_1_215' title='bbox 731 2337 779 2372; x_wconf 83' lang='lat' dir='ltr'><strong>sus</strong></span> <span class='ocrx_word' id='word_1_216' title='bbox 797 2324 832 2370; x_wconf 84' lang='lat' dir='ltr'><strong>ad</strong></span> <span class='ocrx_word' id='word_1_217' title='bbox 846 2321 967 2370; x_wconf 93' lang='lat' dir='ltr'><strong>lonicum</strong></span> <span class='ocrx_word' id='word_1_218' title='bbox 988 2336 1061 2370; x_wconf 90' lang='lat' dir='ltr'><strong>mare</strong></span> <span class='ocrx_word' id='word_1_219' title='bbox 1080 2322 1138 2370; x_wconf 87' lang='lat' dir='ltr'><strong>sive</strong></span> <span class='ocrx_word' id='word_1_220' title='bbox 1150 2320 1271 2370; x_wconf 74' lang='lat' dir='ltr'><strong>Adman-</strong></span> 
     </span>
     <span class='ocr_line' id='line_1_35' title="bbox 732 2392 1271 2452; baseline -0.002 -11"><span class='ocrx_word' id='word_1_221' title='bbox 732 2407 792 2442; x_wconf 90' lang='lat' dir='ltr'><strong>oum</strong></span> <span class='ocrx_word' id='word_1_222' title='bbox 802 2392 963 2452; x_wconf 80' lang='lat' dir='ltr'><strong>excurrisse,</strong></span> <span class='ocrx_word' id='word_1_223' title='bbox 972 2392 1110 2440; x_wconf 84' lang='lat' dir='ltr'><strong>meridiem</strong></span> <span class='ocrx_word' id='word_1_224' title='bbox 1119 2406 1214 2441; x_wconf 80' lang='lat' dir='ltr'><strong>versus</strong></span> <span class='ocrx_word' id='word_1_225' title='bbox 1225 2406 1271 2440; x_wconf 87' lang='lat' dir='ltr'><strong>au-</strong></span> 
     </span>
     <span class='ocr_line' id='line_1_36' title="bbox 732 2460 1271 2525; baseline -0.006 -15"><span class='ocrx_word' id='word_1_226' title='bbox 732 2466 785 2511; x_wconf 90' lang='lat' dir='ltr'><strong>tem</strong></span> <span class='ocrx_word' id='word_1_227' title='bbox 801 2460 936 2525; x_wconf 85' lang='lat' dir='ltr'><strong>usquead</strong></span> <span class='ocrx_word' id='word_1_228' title='bbox 950 2461 1067 2510; x_wconf 85' lang='lat' dir='ltr'><strong>Peneum</strong></span> <span class='ocrx_word' id='word_1_229' title='bbox 1081 2460 1206 2522; x_wconf 83' lang='lat' dir='ltr'><strong>fluvium,</strong></span> <span class='ocrx_word' id='word_1_230' title='bbox 1225 2461 1271 2524; x_wconf 91' lang='lat' dir='ltr'><strong>qui</strong></span> 
     </span>
     <span class='ocr_line' id='line_1_37' title="bbox 731 2529 1271 2596; baseline -0.004 -16"><span class='ocrx_word' id='word_1_231' title='bbox 731 2532 806 2581; x_wconf 90' lang='lat' dir='ltr'><strong>intra</strong></span> <span class='ocrx_word' id='word_1_232' title='bbox 829 2530 972 2596; x_wconf 82' lang='lat' dir='ltr'><strong>Olympum</strong></span> <span class='ocrx_word' id='word_1_233' title='bbox 1001 2537 1082 2596; x_wconf 87' lang='lat' dir='ltr'><strong>atque</strong></span> <span class='ocrx_word' id='word_1_234' title='bbox 1108 2531 1205 2580; x_wconf 85' lang='lat' dir='ltr'><strong>Oetam</strong></span> <span class='ocrx_word' id='word_1_235' title='bbox 1235 2529 1271 2579; x_wconf 84' lang='lat' dir='ltr'><strong>ad</strong></span> 
     </span>
     <span class='ocr_line' id='line_1_38' title="bbox 732 2601 1271 2659; baseline -0.008 -7"><span class='ocrx_word' id='word_1_236' title='bbox 732 2617 808 2652; x_wconf 90' lang='lat' dir='ltr'><strong>mare</strong></span> <span class='ocrx_word' id='word_1_237' title='bbox 827 2601 975 2659; x_wconf 88' lang='lat' dir='ltr'><strong>delabitur,</strong></span> <span class='ocrx_word' id='word_1_238' title='bbox 1003 2601 1173 2651; x_wconf 74' lang='lat' dir='ltr'><strong>Thessaliam</strong></span> <span class='ocrx_word' id='word_1_239' title='bbox 1190 2615 1207 2649; x_wconf 91' lang='lat' dir='ltr'><strong>a</strong></span> <span class='ocrx_word' id='word_1_240' title='bbox 1229 2615 1271 2649; x_wconf 91' lang='lat' dir='ltr'><strong>se-</strong></span> 
     </span>
    </p>
   </div>
   <div class='ocr_carea' id='block_1_6' title="bbox 78 2660 1273 2737">
    <p class='ocr_par' dir='ltr' id='par_1_10' title="bbox 78 2660 1273 2737">
     <span class='ocr_line' id='line_1_39' title="bbox 78 2660 1273 2737; baseline -0.002 -19"><span class='ocrx_word' id='word_1_241' title='bbox 78 2685 80 2689; x_wconf 91' lang='lat'>·</span> <span class='ocrx_word' id='word_1_242' title='bbox 139 2685 208 2719; x_wconf 85' lang='grc' dir='ltr'><strong><em>κατα</em></strong></span> <span class='ocrx_word' id='word_1_243' title='bbox 220 2660 399 2733; x_wconf 78' lang='grc' dir='ltr'><strong><em>ταλεγομενα</em></strong></span> <span class='ocrx_word' id='word_1_244' title='bbox 410 2666 554 2732; x_wconf 82' lang='lat' dir='ltr'><strong>(seeundum</strong></span> <span class='ocrx_word' id='word_1_245' title='bbox 564 2686 603 2728; x_wconf 84' lang='lat' dir='ltr'><strong>ea</strong></span> <span class='ocrx_word' id='word_1_246' title='bbox 617 2684 681 2733; x_wconf 81' lang='lat' dir='ltr'><strong>quoe</strong></span> <span class='ocrx_word' id='word_1_247' title='bbox 729 2672 885 2737; x_wconf 83' lang='lat' dir='ltr'><strong>ptentrroue</strong></span> <span class='ocrx_word' id='word_1_248' title='bbox 895 2671 1054 2721; x_wconf 82' lang='lat' dir='ltr'><strong>terminans</strong></span> <span class='ocrx_word' id='word_1_249' title='bbox 1073 2671 1127 2719; x_wconf 93' lang='lat' dir='ltr'><strong>Pro</strong></span> <span class='ocrx_word' id='word_1_250' title='bbox 1137 2685 1188 2718; x_wconf 88' lang='grc' dir='ltr'><strong><em>τον</em></strong></span> <span class='ocrx_word' id='word_1_251' title='bbox 1200 2684 1273 2732; x_wconf 88' lang='grc' dir='ltr'><strong><em>προς</em></strong></span> 
     </span>
    </p>
   </div>
   <div class='ocr_carea' id='block_1_7' title="bbox 139 2738 684 4568">
    <p class='ocr_par' dir='ltr' id='par_1_11' title="bbox 139 2738 684 4116">
     <span class='ocr_line' id='line_1_40' title="bbox 140 2738 681 2804; baseline -0.002 -16"><span class='ocrx_word' id='word_1_252' title='bbox 140 2742 271 2802; x_wconf 71' lang='lat' dir='ltr'><strong>iderentur,</strong></span> <span class='ocrx_word' id='word_1_253' title='bbox 295 2738 366 2801; x_wconf 74' lang='lat' dir='ltr'><strong>famei</strong></span> <span class='ocrx_word' id='word_1_254' title='bbox 381 2739 510 2804; x_wconf 78' lang='lat' dir='ltr'><strong>feruntur)</strong></span> <span class='ocrx_word' id='word_1_255' title='bbox 531 2741 600 2790; x_wconf 89' lang='lat' dir='ltr'><strong>satis</strong></span> <span class='ocrx_word' id='word_1_256' title='bbox 619 2754 681 2803; x_wconf 82' lang='lat' dir='ltr'><strong>pro-</strong></span> 
     </span>
     <span class='ocr_line' id='line_1_41' title="bbox 139 2808 681 2873; baseline -0.002 -14"><span class='ocrx_word' id='word_1_257' title='bbox 139 2812 206 2859; x_wconf 92' lang='lat' dir='ltr'><strong>dunt</strong></span> <span class='ocrx_word' id='word_1_258' title='bbox 218 2810 363 2873; x_wconf 86' lang='lat' dir='ltr'><strong>scriptoris</strong></span> <span class='ocrx_word' id='word_1_259' title='bbox 375 2808 509 2871; x_wconf 81' lang='lat' dir='ltr'><strong>animum,</strong></span> <span class='ocrx_word' id='word_1_260' title='bbox 526 2811 588 2873; x_wconf 82' lang='lat' dir='ltr'><strong>qui,</strong></span> <span class='ocrx_word' id='word_1_261' title='bbox 612 2823 681 2873; x_wconf 90' lang='lat' dir='ltr'><strong>quae</strong></span> 
     </span>
     <span class='ocr_line' id='line_1_42' title="bbox 139 2878 682 2942; baseline -0.006 -13"><span class='ocrx_word' id='word_1_262' title='bbox 139 2895 204 2930; x_wconf 84' lang='lat' dir='ltr'><strong>vera</strong></span> <span class='ocrx_word' id='word_1_263' title='bbox 219 2884 299 2942; x_wconf 87' lang='lat' dir='ltr'><strong>sunt,</strong></span> <span class='ocrx_word' id='word_1_264' title='bbox 317 2878 351 2927; x_wconf 84' lang='lat' dir='ltr'><strong>ab</strong></span> <span class='ocrx_word' id='word_1_265' title='bbox 366 2878 414 2938; x_wconf 89' lang='lat' dir='ltr'><strong>iis,</strong></span> <span class='ocrx_word' id='word_1_266' title='bbox 429 2893 499 2942; x_wconf 88' lang='lat' dir='ltr'><strong>quae</strong></span> <span class='ocrx_word' id='word_1_267' title='bbox 511 2880 598 2929; x_wconf 90' lang='lat' dir='ltr'><strong>minus</strong></span> <span class='ocrx_word' id='word_1_268' title='bbox 610 2893 682 2927; x_wconf 91' lang='lat' dir='ltr'><strong>com-</strong></span> 
     </span>
     <span class='ocr_line' id='line_1_43' title="bbox 140 2947 681 3013; baseline -0.004 -15"><span class='ocrx_word' id='word_1_269' title='bbox 140 2955 217 3013; x_wconf 89' lang='lat' dir='ltr'><strong>perta</strong></span> <span class='ocrx_word' id='word_1_270' title='bbox 239 2947 350 3010; x_wconf 87' lang='lat' dir='ltr'><strong>habuit,</strong></span> <span class='ocrx_word' id='word_1_271' title='bbox 372 2947 465 2997; x_wconf 89' lang='lat' dir='ltr'><strong>sedulo</strong></span> <span class='ocrx_word' id='word_1_272' title='bbox 483 2948 629 3009; x_wconf 85' lang='lat' dir='ltr'><strong>discernit,</strong></span> <span class='ocrx_word' id='word_1_273' title='bbox 653 2952 681 2998; x_wconf 87' lang='lat' dir='ltr'><strong>et</strong></span> 
     </span>
     <span class='ocr_line' id='line_1_44' title="bbox 141 3018 682 3084; baseline -0.004 -16"><span class='ocrx_word' id='word_1_274' title='bbox 141 3035 209 3084; x_wconf 87' lang='lat' dir='ltr'><strong>quae</strong></span> <span class='ocrx_word' id='word_1_275' title='bbox 228 3024 305 3069; x_wconf 88' lang='lat' dir='ltr'><strong>certa</strong></span> <span class='ocrx_word' id='word_1_276' title='bbox 322 3033 410 3067; x_wconf 88' lang='lat' dir='ltr'><strong>rerum</strong></span> <span class='ocrx_word' id='word_1_277' title='bbox 428 3018 480 3068; x_wconf 81' lang='lat' dir='ltr'><strong>lirle</strong></span> <span class='ocrx_word' id='word_1_278' title='bbox 496 3018 599 3067; x_wconf 83' lang='lat' dir='ltr'><strong>tradita</strong></span> <span class='ocrx_word' id='word_1_279' title='bbox 618 3033 682 3068; x_wconf 91' lang='lat' dir='ltr'><strong>oon-</strong></span> 
     </span>
     <span class='ocr_line' id='line_1_45' title="bbox 140 3088 681 3151; baseline 0 -15"><span class='ocrx_word' id='word_1_280' title='bbox 140 3095 228 3150; x_wconf 80' lang='lat' dir='ltr'><strong>stnnt,</strong></span> <span class='ocrx_word' id='word_1_281' title='bbox 251 3089 320 3139; x_wconf 92' lang='lat' dir='ltr'><strong>bene</strong></span> <span class='ocrx_word' id='word_1_282' title='bbox 339 3088 458 3150; x_wconf 83' lang='lat' dir='ltr'><strong>seiungit</strong></span> <span class='ocrx_word' id='word_1_283' title='bbox 475 3088 510 3137; x_wconf 90' lang='lat' dir='ltr'><strong>ab</strong></span> <span class='ocrx_word' id='word_1_284' title='bbox 530 3089 581 3151; x_wconf 89' lang='lat' dir='ltr'><strong>iis,</strong></span> <span class='ocrx_word' id='word_1_285' title='bbox 611 3102 681 3151; x_wconf 89' lang='lat' dir='ltr'><strong>quae</strong></span> 
     </span>
     <span class='ocr_line' id='line_1_46' title="bbox 141 3159 681 3221; baseline -0.004 -13"><span class='ocrx_word' id='word_1_286' title='bbox 141 3159 213 3209; x_wconf 76' lang='lat' dir='ltr'><strong>isne</strong></span> <span class='ocrx_word' id='word_1_287' title='bbox 242 3162 348 3208; x_wconf 84' lang='lat' dir='ltr'><strong>tantum</strong></span> <span class='ocrx_word' id='word_1_288' title='bbox 370 3163 534 3220; x_wconf 84' lang='lat' dir='ltr'><strong>acceperat</strong></span> <span class='ocrx_word' id='word_1_289' title='bbox 540 3164 589 3207; x_wconf 81' lang='grc' dir='ltr'><strong><em>αιιι</em></strong></span> <span class='ocrx_word' id='word_1_290' title='bbox 612 3171 681 3221; x_wconf 91' lang='lat' dir='ltr'><strong>quae</strong></span> 
     </span>
     <span class='ocr_line' id='line_1_47' title="bbox 141 3215 682 3292; baseline -0.004 -14"><span class='ocrx_word' id='word_1_291' title='bbox 141 3232 283 3292; x_wconf 83' lang='lat' dir='ltr'><strong>poetarum</strong></span> <span class='ocrx_word' id='word_1_292' title='bbox 302 3227 467 3277; x_wconf 85' lang='lat' dir='ltr'><strong>carminibus</strong></span> <span class='ocrx_word' id='word_1_293' title='bbox 485 3215 622 3277; x_wconf 87' lang='lat' dir='ltr'><strong>celebrata</strong></span> <span class='ocrx_word' id='word_1_294' title='bbox 642 3226 682 3276; x_wconf 81' lang='lat' dir='ltr'><strong>fe-</strong></span> 
     </span>
     <span class='ocr_line' id='line_1_48' title="bbox 140 3296 680 3362; baseline -0.002 -15"><span class='ocrx_word' id='word_1_295' title='bbox 140 3299 284 3349; x_wconf 82' lang='lat' dir='ltr'><strong>rebantur:</strong></span> <span class='ocrx_word' id='word_1_296' title='bbox 302 3296 394 3362; x_wconf 88' lang='lat' dir='ltr'><strong>qualia</strong></span> <span class='ocrx_word' id='word_1_297' title='bbox 406 3312 430 3346; x_wconf 80' lang='lat' dir='ltr'><strong>v.</strong></span> <span class='ocrx_word' id='word_1_298' title='bbox 442 3311 466 3347; x_wconf 89' lang='lat' dir='ltr'><strong>c.</strong></span> <span class='ocrx_word' id='word_1_299' title='bbox 476 3302 555 3346; x_wconf 88' lang='lat' dir='ltr'><strong>erant</strong></span> <span class='ocrx_word' id='word_1_300' title='bbox 565 3297 680 3357; x_wconf 79' lang='lat' dir='ltr'><strong>&#39;lroiea3</strong></span> 
     </span>
     <span class='ocr_line' id='line_1_49' title="bbox 143 3366 683 3434; baseline -0.004 -16"><span class='ocrx_word' id='word_1_301' title='bbox 143 3383 303 3434; x_wconf 85' lang='lat' dir='ltr'><strong>quamquem</strong></span> <span class='ocrx_word' id='word_1_302' title='bbox 318 3366 417 3416; x_wconf 85' lang='lat' dir='ltr'><strong>bellum</strong></span> <span class='ocrx_word' id='word_1_303' title='bbox 427 3367 576 3417; x_wconf 85' lang='lat' dir='ltr'><strong>Troianum</strong></span> <span class='ocrx_word' id='word_1_304' title='bbox 586 3382 683 3417; x_wconf 81' lang='lat' dir='ltr'><strong>revere</strong></span> 
     </span>
     <span class='ocr_line' id='line_1_50' title="bbox 143 3435 680 3496; baseline 0 -10"><span class='ocrx_word' id='word_1_305' title='bbox 143 3439 277 3489; x_wconf 81' lang='lat' dir='ltr'><strong>accidisse</strong></span> <span class='ocrx_word' id='word_1_306' title='bbox 296 3438 406 3486; x_wconf 89' lang='lat' dir='ltr'><strong>minime</strong></span> <span class='ocrx_word' id='word_1_307' title='bbox 425 3435 464 3484; x_wconf 93' lang='lat' dir='ltr'><strong>illi</strong></span> <span class='ocrx_word' id='word_1_308' title='bbox 482 3436 534 3486; x_wconf 83' lang='lat' dir='ltr'><strong>fuit</strong></span> <span class='ocrx_word' id='word_1_309' title='bbox 556 3438 680 3496; x_wconf 77' lang='lat' dir='ltr'><strong>dubium3</strong></span> 
     </span>
     <span class='ocr_line' id='line_1_51' title="bbox 143 3506 682 3572; baseline -0.002 -15"><span class='ocrx_word' id='word_1_310' title='bbox 143 3508 177 3559; x_wconf 82' lang='lat' dir='ltr'><strong>oi.</strong></span> <span class='ocrx_word' id='word_1_311' title='bbox 191 3509 213 3569; x_wconf 86' lang='lat'><strong>1,</strong></span> <span class='ocrx_word' id='word_1_312' title='bbox 224 3509 241 3559; x_wconf 83' lang='lat'>3</span> <span class='ocrx_word' id='word_1_313' title='bbox 254 3522 311 3572; x_wconf 80' lang='lat' dir='ltr'><strong>seq.</strong></span> <span class='ocrx_word' id='word_1_314' title='bbox 325 3507 366 3571; x_wconf 88' lang='lat'><strong>11,</strong></span> <span class='ocrx_word' id='word_1_315' title='bbox 381 3506 429 3555; x_wconf 86' lang='grc'><strong>112</strong></span> <span class='ocrx_word' id='word_1_316' title='bbox 444 3522 521 3571; x_wconf 83' lang='lat' dir='ltr'><strong>seqq.</strong></span> <span class='ocrx_word' id='word_1_317' title='bbox 555 3506 608 3557; x_wconf 85' lang='lat' dir='ltr'><strong>Sed</strong></span> <span class='ocrx_word' id='word_1_318' title='bbox 625 3523 682 3556; x_wconf 92' lang='lat' dir='ltr'><strong>mo-</strong></span> 
     </span>
     <span class='ocr_line' id='line_1_52' title="bbox 143 3576 682 3642; baseline 0.002 -17"><span class='ocrx_word' id='word_1_319' title='bbox 143 3579 189 3626; x_wconf 90' lang='lat' dir='ltr'><strong>nui</strong></span> <span class='ocrx_word' id='word_1_320' title='bbox 199 3578 260 3640; x_wconf 86' lang='lat' dir='ltr'><strong>hoe,</strong></span> <span class='ocrx_word' id='word_1_321' title='bbox 276 3593 328 3642; x_wconf 91' lang='lat' dir='ltr'><strong>quo</strong></span> <span class='ocrx_word' id='word_1_322' title='bbox 340 3576 456 3628; x_wconf 87' lang='lat' dir='ltr'><strong>lectores</strong></span> <span class='ocrx_word' id='word_1_323' title='bbox 467 3577 635 3627; x_wconf 87' lang='lat' dir='ltr'><strong>attenderem</strong></span> <span class='ocrx_word' id='word_1_324' title='bbox 647 3576 682 3626; x_wconf 87' lang='lat' dir='ltr'><strong>ad</strong></span> 
     </span>
     <span class='ocr_line' id='line_1_53' title="bbox 143 3645 683 3712; baseline -0.002 -17"><span class='ocrx_word' id='word_1_325' title='bbox 143 3648 284 3711; x_wconf 83' lang='lat' dir='ltr'><strong>scriptoris</strong></span> <span class='ocrx_word' id='word_1_326' title='bbox 304 3645 453 3698; x_wconf 87' lang='lat' dir='ltr'><strong>sollertiam</strong></span> <span class='ocrx_word' id='word_1_327' title='bbox 475 3648 587 3712; x_wconf 87' lang='lat' dir='ltr'><strong>verique</strong></span> <span class='ocrx_word' id='word_1_328' title='bbox 607 3646 683 3696; x_wconf 84' lang='lat' dir='ltr'><strong>inda-</strong></span> 
     </span>
     <span class='ocr_line' id='line_1_54' title="bbox 143 3717 682 3781; baseline 0.002 -15"><span class='ocrx_word' id='word_1_329' title='bbox 143 3717 225 3780; x_wconf 83' lang='lat' dir='ltr'><strong>gandi</strong></span> <span class='ocrx_word' id='word_1_330' title='bbox 234 3717 368 3779; x_wconf 88' lang='lat' dir='ltr'><strong>studium,</strong></span> <span class='ocrx_word' id='word_1_331' title='bbox 382 3718 409 3765; x_wconf 91' lang='lat' dir='ltr'><strong>in</strong></span> <span class='ocrx_word' id='word_1_332' title='bbox 423 3731 475 3781; x_wconf 90' lang='lat' dir='ltr'><strong>quo</strong></span> <span class='ocrx_word' id='word_1_333' title='bbox 487 3718 601 3767; x_wconf 87' lang='lat' dir='ltr'><strong>criticae</strong></span> <span class='ocrx_word' id='word_1_334' title='bbox 614 3717 682 3767; x_wconf 87' lang='lat' dir='ltr'><strong>artis</strong></span> 
     </span>
     <span class='ocr_line' id='line_1_55' title="bbox 143 3786 683 3850; baseline 0 -14"><span class='ocrx_word' id='word_1_335' title='bbox 143 3787 246 3837; x_wconf 86' lang='lat' dir='ltr'><strong>semina</strong></span> <span class='ocrx_word' id='word_1_336' title='bbox 255 3786 340 3836; x_wconf 88' lang='lat' dir='ltr'><strong>latere</strong></span> <span class='ocrx_word' id='word_1_337' title='bbox 354 3787 486 3837; x_wconf 89' lang='lat' dir='ltr'><strong>neminem</strong></span> <span class='ocrx_word' id='word_1_338' title='bbox 498 3786 595 3850; x_wconf 83' lang='lat' dir='ltr'><strong>fugiet.</strong></span> <span class='ocrx_word' id='word_1_339' title='bbox 615 3787 683 3838; x_wconf 86' lang='lat' dir='ltr'><strong>Coe-</strong></span> 
     </span>
     <span class='ocr_line' id='line_1_56' title="bbox 144 3857 683 3922; baseline 0.004 -19"><span class='ocrx_word' id='word_1_340' title='bbox 144 3859 229 3906; x_wconf 81' lang='lat' dir='ltr'><strong>terum</strong></span> <span class='ocrx_word' id='word_1_341' title='bbox 248 3857 366 3907; x_wconf 87' lang='lat' dir='ltr'><strong>oonferri</strong></span> <span class='ocrx_word' id='word_1_342' title='bbox 381 3873 438 3906; x_wconf 77' lang='lat' dir='ltr'><strong>curu</strong></span> <span class='ocrx_word' id='word_1_343' title='bbox 453 3857 616 3907; x_wconf 87' lang='lat' dir='ltr'><strong>Herodoteis</strong></span> <span class='ocrx_word' id='word_1_344' title='bbox 636 3874 683 3922; x_wconf 89' lang='lat' dir='ltr'><strong>po-</strong></span> 
     </span>
     <span class='ocr_line' id='line_1_57' title="bbox 144 3925 684 3992; baseline 0.004 -19"><span class='ocrx_word' id='word_1_345' title='bbox 144 3929 234 3976; x_wconf 88' lang='lat' dir='ltr'><strong>terunt</strong></span> <span class='ocrx_word' id='word_1_346' title='bbox 248 3927 291 3977; x_wconf 87' lang='lat' dir='ltr'><strong>vel</strong></span> <span class='ocrx_word' id='word_1_347' title='bbox 302 3943 348 3990; x_wconf 82' lang='lat' dir='ltr'><strong>ea,</strong></span> <span class='ocrx_word' id='word_1_348' title='bbox 362 3943 432 3992; x_wconf 88' lang='lat' dir='ltr'><strong>quae</strong></span> <span class='ocrx_word' id='word_1_349' title='bbox 445 3925 617 3992; x_wconf 80' lang='lat' dir='ltr'><strong>Thucydides</strong></span> <span class='ocrx_word' id='word_1_350' title='bbox 628 3926 684 3976; x_wconf 88' lang='lat' dir='ltr'><strong>dis·</strong></span> 
     </span>
     <span class='ocr_line' id='line_1_58' title="bbox 145 3997 684 4113; baseline 0.006 -70"><span class='ocrx_word' id='word_1_351' title='bbox 145 3998 229 4113; x_wconf 57' lang='lat' dir='ltr'><strong>sqlruit</strong></span> <span class='ocrx_word' id='word_1_352' title='bbox 241 3997 274 4048; x_wconf 85' lang='lat' dir='ltr'><strong>de</strong></span> <span class='ocrx_word' id='word_1_353' title='bbox 287 3997 367 4047; x_wconf 90' lang='lat' dir='ltr'><strong>rebus</strong></span> <span class='ocrx_word' id='word_1_354' title='bbox 379 3997 507 4047; x_wconf 80' lang='lat' dir='ltr'><strong>Troianis</strong></span> <span class='ocrx_word' id='word_1_355' title='bbox 519 3997 586 4048; x_wconf 86' lang='lat' dir='ltr'><strong>locis</strong></span> <span class='ocrx_word' id='word_1_356' title='bbox 599 4012 684 4061; x_wconf 84' lang='lat' dir='ltr'><strong>supra</strong></span> 
     </span>
     <span class='ocr_line' id='line_1_59' title="bbox 144 4067 248 4118; baseline 0.033 -5"><span class='ocrx_word' id='word_1_357' title='bbox 144 4078 161 4113; x_wconf 91' lang='lat' dir='ltr'><strong>a</strong></span> <span class='ocrx_word' id='word_1_358' title='bbox 183 4067 248 4118; x_wconf 87' lang='lat' dir='ltr'><strong>atis.</strong></span> 
     </span>
    </p>

    <p class='ocr_par' dir='ltr' id='par_1_12' title="bbox 145 4126 684 4548">
     <span class='ocr_line' id='line_1_60' title="bbox 178 4126 681 4199; baseline -0.008 -15"><span class='ocrx_word' id='word_1_359' title='bbox 178 4126 425 4199; x_wconf 58' lang='lat' dir='ltr'><strong>sitarborumne</strong></span> <span class='ocrx_word' id='word_1_360' title='bbox 437 4149 465 4185; x_wconf 88' lang='grc' dir='ltr'><strong>τε</strong></span> <span class='ocrx_word' id='word_1_361' title='bbox 475 4128 523 4182; x_wconf 76' lang='grc' dir='ltr'><strong><em>καὶ</em></strong></span> <span class='ocrx_word' id='word_1_362' title='bbox 536 4129 681 4196; x_wconf 80' lang='grc' dir='ltr'><strong><em>Τευκρῶν]</em></strong></span> 
     </span>
     <span class='ocr_line' id='line_1_61' title="bbox 146 4203 682 4272; baseline -0.002 -20"><span class='ocrx_word' id='word_1_363' title='bbox 146 4203 338 4264; x_wconf 69' lang='lat' dir='ltr'><strong>Consulum</strong></span> <span class='ocrx_word' id='word_1_364' title='bbox 352 4207 442 4272; x_wconf 89' lang='lat' dir='ltr'><strong>ibique</strong></span> <span class='ocrx_word' id='word_1_365' title='bbox 456 4209 532 4255; x_wconf 88' lang='lat' dir='ltr'><strong>nott.</strong></span> <span class='ocrx_word' id='word_1_366' title='bbox 544 4204 609 4253; x_wconf 83' lang='lat' dir='ltr'><strong>Mox</strong></span> <span class='ocrx_word' id='word_1_367' title='bbox 623 4219 682 4252; x_wconf 92' lang='lat' dir='ltr'><strong>cum</strong></span> 
     </span>
     <span class='ocr_line' id='line_1_62' title="bbox 145 4259 684 4339; baseline 0 -19"><span class='ocrx_word' id='word_1_368' title='bbox 145 4279 257 4325; x_wconf 82' lang='lat' dir='ltr'><strong>reeentt.</strong></span> <span class='ocrx_word' id='word_1_369' title='bbox 278 4275 338 4325; x_wconf 88' lang='lat' dir='ltr'><strong>edd</strong></span> <span class='ocrx_word' id='word_1_370' title='bbox 355 4275 465 4325; x_wconf 83' lang='lat' dir='ltr'><strong>exhibui</strong></span> <span class='ocrx_word' id='word_1_371' title='bbox 483 4264 633 4339; x_wconf 77' lang='grc' dir='ltr'><strong><em>διαβάντες</em></strong></span> <span class='ocrx_word' id='word_1_372' title='bbox 648 4259 684 4330; x_wconf 72' lang='grc' dir='ltr'><strong>ἐς</strong></span> 
     </span>
     <span class='ocr_line' id='line_1_63' title="bbox 145 4334 684 4410; baseline 0.004 -18"><span class='ocrx_word' id='word_1_373' title='bbox 145 4356 197 4405; x_wconf 79' lang='grc' dir='ltr'><strong><em>την</em></strong></span> <span class='ocrx_word' id='word_1_374' title='bbox 210 4336 370 4410; x_wconf 84' lang='grc' dir='ltr'><strong><em>Ενριόπην,</em></strong></span> <span class='ocrx_word' id='word_1_375' title='bbox 383 4347 430 4397; x_wconf 90' lang='lat' dir='ltr'><strong>ubi</strong></span> <span class='ocrx_word' id='word_1_376' title='bbox 446 4343 544 4395; x_wconf 83' lang='lat' dir='ltr'><strong>vocula</strong></span> <span class='ocrx_word' id='word_1_377' title='bbox 556 4334 585 4401; x_wconf 79' lang='grc' dir='ltr'><strong>ἒς</strong></span> <span class='ocrx_word' id='word_1_378' title='bbox 600 4359 617 4392; x_wconf 88' lang='lat' dir='ltr'><strong>a</strong></span> <span class='ocrx_word' id='word_1_379' title='bbox 629 4341 684 4406; x_wconf 89' lang='lat' dir='ltr'><strong>ple·</strong></span> 
     </span>
     <span class='ocr_line' id='line_1_64' title="bbox 146 4412 683 4477; baseline 0.004 -17"><span class='ocrx_word' id='word_1_380' title='bbox 146 4412 236 4477; x_wconf 89' lang='lat' dir='ltr'><strong>risque</strong></span> <span class='ocrx_word' id='word_1_381' title='bbox 249 4416 326 4465; x_wconf 85' lang='lat' dir='ltr'><strong>cedd.</strong></span> <span class='ocrx_word' id='word_1_382' title='bbox 339 4432 393 4466; x_wconf 89' lang='lat' dir='ltr'><strong>uno</strong></span> <span class='ocrx_word' id='word_1_383' title='bbox 406 4414 545 4466; x_wconf 83' lang='lat' dir='ltr'><strong>Sanorofti</strong></span> <span class='ocrx_word' id='word_1_384' title='bbox 556 4413 624 4463; x_wconf 85' lang='lat' dir='ltr'><strong>libro</strong></span> <span class='ocrx_word' id='word_1_385' title='bbox 638 4429 683 4462; x_wconf 82' lang='lat' dir='ltr'><strong>ex-</strong></span> 
     </span>
     <span class='ocr_line' id='line_1_65' title="bbox 148 4484 684 4568; baseline 0.006 -40"><span class='ocrx_word' id='word_1_386' title='bbox 148 4488 225 4545; x_wconf 82' lang='lat' dir='ltr'><strong>cepto</strong></span> <span class='ocrx_word' id='word_1_387' title='bbox 240 4485 325 4535; x_wconf 83' lang='lat' dir='ltr'><strong>abest.</strong></span> <span class='ocrx_word' id='word_1_388' title='bbox 357 4485 437 4536; x_wconf 79' lang='lat' dir='ltr'><strong>(loni.</strong></span> <span class='ocrx_word' id='word_1_389' title='bbox 452 4485 504 4548; x_wconf 85' lang='lat' dir='ltr'><strong>IV,</strong></span> <span class='ocrx_word' id='word_1_390' title='bbox 524 4484 574 4534; x_wconf 87' lang='grc'><strong>118</strong></span> <span class='ocrx_word' id='word_1_391' title='bbox 591 4485 684 4568; x_wconf 87' lang='lat' dir='ltr'><strong>ibique</strong></span> 
     </span>
    </p>
   </div>
   <div class='ocr_carea' id='block_1_8' title="bbox 146 4545 685 4648">
    <p class='ocr_par' dir='ltr' id='par_1_13' title="bbox 146 4545 685 4648">
     <span class='ocr_line' id='line_1_66' title="bbox 146 4545 685 4648; baseline 0.01 -50"><span class='ocrx_word' id='word_1_392' title='bbox 146 4556 261 4602; x_wconf 85' lang='lat' dir='ltr'><strong>nott.-—</strong></span> <span class='ocrx_word' id='word_1_393' title='bbox 281 4556 314 4605; x_wconf 89' lang='lat' dir='ltr'><strong>In</strong></span> <span class='ocrx_word' id='word_1_394' title='bbox 324 4571 401 4622; x_wconf 91' lang='lat' dir='ltr'><strong>seqq</strong></span> <span class='ocrx_word' id='word_1_395' title='bbox 416 4555 479 4648; x_wconf 93' lang='lat' dir='ltr'><strong>libri</strong></span> <span class='ocrx_word' id='word_1_396' title='bbox 496 4554 621 4605; x_wconf 87' lang='lat' dir='ltr'><strong>meliores</strong></span> <span class='ocrx_word' id='word_1_397' title='bbox 635 4545 685 4604; x_wconf 83' lang='lat' dir='ltr'><strong>’lo&#39;-</strong></span> 
     </span>
    </p>
   </div>
   <div class='ocr_carea' id='block_1_9' title="bbox 730 2725 1273 3770">
    <p class='ocr_par' dir='ltr' id='par_1_14' title="bbox 730 2725 1273 3770">
     <span class='ocr_line' id='line_1_67' title="bbox 731 2725 1272 2805; baseline -0.006 -16"><span class='ocrx_word' id='word_1_398' title='bbox 731 2736 920 2805; x_wconf 80' lang='grc' dir='ltr'><strong><em>μεσαμβρίης,</em></strong></span> <span class='ocrx_word' id='word_1_399' title='bbox 942 2725 973 2788; x_wconf 64' lang='lat' dir='ltr'><strong>u&#39;t</strong></span> <span class='ocrx_word' id='word_1_400' title='bbox 987 2741 1083 2803; x_wconf 90' lang='lat' dir='ltr'><strong>optimi</strong></span> <span class='ocrx_word' id='word_1_401' title='bbox 1098 2741 1196 2804; x_wconf 90' lang='lat' dir='ltr'><strong>quique</strong></span> <span class='ocrx_word' id='word_1_402' title='bbox 1209 2738 1272 2788; x_wconf 90' lang='lat' dir='ltr'><strong>libri</strong></span> 
     </span>
     <span class='ocr_line' id='line_1_68' title="bbox 730 2806 1273 2873; baseline -0.011 -12"><span class='ocrx_word' id='word_1_403' title='bbox 730 2811 860 2872; x_wconf 84' lang='lat' dir='ltr'><strong>afferunt,</strong></span> <span class='ocrx_word' id='word_1_404' title='bbox 880 2808 942 2859; x_wconf 85' lang='lat' dir='ltr'><strong>olim</strong></span> <span class='ocrx_word' id='word_1_405' title='bbox 960 2810 1078 2859; x_wconf 87' lang='lat' dir='ltr'><strong>coniecit</strong></span> <span class='ocrx_word' id='word_1_406' title='bbox 1093 2810 1202 2873; x_wconf 82' lang='lat' dir='ltr'><strong>quidum</strong></span> <span class='ocrx_word' id='word_1_407' title='bbox 1220 2806 1273 2856; x_wconf 89' lang='grc' dir='ltr'><strong><em>τοῦ</em></strong></span> 
     </span>
     <span class='ocr_line' id='line_1_69' title="bbox 732 2873 1272 2944; baseline -0.004 -15"><span class='ocrx_word' id='word_1_408' title='bbox 732 2873 1272 2944; x_wconf 62' lang='lat' dir='ltr'><strong>aposlolupfips&#39;qs(quodPeneinomeu</strong></span> 
     </span>
     <span class='ocr_line' id='line_1_70' title="bbox 732 2946 1272 3013; baseline -0.006 -14"><span class='ocrx_word' id='word_1_409' title='bbox 732 2950 783 3001; x_wconf 84' lang='lat' dir='ltr'><strong>suit</strong></span> <span class='ocrx_word' id='word_1_410' title='bbox 794 2946 947 3013; x_wconf 89' lang='lat' dir='ltr'><strong>antiquius)</strong></span> <span class='ocrx_word' id='word_1_411' title='bbox 962 2949 1098 3000; x_wconf 85' lang='lat' dir='ltr'><strong>oszetz.</strong></span> <span class='ocrx_word' id='word_1_412' title='bbox 1105 2949 1153 3010; x_wconf 86' lang='lat' dir='ltr'><strong>IX,</strong></span> <span class='ocrx_word' id='word_1_413' title='bbox 1162 2949 1220 2997; x_wconf 84' lang='grc'><strong>707.</strong></span> <span class='ocrx_word' id='word_1_414' title='bbox 1237 2950 1272 2997; x_wconf 82' lang='grc' dir='ltr'><strong>λι</strong></span> 
     </span>
     <span class='ocr_line' id='line_1_71' title="bbox 731 3017 1272 3083; baseline -0.008 -14"><span class='ocrx_word' id='word_1_415' title='bbox 731 3019 826 3071; x_wconf 90' lang='lat' dir='ltr'><strong>merito</strong></span> <span class='ocrx_word' id='word_1_416' title='bbox 836 3018 936 3068; x_wconf 91' lang='lat' dir='ltr'><strong>dudum</strong></span> <span class='ocrx_word' id='word_1_417' title='bbox 945 3019 1039 3067; x_wconf 85' lang='lat' dir='ltr'><strong>reiecit</strong></span> <span class='ocrx_word' id='word_1_418' title='bbox 1047 3017 1209 3083; x_wconf 81' lang='lat' dir='ltr'><strong>wesseling.</strong></span> <span class='ocrx_word' id='word_1_419' title='bbox 1218 3020 1240 3068; x_wconf 82' lang='lat' dir='ltr'><strong>l&#39;</strong></span> <span class='ocrx_word' id='word_1_420' title='bbox 1244 3035 1272 3065; x_wconf 91' lang='lat' dir='ltr'><strong>o-</strong></span> 
     </span>
     <span class='ocr_line' id='line_1_72' title="bbox 732 3084 1271 3152; baseline -0.002 -13"><span class='ocrx_word' id='word_1_421' title='bbox 732 3090 820 3139; x_wconf 90' lang='lat' dir='ltr'><strong>oulam</strong></span> <span class='ocrx_word' id='word_1_422' title='bbox 838 3102 889 3136; x_wconf 89' lang='grc' dir='ltr'><strong><em>τον</em></strong></span> <span class='ocrx_word' id='word_1_423' title='bbox 880 3084 1043 3138; x_wconf 83' lang='lat' dir='ltr'><strong>Bekherus</strong></span> <span class='ocrx_word' id='word_1_424' title='bbox 1061 3088 1139 3137; x_wconf 89' lang='lat' dir='ltr'><strong>libris</strong></span> <span class='ocrx_word' id='word_1_425' title='bbox 1163 3088 1271 3152; x_wconf 87' lang='lat' dir='ltr'><strong>scriptis</strong></span> 
     </span>
     <span class='ocr_line' id='line_1_73' title="bbox 730 3150 1272 3221; baseline -0.007 -11"><span class='ocrx_word' id='word_1_426' title='bbox 730 3161 826 3210; x_wconf 88' lang='lat' dir='ltr'><strong>invitis</strong></span> <span class='ocrx_word' id='word_1_427' title='bbox 837 3159 971 3207; x_wconf 84' lang='lat' dir='ltr'><strong>mutavit&#39;</strong></span> <span class='ocrx_word' id='word_1_428' title='bbox 965 3175 992 3207; x_wconf 88' lang='lat' dir='ltr'><strong>m</strong></span> <span class='ocrx_word' id='word_1_429' title='bbox 1002 3150 1038 3206; x_wconf 84' lang='grc' dir='ltr'><strong><em>τὸ</em></strong></span> <span class='ocrx_word' id='word_1_430' title='bbox 1043 3173 1174 3221; x_wconf 84' lang='lat' dir='ltr'><strong>‚eumque</strong></span> <span class='ocrx_word' id='word_1_431' title='bbox 1184 3173 1246 3208; x_wconf 90' lang='lat' dir='ltr'><strong>seou</strong></span> <span class='ocrx_word' id='word_1_432' title='bbox 1251 3158 1272 3206; x_wconf 88' lang='grc' dir='ltr'><strong>ιι</strong></span> 
     </span>
     <span class='ocr_line' id='line_1_74' title="bbox 732 3227 1272 3291; baseline -0.004 -12"><span class='ocrx_word' id='word_1_433' title='bbox 732 3236 797 3279; x_wconf 90' lang='lat' dir='ltr'><strong>sunt</strong></span> <span class='ocrx_word' id='word_1_434' title='bbox 810 3227 935 3279; x_wconf 86' lang='lat' dir='ltr'><strong>Dindorf.</strong></span> <span class='ocrx_word' id='word_1_435' title='bbox 956 3235 982 3276; x_wconf 88' lang='lat' dir='ltr'><strong>ot</strong></span> <span class='ocrx_word' id='word_1_436' title='bbox 1000 3228 1120 3278; x_wconf 90' lang='lat' dir='ltr'><strong>Dietseh.</strong></span> <span class='ocrx_word' id='word_1_437' title='bbox 1138 3228 1272 3291; x_wconf 86' lang='lat' dir='ltr'><strong>probante</strong></span> 
     </span>
     <span class='ocr_line' id='line_1_75' title="bbox 731 3297 1271 3363; baseline -0.004 -15"><span class='ocrx_word' id='word_1_438' title='bbox 731 3300 873 3363; x_wconf 83' lang='lat' dir='ltr'><strong>Madvig.&#39;</strong></span> <span class='ocrx_word' id='word_1_439' title='bbox 866 3314 893 3347; x_wconf 91' lang='lat' dir='ltr'><strong>m</strong></span> <span class='ocrx_word' id='word_1_440' title='bbox 905 3297 1040 3362; x_wconf 84' lang='lat' dir='ltr'><strong>Philolog.</strong></span> <span class='ocrx_word' id='word_1_441' title='bbox 1050 3298 1087 3347; x_wconf 91' lang='grc' dir='ltr'><strong>ΙΙ.</strong></span> <span class='ocrx_word' id='word_1_442' title='bbox 1102 3298 1197 3363; x_wconf 86' lang='lat' dir='ltr'><strong>Suppl.</strong></span> <span class='ocrx_word' id='word_1_443' title='bbox 1207 3313 1271 3363; x_wconf 83' lang='lat' dir='ltr'><strong>pag.</strong></span> 
     </span>
     <span class='ocr_line' id='line_1_76' title="bbox 732 3366 1272 3432; baseline -0.006 -14"><span class='ocrx_word' id='word_1_444' title='bbox 732 3371 774 3418; x_wconf 88' lang='grc'><strong>77.</strong></span> <span class='ocrx_word' id='word_1_445' title='bbox 805 3368 938 3432; x_wconf 85' lang='lat' dir='ltr'><strong>Equidem</strong></span> <span class='ocrx_word' id='word_1_446' title='bbox 953 3368 1077 3418; x_wconf 84' lang='lat' dir='ltr'><strong>voculam</strong></span> <span class='ocrx_word' id='word_1_447' title='bbox 1097 3366 1147 3417; x_wconf 87' lang='grc' dir='ltr'><strong><em>τοῦ</em></strong></span> <span class='ocrx_word' id='word_1_448' title='bbox 1161 3383 1272 3432; x_wconf 86' lang='lat' dir='ltr'><strong>prorsus</strong></span> 
     </span>
     <span class='ocr_line' id='line_1_77' title="bbox 732 3436 1272 3503; baseline -0.002 -15"><span class='ocrx_word' id='word_1_449' title='bbox 732 3440 829 3489; x_wconf 88' lang='lat' dir='ltr'><strong>abesse</strong></span> <span class='ocrx_word' id='word_1_450' title='bbox 842 3436 948 3501; x_wconf 87' lang='lat' dir='ltr'><strong>malim,</strong></span> <span class='ocrx_word' id='word_1_451' title='bbox 967 3439 1066 3503; x_wconf 90' lang='lat' dir='ltr'><strong>quippe</strong></span> <span class='ocrx_word' id='word_1_452' title='bbox 1085 3441 1173 3488; x_wconf 87' lang='lat' dir='ltr'><strong>ortam</strong></span> <span class='ocrx_word' id='word_1_453' title='bbox 1190 3438 1272 3503; x_wconf 76' lang='lat' dir='ltr'><strong>esyl-</strong></span> 
     </span>
     <span class='ocr_line' id='line_1_78' title="bbox 732 3509 1272 3559; baseline -0.002 -2"><span class='ocrx_word' id='word_1_454' title='bbox 732 3509 796 3558; x_wconf 84' lang='lat' dir='ltr'><strong>laba</strong></span> <span class='ocrx_word' id='word_1_455' title='bbox 808 3509 882 3558; x_wconf 82' lang='lat' dir='ltr'><strong>finali</strong></span> <span class='ocrx_word' id='word_1_456' title='bbox 892 3509 1080 3559; x_wconf 86' lang='lat' dir='ltr'><strong>antecedentis</strong></span> <span class='ocrx_word' id='word_1_457' title='bbox 1095 3511 1171 3558; x_wconf 84' lang='lat' dir='ltr'><strong>vocis</strong></span> <span class='ocrx_word' id='word_1_458' title='bbox 1187 3523 1272 3556; x_wconf 84' lang='grc' dir='ltr'><strong><em>ποτα-</em></strong></span> 
     </span>
     <span class='ocr_line' id='line_1_79' title="bbox 731 3577 1273 3644; baseline 0.002 -18"><span class='ocrx_word' id='word_1_459' title='bbox 731 3579 813 3643; x_wconf 77' lang='grc' dir='ltr'><strong><em>μοῦ,</em></strong></span> <span class='ocrx_word' id='word_1_460' title='bbox 839 3593 922 3644; x_wconf 86' lang='lat' dir='ltr'><strong>quare</strong></span> <span class='ocrx_word' id='word_1_461' title='bbox 938 3580 1016 3630; x_wconf 91' lang='lat' dir='ltr'><strong>uncis</strong></span> <span class='ocrx_word' id='word_1_462' title='bbox 1035 3577 1134 3629; x_wconf 87' lang='lat' dir='ltr'><strong>inclusi</strong></span> <span class='ocrx_word' id='word_1_463' title='bbox 1148 3579 1273 3628; x_wconf 80' lang='lat' dir='ltr'><strong>voculam</strong></span> 
     </span>
     <span class='ocr_line' id='line_1_80' title="bbox 733 3649 1273 3713; baseline -0.006 -13"><span class='ocrx_word' id='word_1_464' title='bbox 733 3650 869 3713; x_wconf 86' lang='lat' dir='ltr'><strong>spuriam,</strong></span> <span class='ocrx_word' id='word_1_465' title='bbox 883 3663 952 3713; x_wconf 85' lang='lat' dir='ltr'><strong>quae</strong></span> <span class='ocrx_word' id='word_1_466' title='bbox 967 3649 990 3699; x_wconf 92' lang='lat' dir='ltr'><strong>si</strong></span> <span class='ocrx_word' id='word_1_467' title='bbox 1004 3651 1168 3711; x_wconf 85' lang='lat' dir='ltr'><strong>retineatur,</strong></span> <span class='ocrx_word' id='word_1_468' title='bbox 1187 3649 1273 3711; x_wconf 75' lang='lat' dir='ltr'><strong>signi-</strong></span> 
     </span>
     <span class='ocr_line' id='line_1_81' title="bbox 732 3718 1273 3770; baseline -0.004 -2"><span class='ocrx_word' id='word_1_469' title='bbox 732 3719 859 3768; x_wconf 83' lang='lat' dir='ltr'><strong>ficaretur</strong></span> <span class='ocrx_word' id='word_1_470' title='bbox 885 3720 990 3768; x_wconf 83' lang='lat' dir='ltr'><strong>Peneus</strong></span> <span class='ocrx_word' id='word_1_471' title='bbox 1015 3718 1153 3770; x_wconf 86' lang='lat' dir='ltr'><strong>meridiem</strong></span> <span class='ocrx_word' id='word_1_472' title='bbox 1178 3734 1273 3768; x_wconf 86' lang='lat' dir='ltr'><strong>versus</strong></span> 
     </span>
    </p>
   </div>
   <div class='ocr_carea' id='block_1_10' title="bbox 712 3787 1273 3852">
    <p class='ocr_par' dir='ltr' id='par_1_15' title="bbox 712 3787 1273 3852">
     <span class='ocr_line' id='line_1_82' title="bbox 712 3787 1273 3852; baseline 0 -16"><span class='ocrx_word' id='word_1_473' title='bbox 712 3807 716 3815; x_wconf 86' lang='grc'><em>·</em></span> <span class='ocrx_word' id='word_1_474' title='bbox 733 3788 869 3850; x_wconf 88' lang='lat' dir='ltr'><strong>defluens,</strong></span> <span class='ocrx_word' id='word_1_475' title='bbox 883 3803 943 3837; x_wconf 89' lang='lat' dir='ltr'><strong>eum</strong></span> <span class='ocrx_word' id='word_1_476' title='bbox 953 3788 1053 3838; x_wconf 87' lang='lat' dir='ltr'><strong>Noster</strong></span> <span class='ocrx_word' id='word_1_477' title='bbox 1063 3787 1090 3836; x_wconf 89' lang='lat' dir='ltr'><strong>id</strong></span> <span class='ocrx_word' id='word_1_478' title='bbox 1101 3789 1192 3852; x_wconf 86' lang='lat' dir='ltr'><strong>potius</strong></span> <span class='ocrx_word' id='word_1_479' title='bbox 1205 3789 1273 3837; x_wconf 92' lang='lat' dir='ltr'><strong>indi·</strong></span> 
     </span>
    </p>
   </div>
   <div class='ocr_carea' id='block_1_11' title="bbox 733 3856 1276 4623">
    <p class='ocr_par' dir='ltr' id='par_1_16' title="bbox 733 3856 1276 4623">
     <span class='ocr_line' id='line_1_83' title="bbox 734 3856 1274 3919; baseline -0.002 -11"><span class='ocrx_word' id='word_1_480' title='bbox 734 3874 795 3908; x_wconf 86' lang='lat' dir='ltr'><strong>care</strong></span> <span class='ocrx_word' id='word_1_481' title='bbox 809 3856 938 3918; x_wconf 81' lang='lat' dir='ltr'><strong>voluerit,</strong></span> <span class='ocrx_word' id='word_1_482' title='bbox 952 3858 1090 3919; x_wconf 87' lang='lat' dir='ltr'><strong>Teucros,</strong></span> <span class='ocrx_word' id='word_1_483' title='bbox 1103 3864 1134 3906; x_wconf 89' lang='lat' dir='ltr'><strong>ut</strong></span> <span class='ocrx_word' id='word_1_484' title='bbox 1148 3858 1274 3907; x_wconf 83' lang='lat' dir='ltr'><strong>occiden-</strong></span> 
     </span>
     <span class='ocr_line' id='line_1_84' title="bbox 733 3927 1273 3988; baseline -0.007 -9"><span class='ocrx_word' id='word_1_485' title='bbox 733 3935 787 3979; x_wconf 91' lang='lat' dir='ltr'><strong>tem</strong></span> <span class='ocrx_word' id='word_1_486' title='bbox 798 3941 892 3977; x_wconf 84' lang='lat' dir='ltr'><strong>versus</strong></span> <span class='ocrx_word' id='word_1_487' title='bbox 901 3927 935 3976; x_wconf 86' lang='lat' dir='ltr'><strong>ad</strong></span> <span class='ocrx_word' id='word_1_488' title='bbox 943 3927 1066 3978; x_wconf 89' lang='lat' dir='ltr'><strong>lonicum</strong></span> <span class='ocrx_word' id='word_1_489' title='bbox 1078 3944 1160 3988; x_wconf 89' lang='lat' dir='ltr'><strong>mare,</strong></span> <span class='ocrx_word' id='word_1_490' title='bbox 1170 3931 1210 3976; x_wconf 85' lang='lat' dir='ltr'><strong>its</strong></span> <span class='ocrx_word' id='word_1_491' title='bbox 1221 3943 1273 3976; x_wconf 87' lang='lat' dir='ltr'><strong>me-</strong></span> 
     </span>
     <span class='ocr_line' id='line_1_85' title="bbox 734 3991 1273 4062; baseline -0.006 -15"><span class='ocrx_word' id='word_1_492' title='bbox 734 3998 830 4047; x_wconf 87' lang='lat' dir='ltr'><strong>ridiem</strong></span> <span class='ocrx_word' id='word_1_493' title='bbox 843 4010 938 4048; x_wconf 81' lang='lat' dir='ltr'><strong>versus</strong></span> <span class='ocrx_word' id='word_1_494' title='bbox 949 3991 1033 4060; x_wconf 85' lang='grc' dir='ltr'><strong><em>(πρὸς</em></strong></span> <span class='ocrx_word' id='word_1_495' title='bbox 1043 3994 1227 4062; x_wconf 84' lang='grc' dir='ltr'><strong><em>μεσαμβρίης)</em></strong></span> <span class='ocrx_word' id='word_1_496' title='bbox 1238 3996 1273 4044; x_wconf 83' lang='lat' dir='ltr'><strong>ed</strong></span> 
     </span>
     <span class='ocr_line' id='line_1_86' title="bbox 733 4066 1273 4148; baseline -0.009 -31"><span class='ocrx_word' id='word_1_497' title='bbox 733 4068 852 4117; x_wconf 89' lang='lat' dir='ltr'><strong>Peneum</strong></span> <span class='ocrx_word' id='word_1_498' title='bbox 864 4081 950 4131; x_wconf 88' lang='lat' dir='ltr'><strong>usque</strong></span> <span class='ocrx_word' id='word_1_499' title='bbox 962 4067 1137 4148; x_wconf 78' lang='lat' dir='ltr'><strong>processisse.</strong></span> <span class='ocrx_word' id='word_1_500' title='bbox 1160 4068 1201 4115; x_wconf 91' lang='lat' dir='ltr'><strong>De</strong></span> <span class='ocrx_word' id='word_1_501' title='bbox 1213 4066 1273 4128; x_wconf 87' lang='lat' dir='ltr'><strong>ipso</strong></span> 
     </span>
     <span class='ocr_line' id='line_1_87' title="bbox 734 4135 1274 4200; baseline -0.004 -15"><span class='ocrx_word' id='word_1_502' title='bbox 734 4139 818 4186; x_wconf 76' lang='lat' dir='ltr'><strong>Peneo</strong></span> <span class='ocrx_word' id='word_1_503' title='bbox 828 4139 948 4185; x_wconf 87' lang='lat' dir='ltr'><strong>veterum</strong></span> <span class='ocrx_word' id='word_1_504' title='bbox 958 4135 1122 4200; x_wconf 89' lang='lat' dir='ltr'><strong>scriptorum</strong></span> <span class='ocrx_word' id='word_1_505' title='bbox 1130 4135 1205 4186; x_wconf 81' lang='lat' dir='ltr'><strong>locos</strong></span> <span class='ocrx_word' id='word_1_506' title='bbox 1213 4150 1274 4198; x_wconf 86' lang='lat' dir='ltr'><strong>sup-</strong></span> 
     </span>
     <span class='ocr_line' id='line_1_88' title="bbox 735 4205 1273 4270; baseline -0.008 -14"><span class='ocrx_word' id='word_1_507' title='bbox 735 4205 1034 4270; x_wconf 80' lang='lat' dir='ltr'><strong>peditabitForbiger:</strong></span> <span class='ocrx_word' id='word_1_508' title='bbox 1054 4205 1162 4254; x_wconf 87' lang='lat' dir='ltr'><strong>Haudb</strong></span> <span class='ocrx_word' id='word_1_509' title='bbox 1182 4206 1208 4257; x_wconf 87' lang='lat' dir='ltr'><strong>d.</strong></span> <span class='ocrx_word' id='word_1_510' title='bbox 1225 4205 1273 4254; x_wconf 88' lang='lat' dir='ltr'><strong>alt.</strong></span> 
     </span>
     <span class='ocr_line' id='line_1_89' title="bbox 735 4264 1274 4340; baseline -0.008 -15"><span class='ocrx_word' id='word_1_511' title='bbox 735 4274 888 4340; x_wconf 79' lang='lat' dir='ltr'><strong>Gecgraph.</strong></span> <span class='ocrx_word' id='word_1_512' title='bbox 903 4275 954 4326; x_wconf 93' lang='lat' dir='ltr'><strong>III</strong></span> <span class='ocrx_word' id='word_1_513' title='bbox 970 4290 1032 4340; x_wconf 82' lang='lat' dir='ltr'><strong>pag</strong></span> <span class='ocrx_word' id='word_1_514' title='bbox 1042 4275 1152 4326; x_wconf 81' lang='grc'><strong>874-</strong></span> <span class='ocrx_word' id='word_1_515' title='bbox 1119 4264 1274 4338; x_wconf 84' lang='grc' dir='ltr'><strong><em>-ἥλασαι</em></strong></span> 
     </span>
     <span class='ocr_line' id='line_1_90' title="bbox 734 4336 1275 4410; baseline 0.004 -16"><span class='ocrx_word' id='word_1_516' title='bbox 734 4344 796 4410; x_wconf 87' lang='lat' dir='ltr'><strong>(pro</strong></span> <span class='ocrx_word' id='word_1_517' title='bbox 813 4345 885 4409; x_wconf 64' lang='grc' dir='ltr'><strong><em>ναις.</em></strong></span> <span class='ocrx_word' id='word_1_518' title='bbox 902 4336 1017 4410; x_wconf 80' lang='grc' dir='ltr'><strong><em>ἔλασαν)</em></strong></span> <span class='ocrx_word' id='word_1_519' title='bbox 1037 4345 1164 4396; x_wconf 83' lang='lat' dir='ltr'><strong>revocavi</strong></span> <span class='ocrx_word' id='word_1_520' title='bbox 1183 4346 1275 4396; x_wconf 84' lang='lat' dir='ltr'><strong>eFlo·</strong></span> 
     </span>
     <span class='ocr_line' id='line_1_91' title="bbox 733 4414 1274 4477; baseline 0.002 -12"><span class='ocrx_word' id='word_1_521' title='bbox 733 4420 803 4466; x_wconf 87' lang='lat' dir='ltr'><strong>rent</strong></span> <span class='ocrx_word' id='word_1_522' title='bbox 815 4422 842 4465; x_wconf 90' lang='lat' dir='ltr'><strong>et</strong></span> <span class='ocrx_word' id='word_1_523' title='bbox 854 4414 992 4466; x_wconf 86' lang='lat' dir='ltr'><strong>Sanorosti</strong></span> <span class='ocrx_word' id='word_1_524' title='bbox 1008 4415 1090 4477; x_wconf 90' lang='lat' dir='ltr'><strong>libro,</strong></span> <span class='ocrx_word' id='word_1_525' title='bbox 1106 4415 1274 4466; x_wconf 86' lang='lat' dir='ltr'><strong>assentiente</strong></span> 
     </span>
     <span class='ocr_line' id='line_1_92' title="bbox 733 4484 1275 4556; baseline 0.002 -22"><span class='ocrx_word' id='word_1_526' title='bbox 733 4485 864 4550; x_wconf 79' lang='lat' dir='ltr'><strong>Apetnio,</strong></span> <span class='ocrx_word' id='word_1_527' title='bbox 887 4485 932 4550; x_wconf 92' lang='lat' dir='ltr'><strong>qni</strong></span> <span class='ocrx_word' id='word_1_528' title='bbox 947 4485 1018 4535; x_wconf 91' lang='lat' dir='ltr'><strong>hoo</strong></span> <span class='ocrx_word' id='word_1_529' title='bbox 1012 4502 1038 4536; x_wconf 89' lang='lat' dir='ltr'><strong>m</strong></span> <span class='ocrx_word' id='word_1_530' title='bbox 1052 4484 1135 4556; x_wconf 70' lang='lat' dir='ltr'><strong>verbe</strong></span> <span class='ocrx_word' id='word_1_531' title='bbox 1148 4501 1275 4552; x_wconf 81' lang='lat' dir='ltr'><strong>augmen</strong></span> 
     </span>
     <span class='ocr_line' id='line_1_93' title="bbox 734 4539 1276 4623; baseline 0.006 -18"><span class='ocrx_word' id='word_1_532' title='bbox 734 4562 791 4607; x_wconf 85' lang='lat' dir='ltr'><strong>tum</strong></span> <span class='ocrx_word' id='word_1_533' title='bbox 803 4556 837 4607; x_wconf 91' lang='lat' dir='ltr'><strong>ab</strong></span> <span class='ocrx_word' id='word_1_534' title='bbox 850 4555 988 4607; x_wconf 83' lang='lat' dir='ltr'><strong>Herodoto</strong></span> <span class='ocrx_word' id='word_1_535' title='bbox 1002 4556 1103 4623; x_wconf 92' lang='lat' dir='ltr'><strong>ubique</strong></span> <span class='ocrx_word' id='word_1_536' title='bbox 1118 4539 1181 4607; x_wconf 86' lang='lat' dir='ltr'><strong>addi</strong></span> <span class='ocrx_word' id='word_1_537' title='bbox 1195 4561 1276 4608; x_wconf 88' lang='lat' dir='ltr'><strong>notat</strong></span> 
     </span>
    </p>
   </div>
   <div class='ocr_carea' id='block_1_12' title="bbox 0 0 1561 5175">
    <p class='ocr_par' dir='ltr' id='par_1_17' title="bbox 0 0 1561 5175">
     <span class='ocr_line' id='line_1_94' title="bbox 0 0 1561 5175; baseline 0 0"><span class='ocrx_word' id='word_1_538' title='bbox 0 0 1561 5175; x_wconf 95' lang='lat' dir='ltr'><strong> </strong></span> 
     </span>
    </p>
   </div>
  </div>
 </body>
</html>
