3100 5175
260 411 322 481 aii

621 463 624 468 .
694 410 958 480 aaronem

262 593 307 676 ὡς
322 594 388 683 εἶχε
403 595 480 683 περὶ
493 597 562 663 τῶν
575 578 686 678 Χίων,
702 592 832 672 ἰδόντες
846 620 882 662 τε
895 589 1039 682 στρατόν
1052 595 1086 672 ές
1098 587 1161 680 τὴν
1174 588 1288 679 χώρην
1302 591 1397 679 έσβε·

261 698 424 789 βληκότα,
453 698 564 784 πάγχυ
583 699 688 784 σφέας
708 695 949 780 καταδόξαντες
972 696 1058 766 εἶναι
1079 700 1214 772 κλῶπας
1233 696 1289 762 καὶ
1313 696 1399 762 ίέναι

262 806 317 874 ἐπὶ
345 800 404 881 τάς
430 816 610 888 γυναῖκας,
642 799 843 889 ἐξεβοήθεον
869 802 1036 887 πανδημεὶ
1063 800 1119 867 καί
1147 804 1297 866 ἔκτεινον
1324 793 1402 874 τούς

218 915 255 973 17
266 914 384 985 Χίους·
413 896 505 974 οὗτοι
518 907 580 993 μέν
595 930 661 972 vus
673 902 845 990 τοιαύτῃσι
862 905 1079 991 περιέπιπτον
1092 901 1222 989 τύχῃσι.
1271 899 1399 968 Διονύ-

262 1033 333 1090 σιος
354 1009 392 1078 δὲ
414 1003 637 1092 ὁΦωκαιεύς,
661 1009 737 1076 έπεί
753 1033 790 1074 τε
806 1012 912 1093 ἔμαθε
933 1012 1003 1075 τῶν
1021 1003 1143 1074 Ἰαόνων
1163 1002 1204 1072 rei
1224 1002 1401 1092 πρήγματα

263 1113 515 1201 διεφθαρμένα,
543 1112 621 1188 νέας
653 1107 738 1178 ἑλόν
767 1124 858 1197 τρεῖς
880 1114 950 1178 τῶν
978 1115 1164 1196 πολεμίων,
1192 1105 1338 1176 ἀπέπλεε
1368 1108 1401 1184 ἐς

263 1219 326 1306 μὲν
345 1215 505 1285 Φώκαιαν
532 1210 662 1299 ούκέτι,
691 1204 730 1282 εὖ
756 1209 870 1298 slede,
898 1207 942 1292 ιός
963 1210 1237 1301 ἀνδραποδιεῖται
1266 1207 1330 1278 σύν
1360 1213 1402 1299 τῇ

264 1319 348 1407 ἀλλῃ
383 1316 508 1405 Ἰωνίῃ·
550 1311 567 1383 ὁ
595 1315 633 1383 δὲ
665 1319 785 1400 ίθέως,
819 1312 863 1395 eie
898 1315 985 1402 εἶχε,
1022 1321 1130 1384 ἔπλωε
1163 1316 1197 1392 ές
1224 1318 1400 1399 Φοινίκην.

265 1422 411 1509 γαύλους
438 1421 474 1488 δέ
503 1420 653 1487 ἐνθαῦτα
675 1417 864 1498 καταδύσας
886 1420 941 1488 καὶ
968 1418 1116 1506 χρήματα
1143 1414 1258 1503 λαβών
1286 1412 1394 1484 πολλοὶ
1403 1428 1455 1479 44ss

266 1532 374 1594 ἔπλωε
401 1526 434 1603 ές
453 1527 631 1609 Σικελίην·
669 1517 878 1610 ὁρμειόμενος
901 1521 938 1589 δέ
962 1524 1124 1590 ἐνθεῦτεν
1147 1517 1282 1607 ληιστὴς
1303 1545 1401 1586 κατε-

265 1627 384 1716 στήκεε
407 1622 575 1714 Ἑλλήνων
607 1624 669 1711 μέν
695 1621 852 1709 οὐδενὸς,
892 1628 1134 1712 Καρχηδονίων
1165 1623 1203 1691 δέ
1228 1624 1285 1691 καὶ
1316 1630 1403 1710 Teo«

266 1735 391 1819 σηνεῦν.

224 1840 261 1900 18
348 1837 394 1901 Oi
418 1829 456 1898 δὲ
475 1829 603 1917 Πέρσαι
631 1831 764 1910 ἐπείτε
784 1834 825 1918 τῇ
843 1835 1011 1918 ναυααχίῃ
1038 1832 1161 1897 ἐνίκων
1180 1824 1258 1906 τούς
1276 1822 1405 1911 Ἴωνας,

269 1934 331 2024 τὴν
350 1941 521 2021 Μίλητον,
548 1935 801 2022 πολιορκέοντες
821 1936 858 2000 ἐκ
876 1937 937 2019 γῆς
955 1935 1011 2000 καὶ
1029 1931 1221 2018 θαλάσσης,
1247 1932 1304 1998 καὶ
1317 1925 1402 1997 riae-

269 2039 449 2128 ρύσσοντες
478 2033 518 2103 τά
546 2042 672 2124 τείχεα,
701 2038 757 2104 καὶ
783 2041 943 2114 παντοίας
970 2033 1118 2124 μηχανὰς
1143 2035 1403 2124 προσφέροντες,

272 2267 388 2318 queque,
402 2251 448 2315 qui
460 2251 557 2301 Ionum
569 2256 648 2300 erant
659 2252 763 2315 stirpis,
778 2267 811 2300 ea

271 2337 359 2385 aeque
379 2319 511 2369 celebrari
537 2324 617 2384 atque
638 2319 812 2370 Atheniensi-

271 2392 332 2439 bus.
358 2391 402 2437 'l'u
413 2389 465 2437 vid.
477 2388 569 2436 laudd.
581 2388 616 2437 ad
629 2388 666 2450 11,
681 2389 743 2451 171;
762 2406 811 2439 un·

272 2460 305 2508 de
320 2472 427 2523 queque
441 2456 612 2519 intelligitur,
624 2472 672 2506 cur
686 2458 812 2508 mulieres

271 2528 443 2593 potissimum
464 2525 515 2575 hoc
536 2527 633 2574 festum
654 2526 760 2576 Cereris
783 2527 812 2574 in

271 2599 400 2647 honorem
420 2596 577 2645 institutum
597 2595 811 2657 celebraverint3

271 2668 328 2719 vid.
343 2667 372 2718 0.
388 2668 420 2717 F.
435 2666 586 2715 Hermann:
605 2665 811 2716 Gettesdienstl.

271 2737 388 2788 Alterth.
400 2739 424 2799 §-
439 2736 481 2788 50,
496 2742 552 2785 nel.
567 2737 596 2787 14
607 2751 681 2800 seqq.
692 2736 734 2785 ed.
746 2751 813 2791 sec„

273 2814 300 2857 et
317 2807 387 2872 quod
399 2805 433 2854 ad
442 2805 618 2869 Ephesiorum
628 2805 813 2869 Thesmopho·

272 2881 314 2926 ria
327 2876 438 2937 attinet,
450 2878 473 2937 ξ.
487 2874 529 2925 66.
541 2879 596 2924 not.
611 2875 635 2924 0.
656 2878 746 2938 Atque
759 2876 812 2922 ianr

272 2946 409 2995 Meursius
420 2946 447 2992 in
459 2944 575 2993 Graecia
583 2944 685 2993 feriata
695 2944 814 2992 indicem

272 3014 431 3065 exhibuerat
440 3012 814 3077 gentinm,apudquas'l'hes·

272 3084 413 3148 mephor·ia
424 3083 563 3131 celebrata
581 3098 640 3131 esse
653 3087 813 3139 narrantum

273 3155 301 3202 in
315 3168 368 3217 que
378 3151 571 3202 tarnen'indice
585 3152 764 3215 etssphesios,
779 3152 814 3201 de

273 3222 371 3286 quihus
383 3221 539 3271 Herodotus
550 3221 577 3270 h.
594 3221 623 3284 1.,
638 3227 665 3269 et
680 3223 813 3286 Agrigen-

273 3294 361 3353 tinos,
380 3290 414 3340 de
429 3290 528 3354 quibus
540 3290 670 3354 Polyaen.
685 3293 723 3354 V,
738 3293 766 3354 1,
788 3291 813 3354 1,

274 3360 389 3410 omissos
405 3374 466 3409 esse
481 3361 591 3408 notavit
603 3359 763 3409 Larcherus.
778 3386 814 3397 -

172 3479 174 3481 ,
273 3430 316 3477 De
332 3427 474 3492 particulis
488 3416 629 3475 ούτε-τε
643 3427 679 3480 cf.
693 3432 761 3480 nott.
776 3428 813 3478 ad

273 3497 327 3559 Vl,
347 3497 360 3547 l
384 3501 412 3546 et
426 3497 461 3546 ad
477 3496 587 3546 verbum
607 3491 813 3557 καταδόξαντες

272 3566 328 3617 vid.
345 3566 406 3629 111,
420 3567 452 3615 27
472 3566 563 3630 ibique
578 3572 645 3615 nott.
674 3568 716 3617 Ad
730 3567 815 3616 verba

272 3625 444 3698 ἐξεβοήθεον
453 3631 596 3698 πανδημεὶ
605 3637 783 3700 (ἰ.ε.ιιαιόενει’
791 3653 813 3686 a.

274 3720 327 3753 cum
340 3704 449 3753 ornatibus
462 3706 541 3767 copiis
553 3720 585 3753 ex
599 3706 663 3756 urbe
675 3706 709 3755 ad
721 3705 814 3755 hostes

273 3772 442 3839 repellendos
462 3773 682 3839 egrediebantur)
705 3775 740 3826 cf.
763 3775 813 3835 IX,

273 3842 321 3893 26:
341 3834 570 3907 ἐκβοηθήσαντες
583 3836 609 3892 l:
621 3835 672 3891 τόν
685 3836 813 3906 Ἰσθμόν.

274 3912 429 3978 Thucydid.
442 3912 464 3974 Ι,
482 3914 541 3963 1053
562 3905 592 3960 ci
601 3905 746 3977 Ἀθηναῖοι
761 3904 813 3961 έκ-

274 3974 527 4049 βοηθήσαντες
548 3972 578 4029 ἐκ
598 3979 654 4030 ταῖν
671 3978 814 4047 Μεγάρων

274 4057 344 4129 etc,
357 4051 404 4101 ubi
418 4051 486 4101 male
503 4050 565 4101 olim
578 4051 722 4117 legebatur
736 4041 815 4116 έκβο-

273 4134 402 4184 ησαντες.
418 4147 451 4156 -
469 4120 543 4170 ldem
558 4121 710 4185 Thucydid.
722 4123 749 4186 Ι,
765 4121 813 4172 107

275 4180 813 4322 {caefae-sisisclus,

272 4325 362 4376 lecum
375 4329 408 4377 de
423 4275 621 4393 significatidlrh
637 4279 816 4382 et'struhtura

273 4395 349 4445 verbi
369 4392 490 4460 βοηθεῖν
507 4397 585 4462 plura
606 4401 700 4451 attulit
720 4403 814 4465 Puppe

274 4463 303 4513 in
319 4463 384 4516 edit.
400 4465 464 4517 min.

1047 2283 1113 2335 Car.
1132 2283 1221 2335 XVII.

896 2379 1144 2452 ἀνδραποδιεῖται]
1183 2387 1269 2436 Sensn
1290 2384 1405 2449 passivo

863 2458 1064 2522 accipiendum:
1089 2457 1123 2506 de
1138 2472 1190 2522 quo
1204 2455 1257 2506 vid.
1279 2458 1350 2505 nott.
1369 2453 1405 2502 ad

862 2528 901 2590 V,
915 2525 958 2576 35.
989 2525 1030 2575 Ad
1043 2525 1208 2576 locutionem
1226 2517 1264 2580 eie
1275 2515 1334 2588 εἶχε
1347 2521 1406 2588 (cu-

861 2597 904 2645 ius
924 2596 981 2646 vim
1001 2596 1043 2645 ita
1059 2595 1165 2646 Gallice
1188 2595 1323 2659 expressit
1337 2595 1406 2643 Lar-

862 2665 941 2715 cher:
958 2680 1019 2713 sana
1032 2667 1127 2725 perdre
1140 2682 1172 2714 απ
1187 2670 1289 2712 nioman!
1303 2672 1327 2713 et
1341 2664 1407 2711 darre

863 2737 936 2785 Γέλαι
947 2739 978 2784 oli
990 2739 1009 2784 tt
1019 2735 1092 2797 dicit)
1111 2735 1146 2784 cf.
1160 2734 1188 2793 1,
1201 2735 1236 2782 24
1251 2733 1317 2796 ibiq.
1334 2737 1405 2781 nott.

864 2810 891 2854 et
905 2804 938 2853 de
951 2818 1019 2853 voce
1029 2800 1133 2866 ῃαύλος
1146 2806 1216 2855 nott.
1233 2802 1268 2851 ad
1277 2802 1329 2864 IlI,
1343 2800 1404 2863 136,

865 2873 962 2939 quibus
972 2887 1044 2921 nunc
1058 2873 1121 2923 add.
1135 2873 1236 2921 Kruse:
1255 2871 1405 2921 Herodot’s

863 2947 1001 2993 Ansmess.
1019 2941 1066 2991 des
1078 2942 1184 2992 Pontus
1198 2946 1249 2991 etc.
1268 2956 1330 3005 pag.
1346 2940 1405 2990 102.
1449 2966 1452 2970 Δ

865 3013 918 3062 Pre
932 3004 1092 3068 καταδύσας
1114 3011 1149 3075 (i.
1170 3025 1192 3061 e.
1209 3011 1325 3059 navibus
1342 3025 1406 3060 ene·

864 3082 943 3130 rariis
954 3080 1085 3146 desacrata)
1101 3082 1128 3128 in
1140 3079 1243 3130 duobus
1256 3079 1336 3130 cedd.
1348 3094 1406 3128 ma-

863 3151 889 3200 le
904 3146 1070 3206 καταλύσας.
1099 3148 1259 3214 Wesseling.
1274 3150 1344 3199 citat
1355 3148 1405 3209 XI,

864 3223 907 3273 27.
929 3219 999 3282 XII,
1014 3220 1038 3269 3.
1051 3221 1095 3269 48.
1115 3219 1199 3283 Xlll,
1217 3220 1256 3269 10.
1278 3218 1357 3281 XIV,
1370 3218 1405 3266 40

863 3290 901 3339 ihi
924 3292 1043 3339 uenett.

898 3306 987 3407 ἕπλωε
1002 3351 1028 3415 ές
1043 3354 1192 3420 Σικελίην]
1219 3358 1280 3419 Qua
1293 3355 1405 3406 Siciliae

863 3433 941 3493 parte
954 3433 1002 3477 aut
1013 3442 1091 3491 quem
1102 3425 1137 3474 ad
1150 3426 1239 3476 locum
1251 3424 1407 3490 appulerint

863 3497 996 3561 Phocaei,
1017 3496 1090 3545 haud
1104 3495 1259 3546 declaratur
1271 3510 1360 3559 neque
1377 3495 1406 3543 id

864 3566 974 3616 aliunde
993 3570 1117 3627 conatst;
1141 3565 1269 3616 videntur
1285 3564 1406 3615 Phocaei

865 3635 979 3685 stabiles
1000 3636 1079 3686 sedes
1105 3634 1274 3685 coloniamve
1297 3634 1343 3683 vix
1366 3632 1407 3682 ibi

864 3704 1034 3766 condidisse,
1054 3703 1103 3755 sed
1122 3709 1229 3769 portum
1250 3708 1299 3753 aut
1320 3703 1405 3752 alium

865 3774 1001 3839 quendam
1019 3774 1108 3825 locum
1129 3775 1251 3838 cepisse,
1273 3774 1343 3823 unde
1361 3788 1407 3822 ex-

864 3849 1005 3894 currerent
1013 3843 1047 3893 ad
1061 3842 1187 3907 praedam
1202 3844 1336 3908 agendam
1349 3857 1407 3891 ma-

865 3928 894 3963 re
906 3918 1087 3978 pervagantes
1098 3912 1219 3962 Siculum
1229 3917 1279 3962 aut
1289 3911 1408 3975 Tyrrhe-

865 3984 968 4033 nicum:
991 3985 1019 4031 in
1039 3997 1091 4047 quo
1110 3981 1158 4031 illa
1177 3986 1271 4032 aetate
1291 3980 1405 4031 multum

864 4052 953 4105 valuit
970 4051 1170 4118 Tyrrhenorum
1189 4067 1211 4101 s.
1226 4052 1406 4101 Etruscorum

864 4126 989 4188 potestas
1001 4138 1029 4170 rc
1042 4120 1134 4171 navali
1147 4128 1175 4170 et
1186 4121 1346 4170 commercio
1358 4121 1407 4169 flo-

863 4193 990 4252 rentium,
1004 4191 1072 4241 adeo
1086 4195 1116 4239 ut
1128 4204 1187 4239 curn
1198 4189 1407 4254 Carthaginien·

865 4261 939 4310 sibus
956 4264 1108 4317 certarent3
1128 4258 1163 4308 cf.
1181 4259 1289 4309 Micali:
1312 4259 1407 4309 Stcria

866 4335 918 4380 etc.
931 4326 973 4380 11.
990 4345 1017 4394 p.
1034 4329 1077 4379 50.
1090 4326 1151 4378 337.
1175 4329 1254 4378 Unde
1273 4327 1409 4392 iutelligi-

865 4405 924 4460 tur,
937 4414 985 4449 cur
1000 4398 1125 4448 additum
1137 4397 1175 4446 sit
1186 4396 1213 4448 lr.
1224 4396 1242 4446 1.
1259 4393 1408 4462 Καρχηδο-

865 4465 936 4518 νίων
948 4461 981 4517 δὲ
991 4462 1040 4517 καὶ
1057 4462 1225 4532 Τυρσηνόν.
