3100 5175
247 398 288 468 88
680 393 950 460 HERODOTI

250 553 309 649 τὸν
330 574 450 647 στάδια
471 569 523 645 ἐπ’
546 568 650 664 ἡμέρη
672 571 791 661 ἑκάστη
815 575 975 654 διεξιοῦσι
994 565 1248 658 ἀναισιμοῦνται
1269 559 1389 654 ἡμέραι

202 692 242 752 54
251 679 373 768 άπαρτὶ
392 679 602 768 ἑνενὴιιοντα.
644 675 743 746 Οῦτω
763 678 811 767 τῷ
831 682 989 765 Μιλησίῳ
1014 670 1229 762 Ἀρισταγόρῃ
1256 681 1389 740 είπαντι

251 784 334 873 πρὸς
354 786 545 872 Κλεομένεα
564 779 622 851 τὸν
642 780 928 868 Λακεδαιμόνιον,
957 778 1043 847 εἶναι
1069 781 1172 864 τριῶν
1190 778 1307 865 μηνῶν
1327 771 1389 862 τὴν

250 889 375 959 άνοδον
395 886 455 976 τὴν
469 883 558 974 παρὰ
572 887 728 973 βασιλέα,
748 880 860 971 ὀρθῶς
882 892 1001 971 είρητο.
1037 888 1067 950 εἰ
1087 883 1127 950 δέ
1137 908 1186 959 τις
1200 875 1237 947 τὸ
1254 875 1388 965 άτρειιέ·

251 1017 370 1078 στερον
388 990 518 1061 τούτων
539 996 586 1058 ἔτι
609 994 753 1075 δίζηται,
776 986 841 1074 έγῶ
862 987 1034 1055 καὶτοῦτο
1054 986 1225 1073 σημανέω·
1251 979 1313 1072 τὴν
1326 979 1390 1070 γάρ

253 1102 286 1181 ἐξ
303 1094 443 1184 Ἐφέσου
457 1098 490 1174 ές
504 1092 632 1180 Σάρδις
653 1089 734 1160 ὁδὸν
758 1097 812 1160 δεῖ
823 1097 1109 1178 προσλογίσασθαι
1130 1086 1242 1174 ταύτη.
1279 1087 1335 1156 καὶ
1349 1083 1392 1173 δὴ

254 1203 340 1287 λέγω
355 1204 510 1276 σταδίους
525 1195 611 1264 εἶναι
630 1192 707 1274 τοῦς
721 1193 848 1273 πάντας
862 1190 928 1261 άπὸ
941 1190 1112 1280 θαλάσσης
1127 1196 1183 1280 τῆς
1199 1186 1392 1278 Ἑλληνικῆς

253 1308 349 1392 μέχρι
362 1301 523 1386 Σούσων,
542 1302 640 1367 τοῦτο
655 1297 718 1386 γὰρ
732 1295 930 1387 Μεμνόυιον
945 1293 1028 1365 dioro
1042 1299 1212 1374 καλέεται,
1236 1292 1391 1381 τεσσερά·

254 1433 356 1476 ποντα
373 1407 429 1474 καὶ
449 1410 729 1491 τετρακισχιλίους
749 1403 806 1470 καλ
825 1408 980 1488 μυρίους·
1009 1405 1044 1469 oi
1060 1397 1124 1487 γάρ
1145 1401 1178 1482 ἐξ
1199 1394 1339 1485 Ἑφέσου
1361 1401 1394 1475 ές

255 1508 382 1595 Σάρδις
404 1508 467 1577 εἰσὶ
488 1503 728 1592 τεσσεράκοντα
748 1506 804 1574 καλ
825 1502 1036 1574 πεντακόσιοι
1056 1502 1200 1571 στάδιοι·
1228 1503 1284 1570 καὶ
1305 1498 1393 1570 οὕτω

256 1614 344 1700 τρισὶ
358 1608 497 1701 ἡμέρῃσι
512 1607 692 1698 μηκύνεται
707 1603 727 1695 ἡ
741 1616 898 1696 τρίμηνος
913 1603 998 1686 ὁδός.

210 1722 251 1784 55
334 1712 614 1802 Ἀπελαυνόμενος
636 1712 672 1781 δὲ
693 1707 958 1799 δἈρισταγόρης
982 1713 1018 1779 ἐκ
1039 1714 1094 1796 τῆς
1109 1707 1267 1798 Σπάρτης
1289 1703 1340 1795 lite
1362 1709 1395 1786 ές

258 1816 317 1900 τάς
332 1816 491 1906 Ἀθήνας,
514 1818 696 1904 γενομένας
709 1814 887 1902 τυράννων
902 1805 967 1883 ῶδε
982 1815 1172 1902 ἐλευθέρας.

292 2013 339 2073 ἐπ’
362 2016 449 2090 ἡμέρη
464 2012 566 2087 έιιάστη
580 2017 730 2085 διεξιοῦσι]
746 2020 765 2070 i.
776 2037 802 2070 e.
853 2022 892 2073 ΙΙ.
910 2037 973 2086 pag.
993 2019 1072 2084 015),
1089 2021 1168 2070 euius
1186 2020 1270 2071 verba
1288 2020 1398 2084 potiore

256 2094 468 2159 inquiruntur
485 2108 675 2157 ααιαιιραειαραα
694 2093 719 2141 iu
738 2092 803 2141 dieu
853 2091 1019 2142 adscribam:
1044 2090 1202 2152 „Herodoto
1222 2088 1330 2141 de'elare
1353 2089 1398 2140 ue'·
1491 2097 1494 2104 '

258 2163 422 2215 conficiunt:
451 2162 484 2213 de
513 2177 567 2227 qua
590 2160 802 2225 praepositionis
854 2163 974 2212 eessnire
1000 2175 1068 2225 pour
1094 2161 1233 2224 parconrir
1262 2160 1291 2209 la
1320 2165 1399 2209 rente

258 2225 305 2284 int
318 2231 519 2297 significatione
535 2230 629 2281 addito
642 2230 736 2280 dativo
747 2228 803 2280 vid.
854 2229 947 2295 royale
961 2220 1062 2280 &tablis
1075 2236 1152 2279 entre
1164 2230 1264 2280 Sardes
1277 2233 1306 2279 et
1315 2231 1398 2280 Suae:

258 2305 297 2365 11,
314 2301 429 2366 tuelv,
445 2301 492 2352 112
507 2301 599 2364 ibique
612 2304 682 2350 nott.
711 2299 804 2361 Quare
854 2300 985 2351 conluunt
1004 2299 1030 2347 la
1048 2299 1179 2365 longueur
1198 2300 1232 2349 de
1251 2305 1325 2350 cetto
1341 2300 1400 2349 der-

258 2372 332 2422 haud
347 2387 415 2435 opus
428 2386 477 2434 pro
496 2360 543 2419 ἐπ’
557 2370 647 2434 legere
659 2359 711 2430 έν,
731 2367 803 2431 quod
855 2370 931 2420 oilere
947 2371 964 2418 b
982 2368 1076 2428 tutuo
1090 2370 1184 2420 stades
1202 2369 1329 2434 (environ
1347 2369 1399 2419 550

259 2441 365 2506 placuit
382 2440 484 2489 Cobeto
497 2442 576 2490 Varr.
591 2440 681 2489 Lectt.
700 2454 726 2502 p.
740 2439 802 2487 282.
855 2441 941 2490 lienes
960 2438 1109 2503 metriqnes
1131 2456 1166 2490 ou
1187 2441 1266 2502 2300
1286 2440 1400 2490 ΙτὶΙοιῐιὲ-

260 2508 346 2560 Paulo
362 2508 443 2559 aliter
456 2509 479 2571 1,
492 2507 525 2558 32
539 2508 655 2573 legitur:
674 2501 736 2556 τοῦ
751 2496 804 2555 ἐπ’
855 2509 940 2572 tres),
962 2508 981 2558 il
997 2508 1024 2557 le
1037 2508 1089 2559 fait
1104 2508 1225 2559 franchir
1241 2510 1257 2558 ir
1272 2525 1324 2574 peu
1337 2510 1400 2574 pres

261 2571 399 2645 ἡμέρην
417 2570 564 2642 ἔχοντος
575 2578 606 2641 (i.
622 2596 645 2631 e.
656 2576 805 2627 cuiiudiem
856 2596 889 2631 en
902 2579 936 2632 00
951 2577 1029 2641 jours
1049 2595 1084 2630 ou
1102 2580 1216 2630 environ
1235 2581 1303 2630 trois
1319 2580 1399 2642 mois,

261 2651 371 2712 suppetit
389 2647 489 2713 uictus).
506 2677 540 2687 -
559 2648 600 2699 Ad
616 2653 804 2713 argumentum
856 2648 989 2714 puisqu¹il
1007 2654 1115 2711 compte
1138 2650 1189 2700 150
1209 2650 1301 2701 stades
1325 2649 1401 2716 (pris

262 2719 316 2769 loci
336 2718 408 2767 coni.
425 2718 480 2778 IV,
500 2718 563 2781 101,
583 2718 631 2768 ubi
645 2721 756 2767 ducenta
776 2717 805 2766 in
856 2719 890 2770 de
907 2721 920 2765 λ
938 2718 1022 2768 lienes
1041 2717 1201 2783 metriqnes)
1215 2735 1284 2785 pour
1295 2720 1402 2786 cbaque

261 2803 344 2838 unum
357 2787 426 2836 diem
441 2787 701 2837 stadiasnmuntur:
723 2801 804 2853 quam
852 2786 979 2853 journrie.
1015 2789 1082 2839 C'est
1103 2792 1204 2840 l’ollure
1228 2791 1304 2841 d'une
1323 2806 1401 2840 cora·

262 2857 448 2908 diversitatem
459 2872 492 2906 ne
503 2856 617 2914 mireris,
628 2856 804 2920 cogitandum
854 2875 927 2909 eone.
943 2885 977 2894 -
996 2858 1020 2907 Il
1037 2864 1080 2908 est
1097 2858 1167 2908 done
1187 2858 1300 2910 e'vident
1319 2861 1400 2925 qn'en

261 2943 327 2978 sune
345 2927 378 2979 de
391 2925 441 2977 soli
458 2931 539 2991 atque
556 2923 625 2976 coeli
642 2924 805 2975 dirersitute
856 2927 1000 2991 assignant
1018 2929 1086 2977 trois
1105 2930 1174 2978 mois
1189 2945 1225 2979 au
1239 2945 1345 2994 voyage
1367 2929 1400 2980 de

263 2998 381 3048 diversis
395 2998 423 3046 in
438 2996 601 3062 sagionibus,
616 3011 664 3060 per
678 3009 747 3059 ques
760 2995 806 3043 iti·
856 2996 957 3048 Sardes
972 2998 989 3047 u
1004 2998 1087 3057 Suee,
1103 3000 1236 3050 Herodoto
1248 3000 1404 3050 o'entenduit

263 3082 329 3116 uero
341 3065 480 3129 pedestria
493 3066 601 3117 institui
612 3064 715 3125 soient,
729 3063 807 3113 item·
857 3083 904 3132 pue
916 3070 942 3117 lo
954 3068 1054 3116 murelle
1072 3068 1146 3118 d'one
1158 3072 1243 3119 σιτιιὲε
1255 3086 1287 3121 οα
1301 3078 1355 3121 tout
1368 3087 1402 3119 σα

264 3151 316 3200 que
327 3133 393 3184 illud
403 3135 618 3198 respiciendum,
630 3134 700 3200 quod
711 3135 739 3183 in
749 3132 807 3182 lon·
856 3140 915 3200 ptus
927 3138 987 3186 ιλάπ
998 3139 1081 3199 pieton
1095 3144 1122 3190 et
1135 3154 1232 3189 encore
1251 3154 1282 3188 ee
1294 3138 1402 3189 dernier

263 3205 386 3269 gioribus
407 3204 551 3255 itineribus
571 3204 659 3254 minus
681 3203 807 3253 celeriter
857 3208 1023 3256 n’aurait-il
1041 3222 1092 3270 pas
1111 3207 1235 3259 chemine'
1256 3209 1274 3258 b
1298 3208 1325 3258 lo
1343 3225 1402 3258 ma·

263 3275 392 3339 progredi
406 3273 503 3336 licent,
520 3274 680 3338 praesertim
694 3277 750 3321 tam
763 3287 808 3321 ca·
859 3272 934 3323 olere
957 3276 993 3325 dn
1017 3275 1127 3327 iamcux
1148 3277 1328 3343 Phidippidds
1353 3278 1402 3343 (ci.

263 3344 320 3394 lido
336 3343 386 3393 sub
402 3342 493 3400 coelo;
512 3343 583 3392 unde
600 3342 718 3402 iactum,
734 3345 765 3391 ut
779 3342 808 3390 in
858 3343 960 3393 Herod.
981 3345 1036 3405 VI,
1057 3346 1105 3396 105
1123 3347 1215 3412 ibique
1234 3347 1353 3409 nott.).“
1368 3375 1404 3384 —

264 3412 388 3477 longiore
404 3413 503 3463 itinere
523 3410 654 3462 Sardibus
673 3411 744 3461 Susa
765 3410 808 3460 fa·
858 3413 901 3462 De
915 3414 982 3477 ipsis
1000 3414 1092 3463 stadiis
1106 3419 1179 3467 conl.
1196 3417 1403 3481 nou.ad11,u

264 3481 362 3533 ciendo
385 3490 480 3532 centron
502 3483 681 3545 quinquaqinta
699 3483 807 3531 tuntum
859 3486 887 3532 et
904 3483 1012 3533 Leuke:
1038 3485 1154 3536 Journal
1177 3487 1208 3536 oi
1225 3487 1270 3543 tlte
1289 3504 1404 3552 geogra-

264 3551 355 3602 stadio
373 3552 402 3600 in
420 3567 503 3601 unum
524 3551 595 3601 diem
616 3553 807 3615 supputentur,
859 3552 930 3616 pbie.
943 3553 1052 3617 Society
1065 3555 1115 3604 lx.
1129 3572 1155 3619 p.
1170 3556 1198 3606 ll
1215 3572 1289 3622 serp,
1303 3560 1348 3623 qui
1362 3575 1404 3608 re-

265 3636 326 3671 cum
336 3618 408 3669 elias
418 3618 615 3680 ducenlovulpo
626 3620 808 3673 insumantur..
861 3628 905 3672 ete
922 3624 1040 3684 monuit,
1061 3622 1187 3676 hocloco
1203 3642 1256 3675 non
1271 3625 1326 3676 alia
1343 3645 1404 3678 esse

265 3693 325 3752 Quo
342 3694 423 3753 pacto
437 3705 503 3741 enne
515 3687 673 3739 Herodotus
686 3689 721 3738 ab
737 3690 811 3739 omui
860 3690 1039 3756 intelligendu
1052 3695 1144 3744 stadio
1155 3701 1237 3759 atque
1248 3712 1331 3760 supra
1340 3698 1406 3760 11,u

265 3758 408 3809 socordius
420 3766 469 3809 aut
482 3758 666 3823 negligentiae
681 3758 762 3821 culpa
776 3758 811 3807 li·
861 3760 978 3826 aliisque
995 3762 1077 3823 locis,
1100 3780 1169 3828 quae
1187 3765 1269 3830 vulgo
1282 3772 1406 3829 aequant

265 3829 313 3877 ber
333 3828 400 3891 erit,
427 3833 458 3879 nt
478 3834 551 3879 recte
572 3828 702 3880 observat
722 3827 811 3878 Dabl-
861 3836 1006 3881 sexcentos
1020 3833 1102 3896 pedes
1115 3834 1345 3886 Graecos-Ad
1357 3852 1406 3886 vo·

266 3913 358 3947 mann.
374 3897 392 3949 l.
405 3897 424 3951 1,
438 3913 500 3964 pag.
515 3898 558 3949 00.
591 3898 675 3948 addit
688 3898 809 3948 Heerent
861 3917 919 3952 cern
929 3894 1036 3961 άπαρτὶ
1052 3903 1124 3953 conl.
1142 3905 1179 3967 11,
1195 3904 1253 3955 150.

265 3966 357 4018 Ideen.
369 3968 400 4031 1,
413 3970 439 4019 2.
453 3984 517 4034 pag.
530 3970 596 4029 ⁶224,
618 3968 670 4019 hoe
683 3967 810 4018 diurnum

266 4038 400 4104 spatium,
422 4038 493 4104 qnod
514 4037 670 4089 Herodotus
692 4038 810 4104 peregri-

255 4108 394 4160 'nantibus
406 4109 546 4171 attribuit,
564 4108 643 4172 plane
654 4109 725 4160 idem
738 4124 808 4170 esse,

266 4176 339 4243 quod
360 4179 450 4230 adhuc
468 4184 538 4230 teste
558 4181 696 4230 'favernio
718 4180 746 4228 in
764 4178 808 4228 his

265 4247 421 4311 regionibus
436 4250 456 4298 ii
468 4249 601 4300 conficere
617 4248 738 4311 soleant,
759 4248 808 4313 qui

266 4330 322 4365 ona
335 4331 394 4366 cum
410 4317 521 4368 cometis
541 4320 660 4369 omniurn
676 4320 808 4369 mercium

266 4387 807 4450 genereonustishociterlaciant.ldern
1058 4387 1125 4438 Cur.
1145 4388 1201 4439 LV.

266 4455 395 4507 observat
406 4455 675 4522 Tebihatcheff(Asie
685 4458 807 4509 mineure
884 4450 1037 4522 γενομένας
1046 4452 1196 4520 τυράννων
1207 4443 1274 4525 cide]
1287 4459 1404 4510 lineum

1058 4004 1123 4055 Cur.
1140 4006 1212 4058 LIV.

896 4070 1151 4139 προσλογίσασθαι]
1163 4075 1181 4125 i.
1190 4092 1214 4126 e.
1226 4077 1346 4137 adiicere,
1359 4077 1405 4124 nd·

860 4144 931 4202 dere,
940 4158 1050 4193 nurnero
1059 4143 1117 4193 scil.
1128 4145 1221 4209 priori,
1233 4150 1264 4195 ut
1273 4145 1334 4206 VII,
1346 4146 1404 4196 180.

859 4241 893 4250 -
905 4213 947 4264 Ad
960 4214 1044 4263 verba
1057 4211 1205 4279 θαλάσσης
1214 4216 1267 4280 τῆς
1278 4205 1405 4279 Ἑλληνι-

858 4279 911 4348 κῆς
923 4284 995 4334 coni.
1011 4284 1073 4340 VII,
1085 4284 1119 4333 28
1132 4285 1226 4350 ibique
1239 4290 1309 4336 nott.
