3100 5175
301 400 363 466 812
693 402 963 466 EXOURSUS
991 402 1040 462 ΙΙΙ

301 579 389 631 omnis
407 596 460 630 non
478 577 585 643 attinet,
602 578 627 629 si
643 577 750 647 quidem
766 578 801 631 ad
819 578 952 631 Herodoti
974 576 1046 629 huuc
1065 575 1152 628 locum
1174 573 1368 645 explicandum
1389 574 1433 626 sut

300 664 492 716 illustrandum
507 664 596 717 minus
612 663 640 715 id
655 665 795 732 pertinere
811 663 938 729 ridetur3
953 662 982 714 id
996 680 1063 715 raro
1083 661 1145 713 iure
1165 679 1225 713 meo
1243 660 1308 713 mibi
1323 668 1432 711 conten·
1468 656 1470 659 ’

300 750 366 802 dere
381 766 465 819 posse
479 749 589 816 videor,
603 748 774 801 Herodotum
794 750 864 800 hanc
878 765 970 816 pacem
990 747 1049 799 sire
1064 764 1136 799 anno
1151 750 1204 801 449
1219 747 1280 799 sire
1296 763 1370 797 anno
1386 748 1434 797 stt

300 842 365 887 snte
381 834 446 886 Chr.
462 852 490 886 n.
505 835 618 899 lactum,
633 841 665 886 ut
679 834 908 902 supradiximus,
931 849 1048 902 prorsus
1064 832 1227 900 ignorasse:
1243 848 1327 901 quam
1343 848 1433 899 pace·

228 946 240 973 ο
301 920 326 971 si
341 937 439 972 revera
453 920 649 972 ratamlsotam
662 937 695 971 ao
709 921 840 971 sancitam
861 936 923 971 esse
944 924 1085 987 putamus,
1106 916 1202 970 mirum
1225 918 1341 986 ntique,
1363 915 1433 985 quod

302 1005 385 1057 huius
412 1004 632 1073 ipsiusGraecis
651 1011 704 1057 tam
728 1004 896 1057 honorificae
917 1003 1113 1071 nevestigium
1138 1003 1248 1072 quidem
1275 1002 1351 1072 apud
1377 1018 1433 1053 eun

301 1090 461 1159 scriptorem
480 1090 627 1158 reperitur,
644 1089 693 1158 qui
705 1090 874 1141 Graecorum
888 1106 933 1141 res
954 1087 1132 1140 illustrandas
1154 1088 1346 1158 victoriasque
1367 1086 1434 1138 cele·

301 1174 421 1227 brandea
437 1174 660 1244 sibisumpaerst,
675 1175 714 1226 ita
729 1174 810 1227 utvel
820 1192 861 1243 ea,
878 1173 998 1244 quaehis
1010 1173 1101 1242 aliquo
1115 1174 1194 1225 modo
1209 1173 1433 1241 contrarispost-

301 1262 351 1313 bac
366 1260 540 1328 acciderunt,
561 1260 630 1312 mala
652 1260 713 1312 ‹lioo
739 1266 767 1311 et
790 1260 957 1311 calamitates
981 1258 1044 1311 belli
1059 1258 1306 1328 Peloponnesiaci,
1324 1257 1433 1309 silentio

297 1352 422 1417 ‘premere
437 1344 528 1397 mallet
543 1362 623 1414 quam
634 1345 678 1398 vel
695 1344 785 1396 oblata
797 1345 940 1397 occasione
956 1361 1093 1414 exponere
1104 1342 1142 1419 *).
1174 1344 1233 1396 Nec
1248 1344 1338 1409 magis
1354 1343 1434 1394 huius

301 1431 377 1501 pacis
393 1430 533 1482 Cimoniae
557 1430 703 1499 vestigium
724 1430 840 1499 reperiri
857 1437 923 1500 puto
939 1429 966 1481 in
986 1429 1030 1496 iis,
1048 1447 1119 1499 quae
1138 1428 1271 1497 leguntur
1288 1428 1356 1494 Vll,
1376 1431 1433 1491 151,

301 1517 348 1569 ubi
363 1516 469 1568 Noster
479 1515 569 1567 obiter
581 1516 667 1583 magis
683 1524 711 1568 et
725 1516 870 1567 occasione
884 1515 999 1584 quadam
1011 1513 1091 1567 alluta
1104 1532 1184 1585 quam
1198 1513 1329 1566 consulto
1341 1513 1433 1575 tradit,

301 1602 373 1654 Susa
384 1600 541 1653 Memnonia
556 1600 641 1669 (circa
656 1617 756 1653 annum
767 1604 818 1653 425
830 1607 894 1652 ante
906 1600 973 1653 Chr.
982 1619 1010 1652 n.
1020 1594 1066 1665 **)
1082 1600 1193 1652 uenisse
1207 1599 1434 1651 Antheniensiu·

301 1687 407 1753 legatos
422 1687 545 1755 Καλλίην
555 1704 585 1740 τε
598 1679 649 1740 τὸν
661 1678 823 1741 Ἰππονίκου
836 1682 885 1738 καλ
897 1679 964 1747 τοὺς
974 1679 1042 1755 μετὰ
1056 1680 1156 1739 roo'too
1169 1679 1348 1755 &asponam
1362 1684 1434 1735 hunc

302 1771 370 1823 enim
390 1774 502 1824 Calliam
522 1771 672 1841 Hipponici
687 1768 841 1836 filiun***)
865 1788 927 1822 esse
947 1771 1042 1823 volunt
1067 1769 1182 1823 eundem
1201 1778 1295 1839 *atque
1321 1771 1433 1823 Collinas

301 1855 389 1924 illum,
414 1875 493 1925 quem
517 1857 592 1925 pacis
608 1856 748 1908 Cimoniue
766 1862 903 1908 auctorem
925 1856 1083 1923 significant
1099 1855 1239 1908 Diodorus
1264 1854 1282 1906 1.
1301 1872 1389 1924 snpra
1406 1854 1433 1919 l.,

301 1941 498 1993 Demosthenes
509 1941 549 1993 De
559 1939 628 1993 falsa
640 1941 721 2010 legat.
737 1946 763 2008 ς.
776 1943 837 2000 273.
846 1959 873 2010 p.
886 1943 938 1994 4⁸28
948 1940 1092 2009 Reislr.†),
1105 1939 1259 2015 Pausanias
1272 1940 1295 2009 Ι,
1307 1943 1335 2006 8,
1348 1941 1432 2005 211).

300 2025 354 2079 Sed
362 2026 438 2078 addit
445 2025 603 2083 Herodotus
614 2025 840 2095 idqueoonsulto,
858 2032 889 2078 ut
899 2026 1018 2092 videtur,
1035 2025 1141 2093 legatos
1153 2024 1215 2078 illos
1223 2025 1432 2078 Atheniensium

300 2110 372 2163 Susa
391 2112 500 2164 venisse
517 2117 709 2164 transacturos
725 2128 784 2164 cum
799 2110 944 2163 Persarum
961 2129 1028 2179 rege
1045 2105 1139 2179 ἑτέρον
1152 2106 1313 2181 πρήγματος
1331 2111 1432 2181 εἵνεκα,

299 2195 318 2247 i.
335 2213 359 2247 e.
380 2198 449 2250 oliuo
464 2199 600 2250 cuiusdam
619 2198 658 2250 rei
670 2216 764 2251 euuso:
779 2196 851 2250 unde
865 2197 935 2249 satis
951 2197 1050 2266 opinor
1065 2196 1238 2249 manifestum
1253 2197 1300 2263 lit,
1318 2196 1352 2248 de
1367 2214 1431 2266 pace

299 2280 420 2333 ineunda
432 2280 494 2333 illos
504 2281 611 2333 minime
624 2283 814 2350 transegisse3
829 2298 861 2334 se
874 2283 944 2334 satis
954 2281 1053 2335 multas
1065 2281 1133 2335 sliss
1147 2298 1246 2335 caussa
1257 2283 1429 2345 interfuisse,

191 2380 200 2393 ‘
300 2372 413 2435 propter
441 2382 510 2436 quas
540 2366 746 2420 Atheniensium
772 2367 855 2435 legati
875 2366 948 2420 Susa
977 2367 1165 2433 mitterentur,
1197 2368 1320 2419 ostendit
1351 2366 1429 2419 Dabl-

300 2451 504 2517 maunusffl),
521 2467 637 2521 quocum
653 2451 701 2503 bac
713 2453 741 2505 in
759 2470 789 2504 re
805 2451 887 2521 plane
901 2453 1055 2505 laciendum
1067 2471 1131 2505 esse
1144 2466 1222 2522 puto.

384 2536 437 2589 His
451 2536 538 2604 igitur
552 2537 621 2589 sutis
638 2538 772 2607 probasse
793 2536 856 2591 mihi
876 2538 986 2606 videor,
1001 2537 1171 2591 Herodotum
1187 2536 1338 2591 Cimoniam
1353 2555 1429 2609 quan

299 2621 396 2674 dicunt
423 2638 516 2689 paoem
541 2639 657 2690 prorsus
685 2624 842 2692 ignorasse.
885 2623 964 2687 Quae
991 2625 1044 2676 alia
1066 2626 1094 2676 in
1117 2624 1232 2677 medium
1250 2625 1430 2693 proteruntur

299 2713 474 2775 argumenta,
495 2709 598 2778 quibus
616 2707 685 2760 hanc
699 2726 792 2779 paoem
816 2709 890 2762 tueri
905 2711 1033 2775 student,
1059 2725 1091 2762 es
1116 2710 1149 2762 sd
1174 2709 1346 2762 Herodotum
1371 2727 1428 2762 cun

297 2792 405 2845 minime
415 2800 550 2862 spectent,
566 2793 692 2863 pluribus
705 2795 731 2847 Ιι.
746 2794 764 2848 l.
779 2796 911 2865 persequi
926 2795 998 2847 haud
1010 2801 1101 2848 vacat:
1117 2795 1241 2866 equidem
1253 2813 1319 2847 vero
1332 2795 1428 2848 nnllam

299 2893 419 2947 unquam
437 2895 529 2948 pacem
551 2880 624 2931 inter
641 2881 764 2933 Graecos
790 2886 818 2932 et
836 2880 937 2933 Persas
955 2883 1054 2933 tactam
1070 2899 1132 2933 esse
1149 2880 1283 2946 existimo,
1299 2899 1392 2950 pacem
1405 2882 1427 2932 si

298 2963 431 3032 intelligis
463 2965 517 3017 rite
545 2964 654 3030 initam,
676 2966 710 3017 ab
737 2971 854 3035 utraque
879 2972 957 3034 parte
986 2972 1071 3019 ratam
1099 2967 1217 3018 habitam
1243 2983 1274 3017 ac
1300 2967 1427 3019 sancitam

300 3047 411 3101 solemni
437 3066 526 3116 more,
549 3067 603 3118 quo
631 3049 658 3102 id
684 3050 839 3120 antiquitus
862 3051 922 3103 heri
944 3051 1064 3104 solebat:
1087 3051 1146 3104 lieri
1176 3052 1272 3122 utique
1294 3053 1428 3121 potuitse

301 3197 343 3204 nm*

299 3291 332 3342 de
344 3308 412 3357 pace
424 3293 550 3345 Cimonis
562 3294 724 3361 (Vratislsv.
739 3294 828 3359 1833),
837 3295 960 3359 inprimis
972 3311 1034 3360 pag.
1052 3295 1233 3360 lilseqq.‚qui
1242 3294 1427 3345 dubitationes

299 3362 332 3411 de
347 3362 398 3413 heo
410 3379 477 3428 pace
493 3370 582 3414 motas
596 3363 678 3414 laoila
690 3363 759 3415 solvi
768 3380 848 3430 posse
861 3369 937 3415 ratus
949 3365 991 3430 (p.
1005 3365 1045 3426 4.)
1057 3380 1116 3416 sum
1130 3366 1157 3414 iu
1170 3364 1277 3415 modum
1288 3364 1427 3427 disseruit,

298 3437 330 3482 ut
343 3434 447 3483 trustra
457 3435 484 3483 in
496 3433 548 3485 bso
560 3450 628 3499 pace
642 3435 808 3485 stabilienda
817 3434 975 3486 elaborasse
984 3436 1064 3486 nobis
1073 3436 1211 3486 videstur:
1224 3451 1311 3501 neque
1321 3435 1427 3487 meliore

298 3518 428 3554 successu
440 3504 510 3554 idem
523 3503 623 3556 fecisse
638 3509 764 3569 putemus
779 3505 877 3555 Gruter
900 3506 1015 3569 History
1038 3505 1068 3556 of
1080 3506 1182 3556 Greece
1197 3506 1228 3556 V.
1243 3523 1270 3571 p.
1286 3507 1339 3556 452
1352 3522 1425 3571 seqq.

298 3572 418 3633 (Grote's
432 3573 539 3625 Grieeb.
560 3573 710 3639 Mytholog‚
728 3591 755 3627 u.
772 3575 921 3639 Antiquitt.
942 3591 997 3626 von
1016 3575 1130 3626 Fischer
1143 3576 1194 3626 llI.
1215 3591 1241 3640 p.
1264 3575 1326 3627 602.
1346 3575 1425 3641 seq),

298 3641 363 3693 licet
379 3643 466 3710 hnglo
480 3645 560 3695 docto
576 3645 634 3694 rivo
648 3647 754 3694 assensi
770 3646 827 3695 sint
840 3646 1037 3710 quodammodo
1052 3645 1082 3694 C.
1096 3646 1141 3696 Fr.
1151 3646 1305 3696 Hermsun:
1321 3646 1425 3697 Griech.

298 3713 506 3768 Stsstsalterth.
528 3718 551 3778 ς.
567 3714 609 3764 38.
629 3719 687 3764 not.
702 3717 727 3765 4.
743 3715 787 3766 ed.
809 3720 898 3780 quart.
917 3720 944 3767 et
957 3715 1037 3767 Emil.
1055 3715 1171 3767 Mueller
1183 3718 1224 3767 in:
1244 3716 1340 3767 Rhein.
1359 3718 1426 3768 Mus.

298 3783 331 3832 N.
349 3784 382 3836 F.
397 3784 470 3836 xlv,
484 3799 546 3849 pag.
563 3785 621 3834 lul.
635 3800 692 3849 seq.

367 3852 396 3910 *1
411 3853 491 3904 Conf.
505 3853 637 3907 Herodot.
653 3854 744 3910 V1,98
759 3854 852 3920 ibique
867 3859 937 3905 nott.
952 3861 979 3906 et
993 3858 1024 3918 V,
1038 3855 1071 3907 76
1089 3855 1182 3921 ibique
1202 3859 1271 3905 nott.

367 3922 411 3982 ”l
426 3924 489 3974 Vid.
504 3930 572 3975 nott.
587 3923 622 3973 sd
637 3924 771 3979 Herodot.
787 3925 849 3987 Vll,
865 3926 922 3976 151.

368 3992 430 4058 ***)
447 3994 487 4044 De
499 3993 551 4045 hoe
565 3993 646 4046 Callia
659 3994 715 4044 dixi
728 3997 756 4045 iu
773 3999 842 4048 nott.
859 3995 894 4045 sd
906 3993 1038 4045 Herodot.
1051 3995 1115 4057 Vll,
1134 3995 1192 4044 lbi.

369 4062 399 4129 †)
414 4062 570 4113 Καλλίαν
582 4055 644 4113 τὸν
653 4057 822 4115 Ἱππονίκου
836 4060 942 4130 ταύτην
957 4058 1011 4130 τὴν
1024 4055 1082 4114 ὑπὸ
1097 4058 1214 4114 πάντων
1226 4061 1427 4130 θρυλουμένην

298 4125 417 4199 εἰρήνην
429 4127 642 4198 πρεσβεύσαντα
654 4150 679 4184 ιι.
693 4150 717 4186 τ.
732 4134 756 4185 λ.

310 4197 312 4201 ’
368 4205 418 4268 11)
435 4199 490 4253 Kul
499 4203 668 4267 Καλλίας,
681 4193 713 4262 ὃς
723 4199 796 4268 πρὸς
806 4197 986 4269 Ἀρταξέρξην
995 4197 1046 4254 τὸν
1055 4199 1166 4268 Ξέρξου
1175 4191 1381 4268 οοῖςἘλληοιν,
1391 4195 1427 4261 ὥς

293 4263 454 4337 Ἀθηναίων
483 4266 514 4324 ol
534 4270 635 4324 πολλοὶ
657 4272 800 4339 λέγουσιν,
824 4268 927 4337 ἔπραξε
951 4267 1005 4340 τὴν
1028 4266 1156 4340 sturiam.
1190 4274 1259 4324 aad.
1282 4274 1374 4326 Schol.
1400 4277 1426 4324 in

298 4343 411 4394 Aristid.
429 4343 547 4395 Pausth.
559 4360 623 4410 pag.
636 4344 670 4394 73
688 4345 731 4396 ed.
747 4345 893 4397 Frommel.

368 4413 438 4479 111)
453 4413 471 4463 l.
488 4429 572 4479 suprs
582 4413 600 4465 1.
618 4431 680 4479 pag.
702 4416 718 4466 5
734 4431 810 4480 seqq.
829 4415 898 4466 Add.
917 4416 1050 4480 Kruegar.
1073 4413 1091 4465 l.
1105 4413 1125 4467 l.
1151 4419 1226 4464 recte
1243 4412 1425 4479 disputsnten

299 4487 395 4533 contre
408 4497 451 4546 aa,
466 4499 536 4549 quse
548 4499 565 4534 a
577 4483 733 4537 Kleinerto:
747 4485 780 4552 (l.
792 4484 810 4536 l.
823 4486 861 4536 ΙΙ.
877 4502 903 4552 p.
916 4484 991 4549 200.)
1006 4483 1114 4552 prolata
1132 4489 1219 4536 erant.
