3100 5175
557 341 737 404 ERATO.
760 343 816 404 VI.
842 355 898 408 115.
921 354 981 410 116.

1276 345 1336 408 391

201 523 441 608 ἐπινοηθῆναι·
471 517 609 599 τούτους
624 516 687 608 γὰρ
702 521 933 606 συνθεμένους
952 534 1037 589 τοῖσι
1051 522 1200 610 Πέρσησι
1215 521 1336 594 ἄναθί·

200 630 252 708 ξαι
273 622 417 706 ἀσπίδα,
441 625 532 692 ἐοῦσι
553 622 618 712 ἤδη
641 627 679 692 ἐν
698 627 774 712 τῇσι
795 629 906 710 νηυσί.
952 613 1055 693 Οὗτοι
1077 625 1140 713 μὲν
1160 627 1201 715 δὴ
1223 629 1406 716 nepae-tlh

200 738 316 799 πλωον
328 725 489 795 Σούνιον.
528 723 702 816 Ἀθηναῖοι
724 728 762 796 ol
783 722 828 807 eie
849 731 965 797 ποδοῖν
986 726 1076 816 εἶχον
1089 729 1225 816 τάχιστα
1240 731 1336 821 ἐβοή·

198 843 285 901 θεον
299 834 332 914 ἐς
347 828 385 900 τὸ
399 827 500 915 ἄστυ,
522 833 579 900 καὶ
600 829 755 920 ἔφθησάν
769 859 806 899 τε
822 827 1019 919 ἀπικόμενοι
1034 833 1114 920 πρὶν
1128 826 1148 921 ἢ
1162 832 1239 914 τούς
1251 843 1335 923 βαρ-

199 935 327 1024 βάρους
339 930 455 1023 ᾔκειν,
469 936 525 1005 καὶ
539 931 886 1021 ἐστρατοπεδεύσαντο
904 930 1081 1024 ἀπιγμένοι
1096 938 1129 1018 ἐξ
1138 933 1337 1025 Ἡρακλείου

198 1045 258 1109 τοῦ
273 1042 309 1108 ἐν
326 1043 522 1128 Μαραθῶνι
537 1041 574 1106 ἐν
589 1036 678 1131 ἄλλῳ
691 1035 875 1131 Ἡρακλείῳ
889 1043 937 1130 τῷ
952 1041 988 1107 ἐν
1005 1038 1227 1127 Κυνοσάργεϊ.
1252 1048 1287 1110 ot
1298 1043 1334 1111 ol

198 1143 364 1232 βάρβαροι
380 1146 455 1231 τῇσι
470 1144 569 1230 νηυσὶ
584 1138 899 1232 ὑπεραιωρηθέντες
913 1140 1089 1230 Φαλήρου,
1102 1148 1200 1213 τοῦτο
1215 1144 1279 1234 γὰρ
1294 1139 1338 1235 ἦν

196 1326 319 1362 normam
335 1277 428 1361 ordine
441 1325 490 1362 suo
504 1308 550 1360 hic
563 1309 646 1360 verba
658 1309 741 1390 eollo-

196 1383 254 1432 cari
274 1385 435 1462 potuerant:
459 1372 536 1442 αἰτίη
555 1373 587 1428 ot
610 1372 671 1458 ἔσχε
691 1395 741 1428 αο-

196 1444 263 1508 τούς
287 1441 340 1515 (ἐν)
369 1442 547 1513 Ἀθηναίοισι
568 1445 656 1498 ταῦτα
683 1440 740 1498 ἐπι-

197 1518 363 1585 νοηθῆναι,
391 1519 465 1570 istud
485 1519 655 1584 excogitasse
680 1535 740 1585 per

194 1590 361 1641 hibebautur
382 1588 470 1669 apud
496 1588 675 1640 Athenienses
708 1582 737 1649 ἐξ

191 1650 429 1723 Ἀλκμαιωνιδέοιν
443 1659 581 1723 μηχανῆς.
597 1658 737 1709 Plutarchi

195 1737 288 1781 tamen
308 1728 468 1788 lectionem,
489 1730 513 1779 si
533 1728 640 1778 codices
658 1744 737 1793 prae·

193 1801 299 1863 herent,
307 1798 473 1863 reciperem.
477 1799 525 1849 V
530 1801 564 1848 al
570 1798 658 1847 elren.
673 1797 737 1848 Val-

194 1870 324 1920 ckenario
360 1869 516 1934 obloquitur
545 1867 664 1918 Karsten
694 1868 735 1916 iu.

195 1941 357 1992 Commentt.
378 1939 415 1988 ad
431 1938 519 1989 Aesch
540 1936 559 1984 li
577 1938 734 2001 Agamemn.

193 2026 257 2075 pag.
273 2009 331 2071 146,
347 2023 407 2058 cum
418 2002 495 2088 αἰτίη
508 1955 734 2070 l'lxshaudieleru

193 2082 230 2131 sit
242 2084 326 2143 atque
325 2047 474 2143 αἰτιάην,
488 2082 570 2141 atque
580 2077 735 2128 Herodotus

194 2150 220 2200 id
235 2150 328 2213 potius
345 2148 434 2198 dicere
447 2146 578 2197 voluerit:
602 2161 736 2210 „·accusa

193 2220 267 2270 tios.
282 2220 356 2268 fama
371 2217 579 2277 criminabatur,
593 2216 735 2267 Alcmaeo-

193 2290 317 2340 uidarnm
328 2287 390 2337 dolo
402 2303 448 2338 eos
461 2283 595 2368 (Persas)
597 2287 647 2337 hoc
660 2285 737 2336 moli-

192 2365 234 2410 tos
249 2374 324 2409 esse:
344 2372 377 2408 ac
390 2361 499 2436 spectat
510 2345 615 2437 αὐτοὺς
624 2357 659 2406 ad
669 2358 733 2406 Per·

192 2446 236 2480 sas
252 2444 338 2494 aeque
352 2431 434 2492 atque
445 2417 564 2482 τούτους
576 2426 602 2474 iu
618 2442 732 2490 sequen-

193 2499 264 2550 tibus
288 2499 324 2548 ad
349 2495 569 2549 Alcmaeouidas
607 2496 732 2548 Reeeutt

192 2569 250 2622 edd.
267 2583 359 2620 omues
381 2569 409 2619 in
425 2566 538 2630 vulgate
555 2563 671 2617 lectione
687 2582 733 2616 ac-

192 2642 368 2706 quieverunt,
390 2654 444 2704 qua
461 2636 558 2688 relicta
580 2652 649 2687 unus
665 2638 732 2686 Lar·

191 2707 436 2760 ehernsPlntarehi
447 2707 567 2771 praefert
576 2705 729 2757 lectionem.

189 2783 285 2845 Neque
303 2794 369 2829 vero
388 2778 453 2827 mihi
465 2776 641 2827 sollicitanda
654 2775 730 2826 vide-

191 2857 235 2899 tur
253 2848 381 2913 vulgata,
404 2849 482 2898 cuius
498 2844 560 2896 loeo
580 2846 607 2895 in
620 2845 731 2895 Floren-

191 2921 263 2979 tino,
288 2917 426 2979 blestinen,
455 2916 519 2967 aliis
543 2908 666 2978 αἰτίην
694 2910 730 2962 δὲ

189 2983 303 3054 ἔσχεν.
322 3014 356 3024 -
379 2986 421 3037 Ad
446 2975 639 3047 ἐπινοηθῆναι
657 2985 728 3035 coni.

190 3060 248 3120 ΙΙΙ,
265 3060 324 3110 111.
354 3056 563 3107 Alcmaeouidas
583 3056 653 3105 enim
669 3069 730 3104 nar·

189 3135 232 3179 rat
244 3127 400 3179 Herodotus
417 3142 450 3176 ex
464 3124 615 3189 composito
629 3124 729 3184 Persis,

189 3214 249 3249 curu
262 3199 355 3249 iamin
365 3197 482 3247 navibus
494 3199 597 3256 essent,
613 3192 729 3275 clipeum

190 3268 333 3334 (tauquam
344 3264 462 3332 signum)
476 3232 629 3314 sustulisse.
646 3264 717 3313 hc
694 3279 730 3313 ιι

123 3336 128 3346 ’
190 3340 244 3388 mili
267 3337 346 3388 modo
368 3335 482 3398 clipeum
513 3349 619 3398 pugnae
645 3332 729 3382 luisse

189 3410 294 3473 signum
309 3404 516 3457 traditDiodor.
527 3404 586 3459 XX.
599 3403 641 3452 51.
660 3402 729 3451 add

187 3478 324 3530 Plutarch.
332 3479 374 3541 Ly
375 3475 467 3525 saurir
480 3489 541 3538 cap.
556 3474 583 3522 ll
597 3472 657 3522 init
679 3472 729 3521 Mi·

188 3553 263 3599 ratur
288 3547 318 3597 C.
340 3495 374 3596 Oy
391 3543 513 3594 Mueller
537 3540 591 3605 (Dc
612 3541 727 3591 Minerv.

190 3617 294 3669 Poliad
304 3632 365 3682 pag.
380 3615 425 3676 lh,
438 3614 487 3664 ubi
499 3613 532 3664 de
543 3612 714 3662 Minervae
693 3626 729 3661 sr-

186 3703 239 3754 guo
258 3685 407 3750 disputat
399 3700 426 3733 ru
443 3698 506 3734 arce
527 3683 566 3731 ite
582 3679 726 3743 collocato,

188 3763 218 3808 nt
231 3757 347 3808 cassidis
361 3759 389 3805 et
405 3753 503 3804 hastas
517 3752 609 3816 cuspis
625 3752 678 3800 iarn
693 3718 727 3800 all

189 3829 223 3879 iis
238 3825 453 3891 conspiceretur,
475 3824 520 3888 qui
535 3822 656 3872 Samium
675 3822 727 3871 cir-

188 3898 412 3981 eumn-avigarent
423 3890 656 3957 promontorium),
667 3905 726 3940 scu·

186 3974 242 4018 tum
263 3968 291 4016 in
306 3963 427 4029 acropoli
446 3960 583 4012 sublatum
597 3977 614 4010 a
625 3960 726 4018 Persis,

186 4054 246 4088 cum
256 4036 418 4086 Marathone
431 4032 592 4088 solvissent,
605 4028 726 4092 conspici

188 4107 319 4172 potuisse.
348 4102 506 4169 Equidem‘
499 4117 526 4150 ru
539 4097 641 4149 talibus
659 4098 727 4147 indi·

188 4192 250 4228 care
264 4176 356 4237 nolim,
370 4173 435 4238 quid
446 4171 554 4222 omnino
566 4168 622 4218 lieri
633 4171 727 4232 potue·

187 4248 222 4297 rit
233 4247 344 4311 fierique
356 4242 478 4309 potuisse
493 4237 633 4305 probabile
647 4237 693 4289 sit

364 4347 429 4397 Car.
450 4345 546 4396 CXVI.

221 4408 260 4474 ric
278 4413 379 4466 ποδῶν
403 4408 493 4483 εἶχον]
512 4410 586 4464 Male
604 4407 667 4462 olim
687 4404 724 4458 εἴ·

793 1322 893 1372 poeto,
921 1307 994 1373 quod
1012 1307 1111 1360 dudum
1134 1313 1254 1362 correxit
1272 1314 1336 1364 Vel·

791 1379 870 1430 eheu.
896 1378 998 1430 Sensus
1008 1380 1078 1430 enim
1090 1384 1145 1431 est·
1166 1390 1280 1446 ηνακιντιι
1290 1399 1335 1446 pe-

792 1448 864 1499 dibus
879 1449 1008 1516 valebant
1027 1455 1058 1498 ut
1076 1451 1333 1518 IX,5scolt.vl1‚

795 1517 843 1566 188
857 1523 884 1567 et
899 1518 982 1580 Vlll
998 1517 1057 1571 101.
1077 1486 1173 1584 Thucy
1175 1521 1200 1570 d
1215 1523 1268 1583 Vl,
1288 1523 1332 1575 91

791 1587 1212 1651 vl1,·2,s1iaqueevncken
1227 1558 1330 1642 α11ιι111.

788 1655 851 1707 vid.
865 1656 992 1707 Knehner
1001 1655 1047 1708 Gr
1061 1658 1107 1706 Gr
1119 1661 1145 1720 ξ.
1155 1659 1215 1721 537
1225 1661 1250 1709 d
1276 1664 1331 1712 Vo-

788 1741 845 1776 cem
866 1717 996 1789 τάχιστα,
1021 1742 1088 1791 quae
1102 1728 1283 1780 Valckenario
1303 1737 1330 1781 et

786 1795 934 1846 Mehlero
927 1812 954 1845 ιιι
971 1797 1140 1860 Mnemosyu
1153 1800 1185 1848 V.
1204 1815 1230 1862 p.
1244 1799 1279 1851 66
1296 1817 1329 1851 ex

787 1867 1045 1930 interpretamento'
1037 1882 1066 1916 m
1075 1868 1194 1917 textum
1188 1870 1329 1931 irrepsisse

786 1934 1329 2003 vidsbntnr‚beuetueturSehweighaeu·

786 2020 878 2066 serus,
896 2021 946 2055 nec
960 2020 1025 2056 saue
1037 2006 1149 2057 insolita
1163 2009 1234 2072 apud
1244 2009 1329 2059 Hero-

785 2075 878 2125 dotum
893 2074 961 2125 haec
972 2075 1104 2126 orationis
1117 2077 1280 2128 verbositas.
1293 2105 1328 2116 -

785 2143 828 2194 Ad
847 2143 900 2193 loci
919 2151 1104 2208 argumentum
1119 2147 1188 2197 facit
1202 2148 1325 2199 Frontin.

785 2213 905 2279 Strateg.
921 2215 969 2278 IV,
983 2215 1007 2265 1.
1022 2218 1047 2277 §-
1062 2217 1103 2264 43.
1272 2211 1287 2258 1

821 2293 955 2365 ἔφθησάν
974 2314 1003 2349 τε
1021 2292 1191 2364 ἀπικόμενοι
1209 2294 1323 2367 repleri]

785 2370 864 2421 Conf.
883 2375 953 2421 nott.
976 2370 1011 2420 nd
1027 2371 1080 2429 VI,
1095 2370 1158 2432 108,
1178 2371 1224 2420 ubi
1242 2373 1326 2422 etiam

785 2440 817 2490 sle
835 2441 962 2492 Herculis
982 2439 1046 2490 fano
1065 2439 1248 2492 Marathonio.
1284 2444 1326 2491 De

783 2509 910 2561 Herculis
930 2511 1030 2574 templo
1050 2511 1078 2560 iu
1095 2511 1251 2576 Cynosarge
1268 2512 1324 2562 vid.

784 2585 853 2633 nott.
869 2581 904 2631 ad
916 2581 948 2639 V,
961 2580 995 2629 63
1008 2585 1035 2630 et
1050 2579 1083 2630 (le
1096 2586 1212 2643 utroque
1224 2582 1324 2645 templo

783 2651 855 2700 conf.
877 2666 982 2714 quoque
1005 2649 1091 2699 allata
1115 2665 1131 2699 a
1156 2649 1185 2699 C.
1204 2651 1235 2699 F
1255 2652 1326 2700 Her-

783 2734 894 2769 manno:
906 2718 1112 2769 Gottesdieustl.
1121 2719 1235 2768 Alterth.
1248 2721 1322 2782 §.62

783 2794 839 2838 not
847 2791 889 2840 22.
897 2789 939 2839 23
947 2790 989 2838 11.
1005 2788 1142 2845 ΡιοιιιΙα
1150 2782 1324 2852 Hporatrplov

782 2865 809 2907 et
820 2850 979 2924 Ηρακληιςο
994 2856 1104 2907 exhibui
1111 2850 1279 2916 Ηρακλείου
1296 2863 1324 2908 et

775 2922 947 2992 Ἡρακλείῳ,
966 2931 1077 2981 secutus
1092 2927 1207 2980 Bredov
1223 2943 1250 2991 p.
1264 2928 1324 2990 181,

781 3013 842 3047 cum
860 3012 912 3061 quo
931 2997 1025 3045 eodem
1044 3011 1070 3060 p.
1084 2996 1132 3045 ‘261
1152 2996 1234 3060 paulo
1255 2998 1325 3046 infe-

779 3068 837 3117 rius
852 3083 865 3117 e
878 3066 1039 3115 Florentino
1055 3069 1082 3115 et
1098 3065 1237 3115 Sanerot'ti
1254 3067 1323 3119 libro

782 3138 907 3187 revocavi
922 3130 987 3192 νίας
1003 3134 1138 3199 provulg.
1154 3133 1234 3199 νῆας.
1259 3137 1324 3186 Pari

783 3205 876 3267 modo,
892 3220 945 3270 quo
955 3204 1151 3265 Athenienses,
1164 3204 1248 3256 multo
1260 3212 1323 3270 post

782 3274 813 3338 (i.
828 3291 851 3328 e.
865 3291 937 3325 anno
948 3275 1000 3326 202
1012 3281 1077 3325 ante
1091 3274 1154 3323 Chr.
1167 3274 1206 3339 ιι.)
1221 3276 1322 3340 ΡΙιίΙίρ-

781 3362 842 3408 pus,
852 3344 1031 3396 Macedonum
1042 3360 1088 3394 rex
1101 3350 1213 3405 „eastra
1223 3345 1258 3395 ad
1269 3344 1322 3409 Cy·

781 3431 910 3499 nosarges
924 3413 1063 3479 (templum
1073 3415 1198 3465 Herculis
1208 3431 1321 3479 gymna-

781 3486 904 3550 siumque
916 3489 943 3535 et
953 3484 1030 3534 lucus
1041 3488 1101 3533 erat
1116 3484 1320 3550 circumiectus)

780 3555 891 3619 posuit“
907 3553 979 3617 (Lir.
991 3554 1090 3614 XXXI,
1100 3555 1132 3603 14
1142 3554 1208 3618 tim).
1231 3555 1320 3618 Atque

780 3625 965 3689 Cynosarges,
984 3639 1043 3674 eum
1060 3624 1130 3673 satis
1149 3623 1267 3689 amplum
1280 3640 1321 3673 es-

780 3699 822 3745 set
844 3696 1030 3757 gymnasium,
1053 3693 1179 3743 idoneum
1201 3693 1320 3757 spatium

778 3765 943 3829 praebebat,
969 3764 997 3811 in
1023 3779 1076 3828 quo
1098 3766 1190 3813 caetra
1207 3767 1321 3827 poneret

777 3837 1007 3899 pernoctaretque
1026 3832 1231 3883 Atheniensium
1247 3847 1321 3881 exer·

778 3905 849 3953 citus
863 3903 987 3952 undecim
1001 3901 1119 3951 millibus
1129 3899 1244 3950 militnm
1256 3916 1318 3950 con-

779 3977 865 4023 stans.
899 3971 940 4020 Ad
960 3969 1090 4019 militaria
1107 3968 1251 4027 exercitia,
1274 3969 1319 4019 ‹le-

778 4042 933 4101 curaiones,
960 4037 1014 4088 alia
1036 4038 1064 4087 id
1086 4053 1172 4103 genus
1194 4037 1318 4088 adbibita

764 4111 863 4160 >fnisse
876 4109 1017 4174 gymnasie
1033 4109 1101 4158 satis
1114 4106 1251 4171 spatiosa,
1270 4123 1318 4158 uu·

778 4195 826 4245 per
839 4178 959 4229 ostendit
968 4177 1111 4227 Peterseu:
1132 4177 1317 4242 DasGymua·

778 4249 847 4299 sium
862 4249 889 4300 d.
903 4245 1038 4297 Griecheu
1051 4262 1112 4311 pag.
1126 4248 1168 4296 22.

811 4325 1091 4398 ὑπεραιωρηθέντες]
1102 4334 1119 4383 i.
1130 4349 1154 4384 e.
1163 4332 1267 4384 κουίίιιι
1275 4349 1316 4383 err·

775 4422 825 4471 per
839 4405 950 4456 Phalera
963 4406 1079 4468 ruspensi
1088 4404 1160 4455 sive:
1178 4419 1230 4453 οιινι
1239 4418 1316 4453 naves
