3100 5175
493 405 560 468 nu
583 394 906 484 nnnooonfiv,
930 414 974 472 eo.
1235 395 1297 461 803

160 598 237 649 esse,
252 580 323 634 idem
335 581 377 634 vir
390 580 488 634 doctus
505 581 679 651 suspicatur;
695 582 729 634 ad
742 583 841 651 δῆμον,
855 582 898 633 cui
916 599 1012 634 nomen
1024 573 1172 650 Ἐροιάδες,
1187 579 1297 633 aliunde

159 682 275 737 quoque
292 667 476 734 cognitum*)‚
494 667 592 719 referri
605 666 709 719 mavult
724 667 757 719 C.
774 669 822 720 Fr.
839 664 1042 736 Hermann**).

248 751 356 804 Nullam
371 751 559 804 difficultatem
575 768 686 821 qunque
710 744 986 821 praebent⁰0mlqrer
1007 771 1030 805 s.
1040 748 1191 823 'Onlrium⁷
1210 755 1234 804 si
1249 756 1297 806 mi-

157 839 227 903 lites,
243 831 275 890 τὸ
289 832 418 906 μάχιμον,
435 845 466 889 nt
479 836 645 890 Plutarchus
661 836 737 905 dixit,
752 837 932 904 intellexeris,
946 839 1042 906 pronti
1055 840 1117 908 ipsa
1136 856 1188 890 vox
1205 838 1294 906 docet,

157 921 180 972 i.
202 941 227 974 e.
249 939 307 974 eam
328 922 429 975 tribum
449 940 474 974 s.
490 922 605 974 classem
620 922 772 974 Atticorum
794 924 944 989 hominum,
973 924 1020 993 qui
1041 924 1122 976 ermis
1144 924 1295 977 tractandis

157 1008 269 1059 assueti
280 1010 399 1060 fuerint:
415 1006 464 1076 qui
478 1006 559 1060 iidem
568 1024 631 1060 num
640 1009 855 1078 nobilesquoque
868 1008 1040 1079 fuerint***)
1048 1026 1114 1078 prae
1124 1009 1242 1061 caeteris
1251 1028 1293 1063 ar·

155 1109 263 1145 morum
277 1093 481 1145 tractandorum
499 1093 610 1159 negotio
625 1092 719 1157 dediti,
736 1094 856 1164 itemque
869 1096 1019 1165 locupletes,
1033 1096 1081 1164 qui
1094 1094 1206 1160 fundos,
1224 1113 1294 1164 quos

156 1178 320 1247 possident,
344 1177 448 1246 amplos
464 1195 514 1246 per
532 1195 629 1230 servos
652 1177 810 1231 hominesve
832 1178 994 1231 tributarios
1016 1179 1067 1231 coli
1088 1180 1198 1251 iubent,
1222 1181 1292 1233 haud

156 1263 313 1315 decernam,
364 1263 441 1315 Nos:
462 1264 513 1315 der
528 1265 757 1334 liriegcrstands.
776 1266 948 1324 Wellrstcnd,
983 1264 1090 1326 Quarta
1105 1266 1205 1333 tribus,
1223 1282 1293 1334 quae

156 1349 246 1417 primo
272 1347 331 1401 loco
356 1347 429 1417 apud
456 1347 625 1401 Herodotum
657 1366 746 1419 seque
771 1358 854 1420 atque
882 1350 956 1418 apud
981 1348 1117 1403 Pollucem
1149 1351 1293 1420 ipsumque

154 1433 320 1502 Euripidem
338 1433 508 1499 nominatur,
528 1433 607 1486 valde
622 1434 747 1487 exercuit
765 1435 841 1487 viros
858 1434 964 1486 doctos.
1010 1434 1067 1498 Qui
1089 1435 1174 1501 enim,
1200 1445 1230 1487 ut
1259 1436 1292 1488 de

154 1517 220 1587 ipsa
245 1518 363 1571 lectione
386 1518 500 1588 primum
526 1518 683 1586 rideamus,
709 1519 743 1570 ab
763 1519 905 1571 Herodoto
927 1525 956 1571 et
976 1520 1115 1589 Stephano
1136 1520 1293 1587 Byzantino

155 1612 295 1657 vocantur
309 1601 508 1670 Pele‘ocrsc†),
531 1603 603 1673 apud
620 1603 756 1657 Pollucem
771 1604 1024 1674 atqueEuripidem
1039 1606 1168 1657 dicuntur
1180 1603 1293 1658 Τελέον-

151 1706 210 1757 τες,
226 1690 300 1758 quod
316 1706 408 1742 verum
424 1688 506 1741 huius
520 1689 610 1741 tribus
625 1706 722 1741 nomen
744 1707 804 1742 eum
827 1689 888 1741 olim
909 1690 1082 1758 suscepisset
1102 1691 1291 1743 demonstran·

153 1774 221 1826 dum
242 1774 399 1828 Boeckbius
420 1774 448 1825 in
465 1773 544 1825 lndic
560 1773 705 1826 Praelectt.
724 1775 915 1828 Berolinenss.
931 1775 996 1826 anni
1018 1774 1200 1826 nlbcccxll
1219 1774 1289 1845 (vid.

153 1860 298 1912 Seebode:
314 1860 411 1915 Neues
426 1858 525 1911 Archiv
543 1866 594 1912 etc.
612 1859 668 1926 ΙΙΙ,
684 1862 709 1914 3.
727 1878 792 1929 pag.
808 1863 842 1914 53
858 1862 966 1929 seqq),
990 1858 1162 1912 librariorum
1178 1878 1192 1910 e
1211 1858 1291 1928 culpa
1369 1868 1373 1875 '

154 1953 246 1997 ortum
262 1954 344 2015 etque
358 1945 386 1996 in
403 1940 545 2005 salitores
568 1945 784 1998 commutandum
800 1963 862 1997 esse
878 1947 988 1997 censuit
1011 1945 1083 1996 God.
1104 1944 1289 2009 Hermennus,

152 2029 285 2099 pluribus
301 2032 367 2082 haec
381 2028 540 2099 disquirens
555 2030 584 2081 in
600 2028 721 2081 Praelut
746 2032 781 2083 ad
795 2030 923 2099 Euripid.
945 2029 1005 2082 Ion.
1021 2046 1086 2098 pag.
1108 2028 1289 2081 XXI-XXV.

71 2150 79 2169 .
153 2115 240 2178 Quod
255 2115 328 2184 apud
343 2114 520 2166 Plutarchum
533 2113 550 2168 l.
568 2131 654 2184 supra
669 2115 686 2166 l.
700 2114 802 2182 legitur
821 2113 986 2181 Γεδέοντας,
1008 2132 1023 2166 e
1038 2112 1144 2167 Reislrii
1166 2113 1291 2166 emenda·

151 2201 233 2252 tione
248 2200 330 2253 flrrxit
344 2199 481 2267 vulgatam
501 2200 643 2252 lectionem
658 2217 688 2268 γε
713 2198 840 2269 δέοντας,
857 2216 937 2269 quam
959 2199 987 2251 ia
1012 2197 1161 2260 Τελέοντας
1186 2208 1291 2251 mutare

155 2284 284 2338 voluerat
301 2285 389 2338 chr.
412 2285 585 2353 Stephanus,
612 2284 653 2337 sic
676 2286 860 2353 corrigentis3
882 2285 1006 2354 equidem
1027 2284 1078 2336 hoc
1099 2300 1211 2355 quoque
1232 2283 1290 2335 loco

153 2388 292 2440 reponere
316 2369 401 2422 malim
427 2368 604 2439 Γελέοντας,
631 2387 690 2422 cum
721 2368 882 2432 Γεδὲοντας
910 2369 977 2422 nihil
1004 2370 1116 2435 babeat,
1143 2386 1198 2440 quo
1221 2387 1290 2421 com-

150 2456 308 2520 mendetur,
322 2473 411 2524 neque
427 2454 481 2506 ullo
503 2455 581 2506 modo
605 2454 736 2524 explicari
756 2465 854 2525 queat:
874 2455 921 2508 rix
939 2454 1009 2508 enim
1027 2455 1172 2525 quisquam
1192 2455 1291 2523 opinor

152 2558 215 2594 cum
231 2540 381 2607 Coraii††)
397 2540 447 2592 hoc
463 2538 623 2593 vocabulum
639 2559 654 2594 a
667 2540 797 2595 findendo
812 2540 871 2594 solo
887 2535 975 2612 (παρὰ
988 2535 1019 2596 τὸ
1033 2542 1086 2611 γῆν
1098 2538 1202 2615 dcr'etv)
1217 2539 1290 2592 deri-

151 2644 221 2681 vare
241 2626 360 2694 indeque
379 2625 515 2694 agricolas
535 2644 557 2679 s.
579 2642 707 2694 agrorum
730 2645 909 2696 possessores
925 2627 1060 2697 explicere
1080 2626 1163 2679 volet.
1181 2625 1303 2677 Conlir-'

149 2718 346 2765 maturantem
362 2728 432 2781 qnae
447 2729 514 2764 vere
529 2718 572 2763 est
588 2711 668 2764 lectio
684 2711 841 2780 Γελέοντες,
856 2712 965 2764 duabus
980 2710 1289 2780 inscriptionibusffl)

152 2798 249 2864 Teme,
265 2797 284 2848 i.
301 2814 325 2850 e.
340 2795 450 2848 Ionicae
466 2796 596 2861 civitatis,
612 2797 749 2864 inquibus
765 2790 1016 2865 commemoraturs}
1036 2789 1193 2849 Faleriorum
1205 2788 1289 2862 φυλὴ,

150 2882 273 2952 itemque
285 2898 417 2933 marmore
434 2878 645 2948 Cyziceno*†),
666 2882 692 2933 in
710 2898 764 2950 quo
781 2882 890 2934 eaedem
911 2890 1043 2953 quattuor
1067 2880 1157 2932 tribus
1179 2879 1289 2931 lonicae

151 2964 526 3034 inveniuntur'ffrts'oveeg,
541 2958 693 3036 Ἀργαδεῖς,
708 2962 877 3035 Αἰγικορεῖς,
890 2959 1055 3037 Ὅπλητες),
1085 2964 1186 3017 additis
1209 2981 1287 3033 prae·

150 3062 231 3106 terea
249 3053 356 3105 duabus
372 3050 433 3102 aliis
453 3051 544 3119 iisqne
559 3051 648 3103 adhuc
661 3051 812 3120 incognitis
825 3052 948 3122 (Βωρεῖς,
958 3049 1114 3116 Οἰνῶπες);
1132 3049 1288 3116 Cyzicenos

223 3305 250 3370 *l
265 3305 326 3355 Vid.
342 3306 374 3356 L.
386 3306 472 3355 Roas:
487 3305 540 3355 Die
553 3305 656 3355 Demsn
671 3310 724 3356 etc.
735 3320 799 3371 pag.
817 3304 861 3356 69.

223 3373 267 3438 **)
280 3375 388 3430 Griech.
401 3374 604 3426 Steatssltertlr.
618 3377 642 3438 §-
654 3374 697 3426 94.
714 3382 772 3427 not.
788 3375 830 3428 12.

222 3444 283 3511 ***)
303 3446 348 3497 Sic
371 3446 464 3497 Pleas:
489 3446 542 3496 Die
564 3445 701 3510 Tyrannio
723 3446 745 3495 Ι.
769 3460 796 3510 p.
818 3447 852 3496 52
870 3460 945 3510 seqq·
965 3442 1027 3496 coll.
1050 3444 1094 3494 57.
1117 3443 1210 3493 Haase
1229 3442 1247 3491 1.
1267 3440 1286 3491 l.

150 3531 207 3582 pag
222 3584 254 3650 Ι)
270 3586 302 3636 Ιιι
312 3586 444 3636 Herodoti
457 3585 517 3634 loco
527 3580 675 3641 'l'alc'ovrec
689 3583 823 3649 praebent
832 3584 885 3634 duo
898 3583 960 3634 libri
970 3588 997 3632 et
1009 3581 1288 3643 editioGronovisna,

151 3673 187 3705 ex
205 3655 327 3706 Mediceo
341 3656 469 3716 fortasse,
481 3660 512 3704 ut
524 3659 602 3719 putet
614 3653 906 3720 Schweighaeuserus3
920 3652 1000 3705 Velle
1009 3667 1132 3716 unusque
1145 3651 1288 3701 Parisinus

152 3724 239 3775 habet
255 3740 284 3788 γε
297 3719 419 3787 livorem
439 3725 616 3775 Florentinus
632 3730 661 3773 et
673 3724 773 3790 reliqui
785 3725 863 3775 codd.
881 3725 922 3774 Γε
932 3718 1088 3778 λέοντεςι
1109 3721 1180 3788 quod
1193 3736 1286 3770 verum

152 3810 214 3846 esse
229 3795 328 3845 dudum
342 3796 450 3846 videret
467 3793 631 3858 Wesseling.
645 3796 671 3843 in
687 3795 805 3845 Dissert.
821 3794 954 3845 Herodot.
967 3792 1016 3841 xl.
1033 3808 1059 3856 p.
1075 3792 1133 3842 164.

223 3863 274 3929 ††)
286 3866 316 3915 ia
329 3866 461 3916 Adnotet.
475 3864 510 3913 ad
523 3863 663 3914 Plutarch.
682 3862 699 3914 l.
718 3863 735 3913 l.
750 3864 819 3914 hdd.
835 3866 866 3914 E.
882 3866 919 3914 Η.
932 3864 964 3913 0.
978 3859 1107 3913 Mueller:
1128 3862 1170 3911 De
1192 3860 1288 3925 priscis

152 3936 201 3987 IV.
218 3935 311 3999 populi
324 3934 422 3987 Athen.
438 3934 519 3985 tribb.
535 3934 603 3998 orig.
619 3949 681 3998 pag.
697 3934 739 3984 81.
753 3950 829 3999 seqq.
863 3936 895 3984 In
913 3935 984 3984 hanc
1000 3933 1165 3983 sententiam
1178 3945 1287 3995 quoque

150 4006 232 4068 Mays
248 4003 460 4068 (Griechealand
477 4020 502 4054 n.
520 4005 568 4054 der
585 4004 682 4053 Orient
693 4019 719 4068 p.
737 4003 770 4055 33
786 4002 855 4069 seq.)
869 4004 1014 4056 Geleontes
1034 4004 1232 4067 interpretatus
1246 4007 1289 4052 est

128 4079 294 4126 ‘selectores
308 4092 331 4126 s.
344 4084 472 4126 aratores.

222 4144 294 4209 ΙΙΙ)
309 4145 371 4196 Vid.
384 4145 463 4210 Corp.
476 4144 563 4194 Inscr.
575 4141 762 4204 urseruvot.
774 4143 813 4195 ΙΙ.
825 4158 866 4195 nr.
878 4140 956 4193 3078.
967 4141 1044 4191 3079.
1059 4156 1122 4205 pag.
1133 4139 1185 4190 670
1196 4139 1287 4204 ibique

151 4214 285 4274 Boeclrh.;
298 4215 414 4265 eandem
431 4215 467 4266 cl.
487 4215 515 4263 in
529 4213 650 4263 Prooem.
669 4210 1047 4266 ladd.Lectt.Beroll.1812
1067 4210 1135 4272 (vid.
1153 4209 1288 4259 Seebode:

151 4284 253 4336 Archiv
272 4285 292 4336 f.
306 4284 404 4336 Philol.
428 4282 484 4334 und
499 4283 654 4348 Paedagog.
669 4283 727 4345 111,
742 4280 768 4333 3.
782 4298 847 4348 pag.
867 4283 900 4332 52
924 4285 980 4331 aot.
997 4279 1035 4345 9).
1062 4279 1224 4331 Groteiend:
1245 4280 1288 4329 De

153 4354 223 4406 dem.
240 4360 269 4404 et
283 4354 362 4420 pagis
378 4356 480 4405 Attice.
498 4368 560 4417 pag.
576 4352 601 4403 8.
618 4357 674 4402 not.
688 4351 714 4402 3.
1126 4356 1129 4362 '

222 4423 270 4490 *ἢ
283 4425 347 4475 vid.
357 4423 475 4489 Csylus:
488 4422 601 4473 Recueil
614 4421 639 4471 d'
649 4422 787 4487 Antiquit.
802 4420 838 4471 ΙΙ.
853 4420 909 4471 tab.
924 4419 959 4472 69
972 4435 1030 4485 seq.
1043 4418 1078 4472 69
1092 4434 1150 4485 seq.
1166 4425 1193 4470 et
1206 4419 1287 4485 Corp.

125 4551 127 4554 ,
153 4493 268 4547 Graecc.
283 4493 411 4560 inscript.
425 4492 486 4547 Vol.
498 4493 537 4542 11.
553 4508 594 4542 nr.
606 4490 675 4544 6664
689 4492 782 4558 ibique
794 4490 914 4542 Boeclrh.
934 4506 997 4556 pag.
1011 4489 1064 4542 uto
1074 4506 1133 4556 seq.
1145 4491 1198 4542 922
1210 4505 1288 4556 seqq.

1022 4574 1091 4637 51*
