<?xml version="1.0" encoding="UTF-8"?>
<!DOCTYPE html PUBLIC "-//W3C//DTD XHTML 1.0 Transitional//EN"
    "http://www.w3.org/TR/xhtml1/DTD/xhtml1-transitional.dtd">
<html xmlns="http://www.w3.org/1999/xhtml" xml:lang="en" lang="en">
 <head>
  <title>
</title>
<meta http-equiv="Content-Type" content="text/html;charset=utf-8" />
  <meta name='ocr-system' content='tesseract 3.04.00' />
  <meta name='ocr-capabilities' content='ocr_page ocr_carea ocr_par ocr_line ocrx_word'/>
</head>
<body>
  <div class='ocr_page' id='page_1' title='image "./herodotihalicar01unkngoog/herodotihalicar01unkngoog_0102.png"; bbox 0 0 3100 5175; ppageno 0'>
   <div class='ocr_carea' id='block_1_1' title="bbox 240 355 942 427">
    <p class='ocr_par' dir='ltr' id='par_1_1' title="bbox 240 355 942 427">
     <span class='ocr_line' id='line_1_1' title="bbox 240 355 942 427; baseline -0.006 0"><span class='ocrx_word' id='word_1_1' title='bbox 240 355 280 427; x_wconf 84' lang='grc'>90</span> <span class='ocrx_word' id='word_1_2' title='bbox 674 357 942 426; x_wconf 83' lang='lat' dir='ltr'>HERODOTI</span> 
     </span>
    </p>
   </div>
   <div class='ocr_carea' id='block_1_2' title="bbox 240 529 1376 731">
    <p class='ocr_par' dir='ltr' id='par_1_2' title="bbox 240 529 1376 731">
     <span class='ocr_line' id='line_1_2' title="bbox 240 529 1376 626; baseline -0.002 -20"><span class='ocrx_word' id='word_1_3' title='bbox 240 535 280 607; x_wconf 83' lang='lat' dir='ltr'>roi</span> <span class='ocrx_word' id='word_1_4' title='bbox 294 533 463 608; x_wconf 70' lang='grc' dir='ltr'><strong><em>ἀνέκαθεν</em></strong></span> <span class='ocrx_word' id='word_1_5' title='bbox 477 543 678 626; x_wconf 75' lang='grc' dir='ltr'><strong><em>Γεφυραῖοι,</em></strong></span> <span class='ocrx_word' id='word_1_6' title='bbox 698 535 779 625; x_wconf 77' lang='grc' dir='ltr'><strong><em>μετὰ</em></strong></span> <span class='ocrx_word' id='word_1_7' title='bbox 801 541 905 606; x_wconf 80' lang='grc' dir='ltr'><strong><em>ταῦτα</em></strong></span> <span class='ocrx_word' id='word_1_8' title='bbox 920 530 1181 624; x_wconf 78' lang='grc' dir='ltr'><strong><em>ἐτυραννεύοντο</em></strong></span> <span class='ocrx_word' id='word_1_9' title='bbox 1202 529 1376 623; x_wconf 79' lang='grc' dir='ltr'><strong><em>Ἀθηναῖοι</em></strong></span> 
     </span>
     <span class='ocr_line' id='line_1_3' title="bbox 241 633 1375 731; baseline -0.005 -17"><span class='ocrx_word' id='word_1_10' title='bbox 241 638 295 714; x_wconf 76' lang='grc' dir='ltr'>ἐπ’</span> <span class='ocrx_word' id='word_1_11' title='bbox 317 651 391 715; x_wconf 80' lang='grc' dir='ltr'><strong><em>ἔτεα</em></strong></span> <span class='ocrx_word' id='word_1_12' title='bbox 419 645 557 731; x_wconf 76' lang='grc' dir='ltr'><strong><em>τέσσερα</em></strong></span> <span class='ocrx_word' id='word_1_13' title='bbox 580 639 682 712; x_wconf 69' lang='grc' dir='ltr'><strong><em>οὐδὲν</em></strong></span> <span class='ocrx_word' id='word_1_14' title='bbox 704 645 819 729; x_wconf 80' lang='grc' dir='ltr'><strong><em>ἕσσον,</em></strong></span> <span class='ocrx_word' id='word_1_15' title='bbox 843 638 926 710; x_wconf 74' lang='grc' dir='ltr'>ἀλλὰ</span> <span class='ocrx_word' id='word_1_16' title='bbox 949 642 1005 709; x_wconf 83' lang='grc' dir='ltr'><strong><em>καὶ</em></strong></span> <span class='ocrx_word' id='word_1_17' title='bbox 1027 643 1154 728; x_wconf 75' lang='grc' dir='ltr'><strong><em>μᾶλλον</em></strong></span> <span class='ocrx_word' id='word_1_18' title='bbox 1180 633 1285 728; x_wconf 67' lang='lat' dir='ltr'>risui</span> <span class='ocrx_word' id='word_1_19' title='bbox 1305 643 1375 708; x_wconf 85' lang='grc' dir='ltr'><strong><em>τοῦ.</em></strong></span> 
     </span>
    </p>
   </div>
   <div class='ocr_carea' id='block_1_3' title="bbox 231 799 782 4501">
    <p class='ocr_par' dir='ltr' id='par_1_3' title="bbox 237 799 782 2395">
     <span class='ocr_line' id='line_1_4' title="bbox 240 799 781 876; baseline -0.004 -16"><span class='ocrx_word' id='word_1_20' title='bbox 240 804 391 876; x_wconf 76' lang='grc' dir='ltr'><strong><em>νέστ]ησαν</em></strong></span> <span class='ocrx_word' id='word_1_21' title='bbox 409 804 476 866; x_wconf 77' lang='grc' dir='ltr'>τούς</span> <span class='ocrx_word' id='word_1_22' title='bbox 497 807 730 872; x_wconf 79' lang='grc' dir='ltr'><strong><em>Πεισιστρατίδας</em></strong></span> <span class='ocrx_word' id='word_1_23' title='bbox 751 799 781 859; x_wconf 73' lang='grc' dir='ltr'>ἔτι</span> 
     </span>
     <span class='ocr_line' id='line_1_5' title="bbox 241 877 780 948; baseline 0.004 -19"><span class='ocrx_word' id='word_1_24' title='bbox 241 880 306 947; x_wconf 82' lang='grc' dir='ltr'><strong><em>[τοῦ</em></strong></span> <span class='ocrx_word' id='word_1_25' title='bbox 314 877 531 948; x_wconf 52' lang='lat' dir='ltr'>aduramus</span> <span class='ocrx_word' id='word_1_26' title='bbox 540 877 658 944; x_wconf 77' lang='grc' dir='ltr'><strong><em>τείχους,</em></strong></span> <span class='ocrx_word' id='word_1_27' title='bbox 667 881 714 930; x_wconf 84' lang='lat' dir='ltr'>nbi</span> <span class='ocrx_word' id='word_1_28' title='bbox 725 882 780 932; x_wconf 83' lang='lat' dir='ltr'>rid.</span> 
     </span>
     <span class='ocr_line' id='line_1_6' title="bbox 238 949 782 1016; baseline 0.002 -17"><span class='ocrx_word' id='word_1_29' title='bbox 238 957 309 1002; x_wconf 89' lang='lat' dir='ltr'>nott.</span> <span class='ocrx_word' id='word_1_30' title='bbox 327 967 353 1015; x_wconf 80' lang='lat' dir='ltr'>p.</span> <span class='ocrx_word' id='word_1_31' title='bbox 371 950 430 1001; x_wconf 87' lang='lat'>318.</span> <span class='ocrx_word' id='word_1_32' title='bbox 464 951 614 1000; x_wconf 86' lang='lat' dir='ltr'>Enarravit</span> <span class='ocrx_word' id='word_1_33' title='bbox 632 949 700 1000; x_wconf 90' lang='lat' dir='ltr'>haec</span> <span class='ocrx_word' id='word_1_34' title='bbox 716 966 782 1016; x_wconf 90' lang='lat' dir='ltr'>quo-</span> 
     </span>
     <span class='ocr_line' id='line_1_7' title="bbox 240 1021 781 1086; baseline 0.002 -16"><span class='ocrx_word' id='word_1_35' title='bbox 240 1036 291 1086; x_wconf 90' lang='lat' dir='ltr'>que</span> <span class='ocrx_word' id='word_1_36' title='bbox 304 1022 396 1070; x_wconf 88' lang='lat' dir='ltr'>Piass:</span> <span class='ocrx_word' id='word_1_37' title='bbox 411 1021 463 1069; x_wconf 89' lang='lat' dir='ltr'>Die</span> <span class='ocrx_word' id='word_1_38' title='bbox 475 1021 612 1083; x_wconf 83' lang='lat' dir='ltr'>Tyrannio</span> <span class='ocrx_word' id='word_1_39' title='bbox 622 1021 644 1070; x_wconf 91' lang='grc' dir='ltr'>Ι.</span> <span class='ocrx_word' id='word_1_40' title='bbox 656 1036 718 1085; x_wconf 82' lang='lat' dir='ltr'>pag.</span> <span class='ocrx_word' id='word_1_41' title='bbox 729 1021 781 1071; x_wconf 80' lang='lat'>208</span> 
     </span>
     <span class='ocr_line' id='line_1_8' title="bbox 241 1090 780 1155; baseline 0 -15"><span class='ocrx_word' id='word_1_42' title='bbox 241 1106 307 1154; x_wconf 90' lang='lat' dir='ltr'>seqq</span> <span class='ocrx_word' id='word_1_43' title='bbox 325 1129 332 1151; x_wconf 92' lang='lat'>,</span> <span class='ocrx_word' id='word_1_44' title='bbox 351 1090 538 1153; x_wconf 81' lang='lat' dir='ltr'>Thucydidem</span> <span class='ocrx_word' id='word_1_45' title='bbox 555 1090 726 1155; x_wconf 85' lang='lat' dir='ltr'>potissimum</span> <span class='ocrx_word' id='word_1_46' title='bbox 739 1105 780 1141; x_wconf 87' lang='lat' dir='ltr'>se-</span> 
     </span>
     <span class='ocr_line' id='line_1_9' title="bbox 241 1157 780 1225; baseline 0.002 -16"><span class='ocrx_word' id='word_1_47' title='bbox 241 1166 320 1209; x_wconf 90' lang='lat' dir='ltr'>cutus</span> <span class='ocrx_word' id='word_1_48' title='bbox 343 1160 564 1225; x_wconf 89' lang='lat' dir='ltr'>Herodotumque</span> <span class='ocrx_word' id='word_1_49' title='bbox 585 1157 719 1210; x_wconf 87' lang='lat' dir='ltr'>cavillans</span> <span class='ocrx_word' id='word_1_50' title='bbox 746 1160 780 1210; x_wconf 92' lang='lat' dir='ltr'>ob</span> 
     </span>
     <span class='ocr_line' id='line_1_10' title="bbox 240 1229 782 1294; baseline 0.004 -16"><span class='ocrx_word' id='word_1_51' title='bbox 240 1230 339 1278; x_wconf 91' lang='lat' dir='ltr'>somnii</span> <span class='ocrx_word' id='word_1_52' title='bbox 355 1232 572 1286; x_wconf 64' lang='lat' dir='ltr'>enarrationem</span> <span class='ocrx_word' id='word_1_53' title='bbox 592 1229 620 1278; x_wconf 93' lang='lat' dir='ltr'>in</span> <span class='ocrx_word' id='word_1_54' title='bbox 636 1245 689 1294; x_wconf 91' lang='lat' dir='ltr'>quo</span> <span class='ocrx_word' id='word_1_55' title='bbox 705 1245 782 1294; x_wconf 91' lang='lat' dir='ltr'>prae·</span> 
     </span>
     <span class='ocr_line' id='line_1_11' title="bbox 240 1299 781 1364; baseline 0 -15"><span class='ocrx_word' id='word_1_56' title='bbox 240 1299 367 1359; x_wconf 79' lang='lat' dir='ltr'>teruidit,</span> <span class='ocrx_word' id='word_1_57' title='bbox 384 1300 409 1348; x_wconf 90' lang='lat' dir='ltr'>id</span> <span class='ocrx_word' id='word_1_58' title='bbox 420 1301 507 1361; x_wconf 90' lang='lat' dir='ltr'>ipsum</span> <span class='ocrx_word' id='word_1_59' title='bbox 519 1299 651 1349; x_wconf 85' lang='lat' dir='ltr'>somnium</span> <span class='ocrx_word' id='word_1_60' title='bbox 667 1303 694 1349; x_wconf 91' lang='lat' dir='ltr'>et</span> <span class='ocrx_word' id='word_1_61' title='bbox 709 1299 781 1364; x_wconf 90' lang='lat' dir='ltr'>qnod</span> 
     </span>
     <span class='ocr_line' id='line_1_12' title="bbox 240 1368 781 1433; baseline -0.002 -14"><span class='ocrx_word' id='word_1_62' title='bbox 240 1384 272 1419; x_wconf 91' lang='lat' dir='ltr'>eo</span> <span class='ocrx_word' id='word_1_63' title='bbox 291 1369 505 1433; x_wconf 76' lang='lat' dir='ltr'>portendebatur</span> <span class='ocrx_word' id='word_1_64' title='bbox 525 1373 651 1432; x_wconf 89' lang='lat' dir='ltr'>spectare</span> <span class='ocrx_word' id='word_1_65' title='bbox 669 1368 702 1418; x_wconf 86' lang='lat' dir='ltr'>ad</span> <span class='ocrx_word' id='word_1_66' title='bbox 720 1384 781 1420; x_wconf 88' lang='lat' dir='ltr'>eam</span> 
     </span>
     <span class='ocr_line' id='line_1_13' title="bbox 240 1439 781 1504; baseline 0.004 -17"><span class='ocrx_word' id='word_1_67' title='bbox 240 1440 388 1500; x_wconf 90' lang='lat' dir='ltr'>rationem,</span> <span class='ocrx_word' id='word_1_68' title='bbox 407 1455 486 1504; x_wconf 86' lang='lat' dir='ltr'>quam</span> <span class='ocrx_word' id='word_1_69' title='bbox 500 1439 601 1488; x_wconf 79' lang='lat' dir='ltr'>Noster</span> <span class='ocrx_word' id='word_1_70' title='bbox 616 1439 643 1487; x_wconf 93' lang='lat' dir='ltr'>in</span> <span class='ocrx_word' id='word_1_71' title='bbox 657 1441 781 1490; x_wconf 88' lang='lat' dir='ltr'>omnibus</span> 
     </span>
     <span class='ocr_line' id='line_1_14' title="bbox 240 1508 782 1568; baseline -0.004 -10"><span class='ocrx_word' id='word_1_72' title='bbox 240 1509 321 1558; x_wconf 87' lang='lat' dir='ltr'>rebus</span> <span class='ocrx_word' id='word_1_73' title='bbox 333 1508 458 1558; x_wconf 85' lang='lat' dir='ltr'>humanis</span> <span class='ocrx_word' id='word_1_74' title='bbox 476 1508 609 1557; x_wconf 86' lang='lat' dir='ltr'>dominari</span> <span class='ocrx_word' id='word_1_75' title='bbox 623 1508 698 1568; x_wconf 82' lang='lat' dir='ltr'>vult,</span> <span class='ocrx_word' id='word_1_76' title='bbox 713 1509 782 1558; x_wconf 88' lang='lat' dir='ltr'>divi·</span> 
     </span>
     <span class='ocr_line' id='line_1_15' title="bbox 239 1578 781 1643; baseline 0.006 -17"><span class='ocrx_word' id='word_1_77' title='bbox 239 1593 302 1627; x_wconf 88' lang='lat' dir='ltr'>uum</span> <span class='ocrx_word' id='word_1_78' title='bbox 314 1578 401 1643; x_wconf 83' lang='lat' dir='ltr'>legem</span> <span class='ocrx_word' id='word_1_79' title='bbox 418 1580 476 1629; x_wconf 89' lang='lat' dir='ltr'>sive</span> <span class='ocrx_word' id='word_1_80' title='bbox 490 1578 690 1642; x_wconf 87' lang='lat' dir='ltr'>providentiam</span> <span class='ocrx_word' id='word_1_81' title='bbox 706 1579 781 1629; x_wconf 86' lang='lat' dir='ltr'>dixe-</span> 
     </span>
     <span class='ocr_line' id='line_1_16' title="bbox 239 1647 781 1712; baseline 0.006 -17"><span class='ocrx_word' id='word_1_82' title='bbox 239 1648 286 1708; x_wconf 89' lang='lat' dir='ltr'>ris,</span> <span class='ocrx_word' id='word_1_83' title='bbox 300 1664 354 1711; x_wconf 88' lang='lat' dir='ltr'>qua</span> <span class='ocrx_word' id='word_1_84' title='bbox 362 1648 492 1712; x_wconf 90' lang='lat' dir='ltr'>quidquid</span> <span class='ocrx_word' id='word_1_85' title='bbox 506 1649 568 1698; x_wconf 90' lang='lat' dir='ltr'>mali</span> <span class='ocrx_word' id='word_1_86' title='bbox 579 1647 700 1698; x_wconf 89' lang='lat' dir='ltr'>homines</span> <span class='ocrx_word' id='word_1_87' title='bbox 710 1664 781 1698; x_wconf 88' lang='lat' dir='ltr'>com-</span> 
     </span>
     <span class='ocr_line' id='line_1_17' title="bbox 241 1718 782 1783; baseline 0.006 -18"><span class='ocrx_word' id='word_1_88' title='bbox 241 1719 367 1778; x_wconf 90' lang='lat' dir='ltr'>mittunt,</span> <span class='ocrx_word' id='word_1_89' title='bbox 392 1718 419 1766; x_wconf 88' lang='lat' dir='ltr'>id</span> <span class='ocrx_word' id='word_1_90' title='bbox 440 1719 572 1769; x_wconf 89' lang='lat' dir='ltr'>divinitus</span> <span class='ocrx_word' id='word_1_91' title='bbox 591 1719 719 1783; x_wconf 90' lang='lat' dir='ltr'>puniatur</span> <span class='ocrx_word' id='word_1_92' title='bbox 736 1733 782 1768; x_wconf 89' lang='lat' dir='ltr'>ne·</span> 
     </span>
     <span class='ocr_line' id='line_1_18' title="bbox 239 1788 781 1849; baseline 0 -11"><span class='ocrx_word' id='word_1_93' title='bbox 239 1802 317 1838; x_wconf 88' lang='lat' dir='ltr'>cesse</span> <span class='ocrx_word' id='word_1_94' title='bbox 335 1789 372 1837; x_wconf 90' lang='lat' dir='ltr'>sit</span> <span class='ocrx_word' id='word_1_95' title='bbox 384 1788 587 1838; x_wconf 74' lang='lat' dir='ltr'><strong>calamitatibus</strong></span> <span class='ocrx_word' id='word_1_96' title='bbox 604 1789 746 1849; x_wconf 84' lang='lat' dir='ltr'>immissis,</span> <span class='ocrx_word' id='word_1_97' title='bbox 766 1804 781 1838; x_wconf 87' lang='lat' dir='ltr'>a</span> 
     </span>
     <span class='ocr_line' id='line_1_19' title="bbox 240 1857 780 1923; baseline 0.002 -18"><span class='ocrx_word' id='word_1_98' title='bbox 240 1858 338 1923; x_wconf 91' lang='lat' dir='ltr'>quibus</span> <span class='ocrx_word' id='word_1_99' title='bbox 355 1858 422 1920; x_wconf 89' lang='lat' dir='ltr'>ipsis</span> <span class='ocrx_word' id='word_1_100' title='bbox 439 1862 572 1923; x_wconf 75' lang='lat' dir='ltr'>appareat</span> <span class='ocrx_word' id='word_1_101' title='bbox 585 1857 680 1908; x_wconf 84' lang='lat' dir='ltr'>divina</span> <span class='ocrx_word' id='word_1_102' title='bbox 693 1858 780 1909; x_wconf 86' lang='lat' dir='ltr'>vindi·</span> 
     </span>
     <span class='ocr_line' id='line_1_20' title="bbox 239 1926 782 1979; baseline 0 -2"><span class='ocrx_word' id='word_1_103' title='bbox 239 1932 293 1977; x_wconf 88' lang='lat' dir='ltr'>ota.</span> <span class='ocrx_word' id='word_1_104' title='bbox 325 1928 357 1976; x_wconf 92' lang='lat' dir='ltr'>In</span> <span class='ocrx_word' id='word_1_105' title='bbox 373 1926 445 1978; x_wconf 90' lang='lat' dir='ltr'>hanc</span> <span class='ocrx_word' id='word_1_106' title='bbox 462 1943 527 1979; x_wconf 84' lang='lat' dir='ltr'>vero</span> <span class='ocrx_word' id='word_1_107' title='bbox 545 1928 642 1978; x_wconf 84' lang='lat' dir='ltr'>incidit</span> <span class='ocrx_word' id='word_1_108' title='bbox 661 1945 675 1978; x_wconf 90' lang='lat' dir='ltr'>e</span> <span class='ocrx_word' id='word_1_109' title='bbox 693 1932 782 1977; x_wconf 78' lang='lat' dir='ltr'>niente</span> 
     </span>
     <span class='ocr_line' id='line_1_21' title="bbox 238 1995 781 2062; baseline 0 -16"><span class='ocrx_word' id='word_1_110' title='bbox 238 1996 373 2046; x_wconf 84' lang='lat' dir='ltr'>Herodoti</span> <span class='ocrx_word' id='word_1_111' title='bbox 396 1995 587 2062; x_wconf 81' lang='lat' dir='ltr'>Hipparchus,</span> <span class='ocrx_word' id='word_1_112' title='bbox 620 1997 665 2061; x_wconf 89' lang='lat' dir='ltr'>qui</span> <span class='ocrx_word' id='word_1_113' title='bbox 694 2002 781 2047; x_wconf 90' lang='lat' dir='ltr'>morta</span> 
     </span>
     <span class='ocr_line' id='line_1_22' title="bbox 239 2066 781 2131; baseline 0.004 -16"><span class='ocrx_word' id='word_1_114' title='bbox 239 2081 304 2128; x_wconf 87' lang='lat' dir='ltr'>sua,</span> <span class='ocrx_word' id='word_1_115' title='bbox 337 2066 470 2116; x_wconf 86' lang='lat' dir='ltr'>divinitus</span> <span class='ocrx_word' id='word_1_116' title='bbox 494 2069 573 2131; x_wconf 89' lang='lat' dir='ltr'>quasi</span> <span class='ocrx_word' id='word_1_117' title='bbox 601 2069 705 2118; x_wconf 90' lang='lat' dir='ltr'>inflicta</span> <span class='ocrx_word' id='word_1_118' title='bbox 732 2084 781 2131; x_wconf 88' lang='lat' dir='ltr'>per</span> 
     </span>
     <span class='ocr_line' id='line_1_23' title="bbox 237 2134 782 2199; baseline 0.009 -16"><span class='ocrx_word' id='word_1_119' title='bbox 237 2134 415 2185; x_wconf 81' lang='lat' dir='ltr'>Harmodium</span> <span class='ocrx_word' id='word_1_120' title='bbox 432 2141 459 2187; x_wconf 91' lang='lat' dir='ltr'>et</span> <span class='ocrx_word' id='word_1_121' title='bbox 472 2135 700 2199; x_wconf 72' lang='lat' dir='ltr'>Aristogitonem,</span> <span class='ocrx_word' id='word_1_122' title='bbox 713 2138 782 2188; x_wconf 90' lang='lat' dir='ltr'>iniu-</span> 
     </span>
     <span class='ocr_line' id='line_1_24' title="bbox 238 2204 781 2266; baseline 0.002 -12"><span class='ocrx_word' id='word_1_123' title='bbox 238 2206 295 2254; x_wconf 89' lang='lat' dir='ltr'>rias</span> <span class='ocrx_word' id='word_1_124' title='bbox 305 2204 358 2254; x_wconf 90' lang='lat' dir='ltr'>luit</span> <span class='ocrx_word' id='word_1_125' title='bbox 367 2206 476 2255; x_wconf 85' lang='lat' dir='ltr'>Atticae</span> <span class='ocrx_word' id='word_1_126' title='bbox 486 2205 595 2255; x_wconf 89' lang='lat' dir='ltr'>civitati</span> <span class='ocrx_word' id='word_1_127' title='bbox 606 2206 707 2266; x_wconf 87' lang='lat' dir='ltr'>illatas,</span> <span class='ocrx_word' id='word_1_128' title='bbox 720 2221 781 2255; x_wconf 87' lang='lat' dir='ltr'>cum</span> 
     </span>
     <span class='ocr_line' id='line_1_25' title="bbox 239 2275 782 2341; baseline 0.006 -18"><span class='ocrx_word' id='word_1_129' title='bbox 239 2290 255 2323; x_wconf 88' lang='lat' dir='ltr'>a</span> <span class='ocrx_word' id='word_1_130' title='bbox 270 2275 415 2325; x_wconf 76' lang='lat' dir='ltr'>Pisistrato</span> <span class='ocrx_word' id='word_1_131' title='bbox 434 2280 511 2340; x_wconf 88' lang='lat' dir='ltr'>patre</span> <span class='ocrx_word' id='word_1_132' title='bbox 524 2281 681 2341; x_wconf 86' lang='lat' dir='ltr'>susceptum</span> <span class='ocrx_word' id='word_1_133' title='bbox 691 2281 782 2341; x_wconf 88' lang='lat' dir='ltr'>tyran·</span> 
     </span>
     <span class='ocr_line' id='line_1_26' title="bbox 238 2344 524 2395; baseline 0.003 -2"><span class='ocrx_word' id='word_1_134' title='bbox 238 2344 328 2393; x_wconf 90' lang='lat' dir='ltr'>nidem</span> <span class='ocrx_word' id='word_1_135' title='bbox 343 2346 524 2395; x_wconf 78' lang='lat' dir='ltr'>continuaret.</span> 
     </span>
    </p>

    <p class='ocr_par' dir='ltr' id='par_1_4' title="bbox 231 2403 782 4501">
     <span class='ocr_line' id='line_1_27' title="bbox 273 2403 782 2479; baseline 0.006 -18"><span class='ocrx_word' id='word_1_136' title='bbox 273 2403 495 2474; x_wconf 74' lang='grc' dir='ltr'><strong><em>ἐτυραννεύοντο</em></strong></span> <span class='ocrx_word' id='word_1_137' title='bbox 506 2405 592 2462; x_wconf 63' lang='grc' dir='ltr'><strong><em>οὐδὲν</em></strong></span> <span class='ocrx_word' id='word_1_138' title='bbox 603 2406 697 2479; x_wconf 71' lang='grc' dir='ltr'><strong><em>ἕσσον]</em></strong></span> <span class='ocrx_word' id='word_1_139' title='bbox 710 2417 782 2476; x_wconf 88' lang='lat' dir='ltr'>„Ne-</span> 
     </span>
     <span class='ocr_line' id='line_1_28' title="bbox 239 2483 782 2548; baseline 0 -16"><span class='ocrx_word' id='word_1_140' title='bbox 239 2498 291 2547; x_wconf 86' lang='lat' dir='ltr'>que</span> <span class='ocrx_word' id='word_1_141' title='bbox 314 2484 386 2532; x_wconf 90' lang='lat' dir='ltr'>enim</span> <span class='ocrx_word' id='word_1_142' title='bbox 411 2483 575 2548; x_wconf 84' lang='lat' dir='ltr'>Harmodius</span> <span class='ocrx_word' id='word_1_143' title='bbox 598 2489 625 2533; x_wconf 91' lang='lat' dir='ltr'>et</span> <span class='ocrx_word' id='word_1_144' title='bbox 648 2483 782 2548; x_wconf 77' lang='lat' dir='ltr'>Aristogi-</span> 
     </span>
     <span class='ocr_line' id='line_1_29' title="bbox 238 2552 781 2615; baseline 0.006 -13"><span class='ocrx_word' id='word_1_145' title='bbox 238 2557 300 2615; x_wconf 88' lang='lat' dir='ltr'>ton,</span> <span class='ocrx_word' id='word_1_146' title='bbox 331 2552 378 2604; x_wconf 89' lang='lat' dir='ltr'>sed</span> <span class='ocrx_word' id='word_1_147' title='bbox 406 2553 547 2605; x_wconf 84' lang='lat' dir='ltr'>Herodoto</span> <span class='ocrx_word' id='word_1_148' title='bbox 574 2554 663 2605; x_wconf 88' lang='lat' dir='ltr'>iudice</span> <span class='ocrx_word' id='word_1_149' title='bbox 689 2555 781 2605; x_wconf 84' lang='lat' dir='ltr'>verius</span> 
     </span>
     <span class='ocr_line' id='line_1_30' title="bbox 237 2616 781 2687; baseline 0 -15"><span class='ocrx_word' id='word_1_150' title='bbox 237 2623 450 2674; x_wconf 86' lang='lat' dir='ltr'>Alcmaeonidua</span> <span class='ocrx_word' id='word_1_151' title='bbox 476 2624 596 2675; x_wconf 85' lang='lat' dir='ltr'>Athenas</span> <span class='ocrx_word' id='word_1_152' title='bbox 621 2616 781 2687; x_wconf 71' lang='grc' dir='ltr'><strong><em>ἠλευθέρω-</em></strong></span> 
     </span>
     <span class='ocr_line' id='line_1_31' title="bbox 239 2692 781 2758; baseline 0.002 -17"><span class='ocrx_word' id='word_1_153' title='bbox 239 2705 292 2741; x_wconf 85' lang='grc' dir='ltr'>σαν</span> <span class='ocrx_word' id='word_1_154' title='bbox 310 2692 393 2757; x_wconf 77' lang='grc' dir='ltr'><strong><em>[ραοιΙ</em></strong></span> <span class='ocrx_word' id='word_1_155' title='bbox 406 2693 475 2742; x_wconf 91' lang='lat' dir='ltr'>idem</span> <span class='ocrx_word' id='word_1_156' title='bbox 485 2697 582 2743; x_wconf 87' lang='lat' dir='ltr'>marito</span> <span class='ocrx_word' id='word_1_157' title='bbox 596 2693 731 2758; x_wconf 76' lang='lat' dir='ltr'>placuisse</span> <span class='ocrx_word' id='word_1_158' title='bbox 741 2695 781 2742; x_wconf 80' lang='lat' dir='ltr'>vi-</span> 
     </span>
     <span class='ocr_line' id='line_1_32' title="bbox 238 2762 780 2813; baseline 0.002 -2"><span class='ocrx_word' id='word_1_159' title='bbox 238 2762 289 2812; x_wconf 89' lang='lat' dir='ltr'>deo</span> <span class='ocrx_word' id='word_1_160' title='bbox 309 2762 338 2811; x_wconf 86' lang='lat' dir='ltr'>C.</span> <span class='ocrx_word' id='word_1_161' title='bbox 356 2763 387 2812; x_wconf 82' lang='lat' dir='ltr'>F.</span> <span class='ocrx_word' id='word_1_162' title='bbox 405 2763 561 2813; x_wconf 84' lang='lat' dir='ltr'>Hermanno</span> <span class='ocrx_word' id='word_1_163' title='bbox 582 2764 623 2812; x_wconf 86' lang='lat' dir='ltr'>in:</span> <span class='ocrx_word' id='word_1_164' title='bbox 638 2763 780 2813; x_wconf 88' lang='lat' dir='ltr'>Lehrbuoh</span> 
     </span>
     <span class='ocr_line' id='line_1_33' title="bbox 238 2830 779 2897; baseline 0.004 -16"><span class='ocrx_word' id='word_1_165' title='bbox 238 2835 326 2894; x_wconf 65' lang='grc' dir='ltr'><strong><em>τυσξ</em></strong></span> <span class='ocrx_word' id='word_1_166' title='bbox 330 2830 484 2897; x_wconf 83' lang='lat' dir='ltr'><strong>1.1Q]vl‚</strong></span> <span class='ocrx_word' id='word_1_167' title='bbox 502 2832 569 2893; x_wconf 70' lang='lat'>1233</span> <span class='ocrx_word' id='word_1_168' title='bbox 593 2832 690 2883; x_wconf 82' lang='lat' dir='ltr'>etfuit</span> <span class='ocrx_word' id='word_1_169' title='bbox 701 2835 779 2895; x_wconf 87' lang='lat' dir='ltr'>Hip-</span> 
     </span>
     <span class='ocr_line' id='line_1_34' title="bbox 237 2903 777 2969; baseline 0.009 -21"><span class='ocrx_word' id='word_1_170' title='bbox 237 2904 297 2965; x_wconf 86' lang='lat' dir='ltr'>pias</span> <span class='ocrx_word' id='word_1_171' title='bbox 311 2903 489 2952; x_wconf 81' lang='lat' dir='ltr'>exacerbatus</span> <span class='ocrx_word' id='word_1_172' title='bbox 499 2903 622 2953; x_wconf 81' lang='lat' dir='ltr'>fraterna</span> <span class='ocrx_word' id='word_1_173' title='bbox 633 2904 717 2953; x_wconf 87' lang='lat' dir='ltr'>caede</span> <span class='ocrx_word' id='word_1_174' title='bbox 733 2903 777 2969; x_wconf 68' lang='grc' dir='ltr'>ΙΙΙ,</span> 
     </span>
     <span class='ocr_line' id='line_1_35' title="bbox 236 2967 778 3048; baseline -0.002 -27"><span class='ocrx_word' id='word_1_175' title='bbox 236 2967 283 3048; x_wconf 74' lang='grc'>62]</span> <span class='ocrx_word' id='word_1_176' title='bbox 299 2978 378 3035; x_wconf 87' lang='lat' dir='ltr'>patre</span> <span class='ocrx_word' id='word_1_177' title='bbox 397 2973 535 3036; x_wconf 80' lang='lat' dir='ltr'>fratreque</span> <span class='ocrx_word' id='word_1_178' title='bbox 550 2973 631 3039; x_wconf 78' lang='lat' dir='ltr'>longe</span> <span class='ocrx_word' id='word_1_179' title='bbox 645 2989 677 3021; x_wconf 90' lang='grc' dir='ltr'>τυ</span> <span class='ocrx_word' id='word_1_180' title='bbox 681 2988 778 3031; x_wconf 84' lang='grc' dir='ltr'><strong><em>ρανιι-</em></strong></span> 
     </span>
     <span class='ocr_line' id='line_1_36' title="bbox 236 3036 778 3107; baseline 0.007 -20"><span class='ocrx_word' id='word_1_181' title='bbox 236 3036 373 3100; x_wconf 65' lang='lat' dir='ltr'>auraque,</span> <span class='ocrx_word' id='word_1_182' title='bbox 388 3044 556 3107; x_wconf 81' lang='lat' dir='ltr'>Aristogiton</span> <span class='ocrx_word' id='word_1_183' title='bbox 568 3048 596 3093; x_wconf 91' lang='lat' dir='ltr'>et</span> <span class='ocrx_word' id='word_1_184' title='bbox 608 3041 710 3093; x_wconf 87' lang='lat' dir='ltr'>sodalis</span> <span class='ocrx_word' id='word_1_185' title='bbox 723 3058 778 3092; x_wconf 90' lang='lat' dir='ltr'>nou</span> 
     </span>
     <span class='ocr_line' id='line_1_37' title="bbox 236 3109 778 3175; baseline 0.004 -16"><span class='ocrx_word' id='word_1_186' title='bbox 236 3109 407 3160; x_wconf 83' lang='lat' dir='ltr'>habebantur</span> <span class='ocrx_word' id='word_1_187' title='bbox 425 3116 545 3171; x_wconf 90' lang='lat' dir='ltr'>tantum,</span> <span class='ocrx_word' id='word_1_188' title='bbox 567 3118 597 3162; x_wconf 94' lang='lat' dir='ltr'>ut</span> <span class='ocrx_word' id='word_1_189' title='bbox 617 3119 712 3173; x_wconf 88' lang='lat' dir='ltr'>er,ant</span> <span class='ocrx_word' id='word_1_190' title='bbox 734 3118 778 3175; x_wconf 89' lang='lat' dir='ltr'>ty-</span> 
     </span>
     <span class='ocr_line' id='line_1_38' title="bbox 235 3180 778 3245; baseline 0 -16"><span class='ocrx_word' id='word_1_191' title='bbox 235 3181 408 3241; x_wconf 88' lang='lat' dir='ltr'>rannicidae,</span> <span class='ocrx_word' id='word_1_192' title='bbox 428 3182 476 3231; x_wconf 88' lang='lat' dir='ltr'>sud</span> <span class='ocrx_word' id='word_1_193' title='bbox 493 3181 575 3245; x_wconf 76' lang='lat' dir='ltr'>vulgo</span> <span class='ocrx_word' id='word_1_194' title='bbox 595 3180 778 3230; x_wconf 85' lang='lat' dir='ltr'>laudabantur</span> 
     </span>
     <span class='ocr_line' id='line_1_39' title="bbox 235 3249 778 3315; baseline 0.004 -18"><span class='ocrx_word' id='word_1_195' title='bbox 235 3249 364 3312; x_wconf 86' lang='lat' dir='ltr'>Athenis,</span> <span class='ocrx_word' id='word_1_196' title='bbox 387 3255 525 3314; x_wconf 88' lang='lat' dir='ltr'>tamquam</span> <span class='ocrx_word' id='word_1_197' title='bbox 545 3253 591 3315; x_wconf 91' lang='lat' dir='ltr'>qui</span> <span class='ocrx_word' id='word_1_198' title='bbox 609 3250 718 3301; x_wconf 88' lang='lat' dir='ltr'>sublata</span> <span class='ocrx_word' id='word_1_199' title='bbox 734 3255 778 3313; x_wconf 90' lang='lat' dir='ltr'>ty-</span> 
     </span>
     <span class='ocr_line' id='line_1_40' title="bbox 234 3319 778 3382; baseline 0.006 -15"><span class='ocrx_word' id='word_1_200' title='bbox 234 3319 349 3368; x_wconf 89' lang='lat' dir='ltr'>rannide</span> <span class='ocrx_word' id='word_1_201' title='bbox 372 3334 448 3368; x_wconf 87' lang='lat' dir='ltr'>suam</span> <span class='ocrx_word' id='word_1_202' title='bbox 469 3321 574 3382; x_wconf 88' lang='lat' dir='ltr'>patriae</span> <span class='ocrx_word' id='word_1_203' title='bbox 594 3320 778 3370; x_wconf 87' lang='lat' dir='ltr'>reddidissent</span> 
     </span>
     <span class='ocr_line' id='line_1_41' title="bbox 236 3388 777 3439; baseline 0.006 -3"><span class='ocrx_word' id='word_1_204' title='bbox 236 3388 419 3437; x_wconf 87' lang='lat' dir='ltr'>libe1·.“tatem</span> <span class='ocrx_word' id='word_1_205' title='bbox 446 3389 676 3439; x_wconf 20' lang='lat' dir='ltr'>Vuwlcheuur</span> <span class='ocrx_word' id='word_1_206' title='bbox 709 3390 777 3439; x_wconf 88' lang='lat' dir='ltr'>Mihi</span> 
     </span>
     <span class='ocr_line' id='line_1_42' title="bbox 235 3459 778 3520; baseline 0.004 -12"><span class='ocrx_word' id='word_1_207' title='bbox 235 3473 394 3520; x_wconf 87' lang='lat' dir='ltr'>persuasum</span> <span class='ocrx_word' id='word_1_208' title='bbox 408 3462 464 3519; x_wconf 88' lang='lat' dir='ltr'>est,</span> <span class='ocrx_word' id='word_1_209' title='bbox 486 3459 611 3509; x_wconf 89' lang='lat' dir='ltr'>consulto</span> <span class='ocrx_word' id='word_1_210' title='bbox 627 3459 705 3509; x_wconf 86' lang='lat' dir='ltr'>illata</span> <span class='ocrx_word' id='word_1_211' title='bbox 718 3475 778 3510; x_wconf 89' lang='lat' dir='ltr'>csse</span> 
     </span>
     <span class='ocr_line' id='line_1_43' title="bbox 236 3494 778 3609; baseline 0.002 -34"><span class='ocrx_word' id='word_1_212' title='bbox 236 3526 304 3577; x_wconf 89' lang='lat' dir='ltr'>baec</span> <span class='ocrx_word' id='word_1_213' title='bbox 318 3528 402 3577; x_wconf 83' lang='lat' dir='ltr'>verba</span> <span class='ocrx_word' id='word_1_214' title='bbox 418 3494 497 3590; x_wconf 71' lang='grc' dir='ltr'>(μέτά</span> <span class='ocrx_word' id='word_1_215' title='bbox 510 3543 597 3576; x_wconf 88' lang='grc' dir='ltr'><strong><em>ταυτα</em></strong></span> <span class='ocrx_word' id='word_1_216' title='bbox 612 3518 778 3609; x_wconf 75' lang='grc' dir='ltr'><strong><em>ἐτυραννεύ-</em></strong></span> 
     </span>
     <span class='ocr_line' id='line_1_44' title="bbox 236 3587 778 3680; baseline 0.004 -36"><span class='ocrx_word' id='word_1_217' title='bbox 236 3611 303 3644; x_wconf 89' lang='grc' dir='ltr'><strong><em>οντο</em></strong></span> <span class='ocrx_word' id='word_1_218' title='bbox 312 3589 468 3680; x_wconf 80' lang='grc' dir='ltr'><strong><em>Ἀθηναιοι</em></strong></span> <span class='ocrx_word' id='word_1_219' title='bbox 469 3587 514 3645; x_wconf 71' lang='grc' dir='ltr'>ἐπ’</span> <span class='ocrx_word' id='word_1_220' title='bbox 523 3590 626 3646; x_wconf 76' lang='grc' dir='ltr'><strong><em>ἕτερ’</em></strong></span> <span class='ocrx_word' id='word_1_221' title='bbox 597 3609 711 3657; x_wconf 82' lang='grc' dir='ltr'><strong><em>τεσσιρα</em></strong></span> <span class='ocrx_word' id='word_1_222' title='bbox 723 3589 778 3646; x_wconf 78' lang='lat' dir='ltr'>ori-</span> 
     </span>
     <span class='ocr_line' id='line_1_45' title="bbox 235 3657 777 3727; baseline 0.004 -14"><span class='ocrx_word' id='word_1_223' title='bbox 235 3659 336 3714; x_wconf 72' lang='lat' dir='ltr'>‹iiv‘r</span> <span class='ocrx_word' id='word_1_224' title='bbox 321 3679 425 3716; x_wconf 88' lang='grc' dir='ltr'><strong><em>εσσον</em></strong></span> <span class='ocrx_word' id='word_1_225' title='bbox 450 3657 536 3715; x_wconf 73' lang='grc' dir='ltr'><strong><em>αλλὰ</em></strong></span> <span class='ocrx_word' id='word_1_226' title='bbox 560 3661 777 3727; x_wconf 73' lang='grc' dir='ltr'><strong><em>καὶμᾶλλον</em></strong></span> 
     </span>
     <span class='ocr_line' id='line_1_46' title="bbox 235 3727 777 3802; baseline 0.006 -19"><span class='ocrx_word' id='word_1_227' title='bbox 235 3727 300 3795; x_wconf 82' lang='grc' dir='ltr'>πρὸ</span> <span class='ocrx_word' id='word_1_228' title='bbox 320 3733 395 3798; x_wconf 78' lang='grc' dir='ltr'><strong><em>τοῦ)</em></strong></span> <span class='ocrx_word' id='word_1_229' title='bbox 419 3753 436 3785; x_wconf 89' lang='grc' dir='ltr'>ιι</span> <span class='ocrx_word' id='word_1_230' title='bbox 453 3743 546 3787; x_wconf 90' lang='lat' dir='ltr'>nostro</span> <span class='ocrx_word' id='word_1_231' title='bbox 562 3738 706 3802; x_wconf 85' lang='lat' dir='ltr'>scriptore,</span> <span class='ocrx_word' id='word_1_232' title='bbox 731 3738 777 3801; x_wconf 91' lang='lat' dir='ltr'>qui</span> 
     </span>
     <span class='ocr_line' id='line_1_47' title="bbox 234 3805 776 3872; baseline 0.002 -18"><span class='ocrx_word' id='word_1_233' title='bbox 234 3805 301 3855; x_wconf 89' lang='lat' dir='ltr'>bene</span> <span class='ocrx_word' id='word_1_234' title='bbox 315 3810 388 3857; x_wconf 90' lang='lat' dir='ltr'>certe</span> <span class='ocrx_word' id='word_1_235' title='bbox 400 3812 530 3869; x_wconf 83' lang='lat' dir='ltr'>noverat,</span> <span class='ocrx_word' id='word_1_236' title='bbox 549 3808 629 3871; x_wconf 82' lang='lat' dir='ltr'>vulgo</span> <span class='ocrx_word' id='word_1_237' title='bbox 642 3806 715 3872; x_wconf 85' lang='lat' dir='ltr'>apud</span> <span class='ocrx_word' id='word_1_238' title='bbox 727 3808 776 3856; x_wconf 91' lang='lat' dir='ltr'>At·</span> 
     </span>
     <span class='ocr_line' id='line_1_48' title="bbox 235 3876 776 3941; baseline 0.002 -16"><span class='ocrx_word' id='word_1_239' title='bbox 235 3876 304 3926; x_wconf 90' lang='lat' dir='ltr'>ticos</span> <span class='ocrx_word' id='word_1_240' title='bbox 329 3891 387 3926; x_wconf 85' lang='lat' dir='ltr'>eam</span> <span class='ocrx_word' id='word_1_241' title='bbox 409 3876 493 3927; x_wconf 88' lang='lat' dir='ltr'>fuisse</span> <span class='ocrx_word' id='word_1_242' title='bbox 512 3882 650 3940; x_wconf 87' lang='lat' dir='ltr'>receptam</span> <span class='ocrx_word' id='word_1_243' title='bbox 670 3879 776 3941; x_wconf 88' lang='lat' dir='ltr'>opinio·</span> 
     </span>
     <span class='ocr_line' id='line_1_49' title="bbox 233 3947 776 4012; baseline 0 -17"><span class='ocrx_word' id='word_1_244' title='bbox 233 3961 309 4006; x_wconf 90' lang='lat' dir='ltr'>nem,</span> <span class='ocrx_word' id='word_1_245' title='bbox 324 3962 378 4011; x_wconf 91' lang='lat' dir='ltr'>qua</span> <span class='ocrx_word' id='word_1_246' title='bbox 386 3947 598 4012; x_wconf 82' lang='lat' dir='ltr'>Aristogitonem</span> <span class='ocrx_word' id='word_1_247' title='bbox 612 3952 695 4011; x_wconf 88' lang='lat' dir='ltr'>atque</span> <span class='ocrx_word' id='word_1_248' title='bbox 705 3948 776 3996; x_wconf 90' lang='lat' dir='ltr'>Har</span> 
     </span>
     <span class='ocr_line' id='line_1_50' title="bbox 233 4016 776 4081; baseline 0.002 -16"><span class='ocrx_word' id='word_1_249' title='bbox 233 4016 351 4067; x_wconf 85' lang='lat' dir='ltr'>modium</span> <span class='ocrx_word' id='word_1_250' title='bbox 365 4016 490 4068; x_wconf 86' lang='lat' dir='ltr'>sublatae</span> <span class='ocrx_word' id='word_1_251' title='bbox 504 4018 659 4081; x_wconf 80' lang='lat' dir='ltr'>tyrannidis</span> <span class='ocrx_word' id='word_1_252' title='bbox 674 4017 776 4066; x_wconf 77' lang='lat' dir='ltr'>terrent</span> 
     </span>
     <span class='ocr_line' id='line_1_51' title="bbox 233 4087 776 4152; baseline 0 -17"><span class='ocrx_word' id='word_1_253' title='bbox 233 4092 372 4137; x_wconf 86' lang='lat' dir='ltr'>auctores.</span> <span class='ocrx_word' id='word_1_254' title='bbox 385 4088 482 4152; x_wconf 89' lang='lat' dir='ltr'>quibus</span> <span class='ocrx_word' id='word_1_255' title='bbox 495 4104 561 4138; x_wconf 90' lang='lat' dir='ltr'>sane</span> <span class='ocrx_word' id='word_1_256' title='bbox 573 4087 642 4139; x_wconf 91' lang='lat' dir='ltr'>haec</span> <span class='ocrx_word' id='word_1_257' title='bbox 652 4088 711 4137; x_wconf 90' lang='lat' dir='ltr'>laus</span> <span class='ocrx_word' id='word_1_258' title='bbox 726 4088 776 4135; x_wconf 89' lang='lat' dir='ltr'>mi-</span> 
     </span>
     <span class='ocr_line' id='line_1_52' title="bbox 232 4157 776 4221; baseline 0.002 -16"><span class='ocrx_word' id='word_1_259' title='bbox 232 4157 303 4207; x_wconf 89' lang='lat' dir='ltr'>nime</span> <span class='ocrx_word' id='word_1_260' title='bbox 323 4157 449 4217; x_wconf 89' lang='lat' dir='ltr'>debetur,</span> <span class='ocrx_word' id='word_1_261' title='bbox 472 4174 530 4209; x_wconf 88' lang='lat' dir='ltr'>curn</span> <span class='ocrx_word' id='word_1_262' title='bbox 547 4158 690 4208; x_wconf 80' lang='lat' dir='ltr'>interiecto</span> <span class='ocrx_word' id='word_1_263' title='bbox 705 4159 776 4221; x_wconf 89' lang='lat' dir='ltr'>Hip-</span> 
     </span>
     <span class='ocr_line' id='line_1_53' title="bbox 232 4226 776 4291; baseline 0.004 -17"><span class='ocrx_word' id='word_1_264' title='bbox 232 4226 333 4289; x_wconf 86' lang='lat' dir='ltr'>parcho</span> <span class='ocrx_word' id='word_1_265' title='bbox 356 4227 391 4275; x_wconf 87' lang='lat' dir='ltr'>ad</span> <span class='ocrx_word' id='word_1_266' title='bbox 415 4226 443 4275; x_wconf 92' lang='lat' dir='ltr'>id</span> <span class='ocrx_word' id='word_1_267' title='bbox 472 4227 658 4278; x_wconf 90' lang='lat' dir='ltr'>tantummodo</span> <span class='ocrx_word' id='word_1_268' title='bbox 678 4243 776 4291; x_wconf 91' lang='lat' dir='ltr'>provo·</span> 
     </span>
     <span class='ocr_line' id='line_1_54' title="bbox 232 4296 776 4347; baseline 0.006 -5"><span class='ocrx_word' id='word_1_269' title='bbox 232 4310 311 4343; x_wconf 86' lang='lat' dir='ltr'>casse</span> <span class='ocrx_word' id='word_1_270' title='bbox 331 4296 485 4345; x_wconf 86' lang='lat' dir='ltr'>videantur.</span> <span class='ocrx_word' id='word_1_271' title='bbox 521 4299 645 4347; x_wconf 91' lang='lat' dir='ltr'>Pertinet</span> <span class='ocrx_word' id='word_1_272' title='bbox 661 4297 742 4347; x_wconf 91' lang='lat' dir='ltr'>huc&#39;</span> <span class='ocrx_word' id='word_1_273' title='bbox 734 4313 776 4345; x_wconf 89' lang='lat' dir='ltr'>m·</span> 
     </span>
     <span class='ocr_line' id='line_1_55' title="bbox 231 4364 776 4431; baseline 0.006 -19"><span class='ocrx_word' id='word_1_274' title='bbox 231 4364 328 4431; x_wconf 87' lang='lat' dir='ltr'>primis</span> <span class='ocrx_word' id='word_1_275' title='bbox 345 4365 548 4416; x_wconf 89' lang='lat' dir='ltr'>celeberrimum</span> <span class='ocrx_word' id='word_1_276' title='bbox 570 4367 637 4416; x_wconf 86' lang='lat' dir='ltr'>illud</span> <span class='ocrx_word' id='word_1_277' title='bbox 657 4366 776 4428; x_wconf 80' lang='lat' dir='ltr'>Scoiiou,</span> 
     </span>
     <span class='ocr_line' id='line_1_56' title="bbox 234 4434 775 4501; baseline 0.004 -17"><span class='ocrx_word' id='word_1_278' title='bbox 234 4440 373 4486; x_wconf 87' lang='lat' dir='ltr'>servatum</span> <span class='ocrx_word' id='word_1_279' title='bbox 385 4435 420 4486; x_wconf 86' lang='lat' dir='ltr'>ab</span> <span class='ocrx_word' id='word_1_280' title='bbox 430 4436 571 4489; x_wconf 87' lang='lat' dir='ltr'>Athenaeo</span> <span class='ocrx_word' id='word_1_281' title='bbox 580 4438 637 4488; x_wconf 88' lang='lat' dir='ltr'>XV.</span> <span class='ocrx_word' id='word_1_282' title='bbox 648 4452 675 4501; x_wconf 87' lang='lat' dir='ltr'>p.</span> <span class='ocrx_word' id='word_1_283' title='bbox 685 4434 775 4488; x_wconf 74' lang='lat' dir='ltr'>aaut.</span> 
     </span>
    </p>
   </div>
   <div class='ocr_carea' id='block_1_4' title="bbox 826 805 1378 4505">
    <p class='ocr_par' dir='ltr' id='par_1_5' title="bbox 826 805 1377 4351">
     <span class='ocr_line' id='line_1_57' title="bbox 833 805 1376 875; baseline -0.004 -16"><span class='ocrx_word' id='word_1_284' title='bbox 833 809 900 875; x_wconf 84' lang='lat' dir='ltr'>(vid.</span> <span class='ocrx_word' id='word_1_285' title='bbox 911 808 1010 873; x_wconf 80' lang='lat' dir='ltr'>Bergk.</span> <span class='ocrx_word' id='word_1_286' title='bbox 1022 809 1114 859; x_wconf 78' lang='lat' dir='ltr'>Po&#39;ett.</span> <span class='ocrx_word' id='word_1_287' title='bbox 1125 806 1219 871; x_wconf 85' lang='lat' dir='ltr'>lyrico.</span> <span class='ocrx_word' id='word_1_288' title='bbox 1232 822 1292 872; x_wconf 84' lang='lat' dir='ltr'>pag.</span> <span class='ocrx_word' id='word_1_289' title='bbox 1308 805 1376 857; x_wconf 80' lang='lat'>1019</span> 
     </span>
     <span class='ocr_line' id='line_1_58' title="bbox 832 877 1377 945; baseline -0.013 -14"><span class='ocrx_word' id='word_1_290' title='bbox 832 877 936 945; x_wconf 87' lang='lat' dir='ltr'>seqq),</span> <span class='ocrx_word' id='word_1_291' title='bbox 950 879 1114 928; x_wconf 89' lang='lat' dir='ltr'>inhonorem</span> <span class='ocrx_word' id='word_1_292' title='bbox 1126 877 1268 927; x_wconf 87' lang='lat' dir='ltr'>Harmodii</span> <span class='ocrx_word' id='word_1_293' title='bbox 1280 883 1307 927; x_wconf 92' lang='lat' dir='ltr'>et</span> <span class='ocrx_word' id='word_1_294' title='bbox 1317 878 1377 926; x_wconf 80' lang='lat' dir='ltr'>Ari·</span> 
     </span>
     <span class='ocr_line' id='line_1_59' title="bbox 833 946 1376 1014; baseline -0.009 -14"><span class='ocrx_word' id='word_1_295' title='bbox 833 949 979 1014; x_wconf 81' lang='lat' dir='ltr'>stogitonis</span> <span class='ocrx_word' id='word_1_296' title='bbox 989 948 1097 998; x_wconf 86' lang='lat' dir='ltr'>cantari</span> <span class='ocrx_word' id='word_1_297' title='bbox 1108 946 1232 1003; x_wconf 81' lang='lat' dir='ltr'>solitum,</span> <span class='ocrx_word' id='word_1_298' title='bbox 1244 949 1271 995; x_wconf 91' lang='lat' dir='ltr'>in</span> <span class='ocrx_word' id='word_1_299' title='bbox 1283 962 1335 1012; x_wconf 92' lang='lat' dir='ltr'>quo</span> <span class='ocrx_word' id='word_1_300' title='bbox 1345 946 1376 995; x_wconf 89' lang='lat' dir='ltr'>hi</span> 
     </span>
     <span class='ocr_line' id='line_1_60' title="bbox 832 1017 1375 1080; baseline -0.011 -10"><span class='ocrx_word' id='word_1_301' title='bbox 832 1021 960 1071; x_wconf 87' lang='lat' dir='ltr'>dicuutur</span> <span class='ocrx_word' id='word_1_302' title='bbox 977 1034 1030 1068; x_wconf 89' lang='lat' dir='ltr'>uon</span> <span class='ocrx_word' id='word_1_303' title='bbox 1050 1022 1156 1067; x_wconf 85' lang='lat' dir='ltr'>tautum</span> <span class='ocrx_word' id='word_1_304' title='bbox 1178 1017 1312 1067; x_wconf 84' lang='lat' dir='ltr'>occidisse</span> <span class='ocrx_word' id='word_1_305' title='bbox 1331 1023 1375 1080; x_wconf 88' lang='lat' dir='ltr'>ty-</span> 
     </span>
     <span class='ocr_line' id='line_1_61' title="bbox 832 1087 1377 1150; baseline -0.009 -10"><span class='ocrx_word' id='word_1_306' title='bbox 832 1105 964 1150; x_wconf 87' lang='lat' dir='ltr'>rannum,</span> <span class='ocrx_word' id='word_1_307' title='bbox 985 1089 1032 1139; x_wconf 89' lang='lat' dir='ltr'>sed</span> <span class='ocrx_word' id='word_1_308' title='bbox 1046 1088 1167 1138; x_wconf 87' lang='lat' dir='ltr'>Athenas</span> <span class='ocrx_word' id='word_1_309' title='bbox 1189 1088 1271 1136; x_wconf 88' lang='lat' dir='ltr'>etiam</span> <span class='ocrx_word' id='word_1_310' title='bbox 1288 1087 1377 1137; x_wconf 88' lang='lat' dir='ltr'>reddi-</span> 
     </span>
     <span class='ocr_line' id='line_1_62' title="bbox 833 1150 1377 1223; baseline -0.006 -15"><span class='ocrx_word' id='word_1_311' title='bbox 833 1162 907 1211; x_wconf 83' lang='lat' dir='ltr'>disse</span> <span class='ocrx_word' id='word_1_312' title='bbox 919 1150 1081 1223; x_wconf 76' lang='grc' dir='ltr'><strong><em>ἰσονόμους,</em></strong></span> <span class='ocrx_word' id='word_1_313' title='bbox 1094 1160 1113 1207; x_wconf 90' lang='lat' dir='ltr'>i.</span> <span class='ocrx_word' id='word_1_314' title='bbox 1128 1173 1151 1206; x_wconf 89' lang='lat' dir='ltr'>e.</span> <span class='ocrx_word' id='word_1_315' title='bbox 1166 1154 1277 1218; x_wconf 85' lang='lat' dir='ltr'>liberas,</span> <span class='ocrx_word' id='word_1_316' title='bbox 1292 1157 1332 1206; x_wconf 86' lang='lat' dir='ltr'>ita</span> <span class='ocrx_word' id='word_1_317' title='bbox 1344 1161 1377 1205; x_wconf 91' lang='lat' dir='ltr'>ut</span> 
     </span>
     <span class='ocr_line' id='line_1_63' title="bbox 833 1226 1375 1291; baseline -0.009 -11"><span class='ocrx_word' id='word_1_318' title='bbox 833 1245 925 1281; x_wconf 86' lang='lat' dir='ltr'>ornnes</span> <span class='ocrx_word' id='word_1_319' title='bbox 934 1229 1009 1278; x_wconf 82' lang='lat' dir='ltr'>cives</span> <span class='ocrx_word' id='word_1_320' title='bbox 1018 1229 1080 1291; x_wconf 89' lang='lat' dir='ltr'>pari</span> <span class='ocrx_word' id='word_1_321' title='bbox 1092 1227 1310 1278; x_wconf 79' lang='lat' dir='ltr'>intentarentur</span> <span class='ocrx_word' id='word_1_322' title='bbox 1333 1226 1375 1275; x_wconf 91' lang='lat' dir='ltr'>Ac</span> 
     </span>
     <span class='ocr_line' id='line_1_64' title="bbox 832 1293 1375 1362; baseline -0.009 -13"><span class='ocrx_word' id='word_1_323' title='bbox 832 1300 875 1349; x_wconf 86' lang='lat' dir='ltr'>vel</span> <span class='ocrx_word' id='word_1_324' title='bbox 889 1298 967 1348; x_wconf 90' lang='lat' dir='ltr'>Plato</span> <span class='ocrx_word' id='word_1_325' title='bbox 981 1298 1116 1362; x_wconf 83' lang='lat' dir='ltr'>(Sympos.</span> <span class='ocrx_word' id='word_1_326' title='bbox 1130 1311 1191 1360; x_wconf 88' lang='lat' dir='ltr'>cap.</span> <span class='ocrx_word' id='word_1_327' title='bbox 1199 1298 1224 1347; x_wconf 80' lang='lat' dir='ltr'>a.</span> <span class='ocrx_word' id='word_1_328' title='bbox 1238 1312 1262 1360; x_wconf 96' lang='lat' dir='ltr'>p.</span> <span class='ocrx_word' id='word_1_329' title='bbox 1272 1293 1375 1360; x_wconf 78' lang='lat'>1820.)</span> 
     </span>
     <span class='ocr_line' id='line_1_65' title="bbox 832 1366 1376 1446; baseline -0.007 -27"><span class='ocrx_word' id='word_1_330' title='bbox 832 1384 950 1420; x_wconf 88' lang='lat' dir='ltr'>amorem</span> <span class='ocrx_word' id='word_1_331' title='bbox 966 1367 1109 1417; x_wconf 86' lang='lat' dir='ltr'>Harmodii</span> <span class='ocrx_word' id='word_1_332' title='bbox 1133 1371 1160 1415; x_wconf 90' lang='lat' dir='ltr'>et</span> <span class='ocrx_word' id='word_1_333' title='bbox 1161 1366 1376 1446; x_wconf 74' lang='lat' dir='ltr'>Aristogitonis</span> 
     </span>
     <span class='ocr_line' id='line_1_66' title="bbox 832 1426 1378 1499; baseline -0.013 -10"><span class='ocrx_word' id='word_1_334' title='bbox 832 1440 901 1489; x_wconf 79' lang='lat' dir='ltr'>dixit</span> <span class='ocrx_word' id='word_1_335' title='bbox 919 1435 1071 1486; x_wconf 76' lang='grc' dir='ltr'><strong><em>καταλῦσαι</em></strong></span> <span class='ocrx_word' id='word_1_336' title='bbox 1084 1427 1138 1498; x_wconf 77' lang='grc' dir='ltr'><strong><em>τήν</em></strong></span> <span class='ocrx_word' id='word_1_337' title='bbox 1151 1426 1244 1499; x_wconf 76' lang='grc' dir='ltr'><strong><em>ἀρχὴν</em></strong></span> <span class='ocrx_word' id='word_1_338' title='bbox 1258 1432 1315 1483; x_wconf 79' lang='grc' dir='ltr'>τών</span> <span class='ocrx_word' id='word_1_339' title='bbox 1328 1450 1378 1482; x_wconf 86' lang='grc' dir='ltr'>τυ-</span> 
     </span>
     <span class='ocr_line' id='line_1_67' title="bbox 832 1505 1377 1572; baseline -0.008 -15"><span class='ocrx_word' id='word_1_340' title='bbox 832 1522 960 1572; x_wconf 73' lang='grc' dir='ltr'><strong><em>ραννωνε</em></strong></span> <span class='ocrx_word' id='word_1_341' title='bbox 989 1508 1036 1571; x_wconf 90' lang='lat' dir='ltr'>qui</span> <span class='ocrx_word' id='word_1_342' title='bbox 1058 1507 1127 1555; x_wconf 91' lang='lat' dir='ltr'>idem</span> <span class='ocrx_word' id='word_1_343' title='bbox 1150 1505 1265 1555; x_wconf 89' lang='lat' dir='ltr'>Plato</span> <span class='ocrx_word' id='word_1_344' title='bbox 1257 1520 1285 1555; x_wconf 90' lang='lat' dir='ltr'>ru</span> <span class='ocrx_word' id='word_1_345' title='bbox 1308 1505 1377 1568; x_wconf 90' lang='lat' dir='ltr'>Hip·</span> 
     </span>
     <span class='ocr_line' id='line_1_68' title="bbox 832 1576 1377 1645; baseline -0.011 -16"><span class='ocrx_word' id='word_1_346' title='bbox 832 1577 924 1645; x_wconf 92' lang='lat' dir='ltr'>parcb.</span> <span class='ocrx_word' id='word_1_347' title='bbox 945 1593 972 1641; x_wconf 85' lang='lat' dir='ltr'>p.</span> <span class='ocrx_word' id='word_1_348' title='bbox 994 1577 1073 1626; x_wconf 73' lang='lat' dir='ltr'>229ss</span> <span class='ocrx_word' id='word_1_349' title='bbox 1097 1577 1130 1627; x_wconf 86' lang='lat' dir='ltr'>de</span> <span class='ocrx_word' id='word_1_350' title='bbox 1147 1576 1308 1625; x_wconf 88' lang='lat' dir='ltr'>continuata</span> <span class='ocrx_word' id='word_1_351' title='bbox 1327 1589 1377 1638; x_wconf 86' lang='lat' dir='ltr'>per</span> 
     </span>
     <span class='ocr_line' id='line_1_69' title="bbox 832 1645 1375 1712; baseline -0.009 -15"><span class='ocrx_word' id='word_1_352' title='bbox 832 1650 963 1712; x_wconf 87' lang='lat' dir='ltr'>Hippiam</span> <span class='ocrx_word' id='word_1_353' title='bbox 985 1646 1131 1710; x_wconf 81' lang='lat' dir='ltr'>tyrannide</span> <span class='ocrx_word' id='word_1_354' title='bbox 1150 1651 1225 1695; x_wconf 85' lang='lat' dir='ltr'>recte</span> <span class='ocrx_word' id='word_1_355' title='bbox 1246 1645 1375 1710; x_wconf 89' lang='lat' dir='ltr'>loquitur.</span> 
     </span>
     <span class='ocr_line' id='line_1_70' title="bbox 832 1715 1377 1783; baseline -0.009 -14"><span class='ocrx_word' id='word_1_356' title='bbox 832 1718 979 1783; x_wconf 81' lang='lat' dir='ltr'>Vulgatam</span> <span class='ocrx_word' id='word_1_357' title='bbox 996 1717 1150 1779; x_wconf 91' lang='lat' dir='ltr'>opinionem</span> <span class='ocrx_word' id='word_1_358' title='bbox 1168 1715 1291 1780; x_wconf 87' lang='lat' dir='ltr'>sequitur</span> <span class='ocrx_word' id='word_1_359' title='bbox 1310 1730 1377 1779; x_wconf 92' lang='lat' dir='ltr'>quo·</span> 
     </span>
     <span class='ocr_line' id='line_1_71' title="bbox 834 1784 1375 1854; baseline -0.009 -16"><span class='ocrx_word' id='word_1_360' title='bbox 834 1804 885 1854; x_wconf 88' lang='lat' dir='ltr'>que</span> <span class='ocrx_word' id='word_1_361' title='bbox 900 1787 1030 1837; x_wconf 76' lang='lat' dir='ltr'>Arrianus</span> <span class='ocrx_word' id='word_1_362' title='bbox 1044 1784 1062 1839; x_wconf 92' lang='lat' dir='ltr'>i</span> <span class='ocrx_word' id='word_1_363' title='bbox 1078 1785 1111 1848; x_wconf 90' lang='lat' dir='ltr'>l.,</span> <span class='ocrx_word' id='word_1_364' title='bbox 1131 1784 1202 1835; x_wconf 88' lang='lat' dir='ltr'>alios</span> <span class='ocrx_word' id='word_1_365' title='bbox 1215 1789 1247 1835; x_wconf 91' lang='lat' dir='ltr'>ut</span> <span class='ocrx_word' id='word_1_366' title='bbox 1258 1789 1375 1837; x_wconf 87' lang='lat' dir='ltr'>taceam.</span> 
     </span>
     <span class='ocr_line' id='line_1_72' title="bbox 834 1854 1375 1936; baseline -0.004 -29"><span class='ocrx_word' id='word_1_367' title='bbox 834 1859 892 1936; x_wconf 79' lang='lat' dir='ltr'>Quo</span> <span class='ocrx_word' id='word_1_368' title='bbox 912 1873 977 1907; x_wconf 89' lang='lat' dir='ltr'>sane</span> <span class='ocrx_word' id='word_1_369' title='bbox 994 1855 1096 1907; x_wconf 87' lang='lat' dir='ltr'>rectius</span> <span class='ocrx_word' id='word_1_370' title='bbox 1114 1854 1250 1905; x_wconf 88' lang='lat' dir='ltr'>Diodorus</span> <span class='ocrx_word' id='word_1_371' title='bbox 1268 1856 1323 1918; x_wconf 92' lang='lat' dir='ltr'>IX,</span> <span class='ocrx_word' id='word_1_372' title='bbox 1342 1855 1375 1905; x_wconf 81' lang='lat'>3:</span> 
     </span>
     <span class='ocr_line' id='line_1_73' title="bbox 833 1893 1377 2002; baseline -0.004 -28"><span class='ocrx_word' id='word_1_373' title='bbox 833 1954 865 1963; x_wconf 91' lang='lat'>—</span> <span class='ocrx_word' id='word_1_374' title='bbox 874 1918 1022 1989; x_wconf 76' lang='grc' dir='ltr'><strong><em>Ἀραόδιος</em></strong></span> <span class='ocrx_word' id='word_1_375' title='bbox 1036 1922 1083 1974; x_wconf 79' lang='lat' dir='ltr'>uui</span> <span class='ocrx_word' id='word_1_376' title='bbox 1101 1893 1323 2002; x_wconf 70' lang='grc' dir='ltr'><strong><em>Ἀριστογειτοιν</em></strong></span> <span class='ocrx_word' id='word_1_377' title='bbox 1326 1939 1377 1973; x_wconf 86' lang='grc' dir='ltr'><strong><em>ιια-</em></strong></span> 
     </span>
     <span class='ocr_line' id='line_1_74' title="bbox 832 1986 1376 2076; baseline -0.006 -31"><span class='ocrx_word' id='word_1_378' title='bbox 832 1990 944 2045; x_wconf 69' lang='lat' dir='ltr'>soldaio</span> <span class='ocrx_word' id='word_1_379' title='bbox 972 1989 1212 2076; x_wconf 74' lang='grc' dir='ltr'><strong><em>ἐπεχείρησαν</em></strong></span> <span class='ocrx_word' id='word_1_380' title='bbox 1239 1986 1293 2057; x_wconf 86' lang='grc' dir='ltr'>τὴν</span> <span class='ocrx_word' id='word_1_381' title='bbox 1318 1995 1376 2042; x_wconf 70' lang='grc' dir='ltr'>τῶν</span> 
     </span>
     <span class='ocr_line' id='line_1_75' title="bbox 832 2056 1376 2129; baseline 0 -15"><span class='ocrx_word' id='word_1_382' title='bbox 832 2059 1113 2127; x_wconf 81' lang='grc' dir='ltr'><strong><em>Πεισιστρατιδῶν</em></strong></span> <span class='ocrx_word' id='word_1_383' title='bbox 1095 2056 1201 2127; x_wconf 82' lang='grc' dir='ltr'><strong><em>αρχὴν,</em></strong></span> <span class='ocrx_word' id='word_1_384' title='bbox 1223 2066 1376 2129; x_wconf 86' lang='lat' dir='ltr'>meritoque</span> 
     </span>
     <span class='ocr_line' id='line_1_76' title="bbox 831 2134 1376 2200; baseline -0.006 -14"><span class='ocrx_word' id='word_1_385' title='bbox 831 2134 1233 2200; x_wconf 86' lang='lat' dir='ltr'>DioChrysostomus(Troian.</span> <span class='ocrx_word' id='word_1_386' title='bbox 1240 2134 1319 2185; x_wconf 84' lang='lat' dir='ltr'>Orat</span> <span class='ocrx_word' id='word_1_387' title='bbox 1326 2134 1376 2184; x_wconf 86' lang='lat' dir='ltr'>XI.</span> 
     </span>
     <span class='ocr_line' id='line_1_77' title="bbox 832 2203 1377 2270; baseline -0.002 -16"><span class='ocrx_word' id='word_1_388' title='bbox 832 2222 858 2270; x_wconf 93' lang='lat' dir='ltr'>p.</span> <span class='ocrx_word' id='word_1_389' title='bbox 881 2205 925 2254; x_wconf 77' lang='lat'>191</span> <span class='ocrx_word' id='word_1_390' title='bbox 948 2221 970 2254; x_wconf 88' lang='lat' dir='ltr'>s</span> <span class='ocrx_word' id='word_1_391' title='bbox 986 2203 1036 2254; x_wconf 79' lang='lat'>365</span> <span class='ocrx_word' id='word_1_392' title='bbox 1055 2203 1161 2267; x_wconf 85' lang='lat' dir='ltr'>Reisk)</span> <span class='ocrx_word' id='word_1_393' title='bbox 1180 2205 1252 2253; x_wconf 87' lang='lat' dir='ltr'>inter</span> <span class='ocrx_word' id='word_1_394' title='bbox 1270 2219 1377 2254; x_wconf 87' lang='lat' dir='ltr'>errores</span> 
     </span>
     <span class='ocr_line' id='line_1_78' title="bbox 831 2273 1376 2340; baseline -0.006 -14"><span class='ocrx_word' id='word_1_395' title='bbox 831 2275 914 2340; x_wconf 83' lang='lat' dir='ltr'>vulgo</span> <span class='ocrx_word' id='word_1_396' title='bbox 943 2279 1070 2334; x_wconf 87' lang='lat' dir='ltr'>receptos</span> <span class='ocrx_word' id='word_1_397' title='bbox 1095 2273 1122 2322; x_wconf 90' lang='lat' dir='ltr'>id</span> <span class='ocrx_word' id='word_1_398' title='bbox 1150 2287 1257 2338; x_wconf 88' lang='lat' dir='ltr'>qnoque</span> <span class='ocrx_word' id='word_1_399' title='bbox 1282 2274 1376 2336; x_wconf 83' lang='lat' dir='ltr'>refert,</span> 
     </span>
     <span class='ocr_line' id='line_1_79' title="bbox 833 2334 1376 2424; baseline -0.008 -28.859"><span class='ocrx_word' id='word_1_400' title='bbox 833 2344 905 2410; x_wconf 87' lang='lat' dir='ltr'>quod</span> <span class='ocrx_word' id='word_1_401' title='bbox 927 2334 1077 2423; x_wconf 83' lang='grc' dir='ltr'><strong><em>Αρμόδιον</em></strong></span> <span class='ocrx_word' id='word_1_402' title='bbox 1096 2335 1128 2391; x_wconf 67' lang='grc' dir='ltr'>δὲ</span> <span class='ocrx_word' id='word_1_403' title='bbox 1147 2338 1195 2391; x_wconf 82' lang='lat' dir='ltr'>aul</span> <span class='ocrx_word' id='word_1_404' title='bbox 1213 2340 1376 2424; x_wconf 76' lang='grc' dir='ltr'><strong><em>Ἀριστογεί-</em></strong></span> 
     </span>
     <span class='ocr_line' id='line_1_80' title="bbox 832 2404 1376 2494; baseline -0.002 -32"><span class='ocrx_word' id='word_1_405' title='bbox 832 2429 904 2463; x_wconf 85' lang='grc' dir='ltr'><strong><em>τονα</em></strong></span> <span class='ocrx_word' id='word_1_406' title='bbox 913 2405 1032 2474; x_wconf 75' lang='grc' dir='ltr'><strong><em>μάλιστα</em></strong></span> <span class='ocrx_word' id='word_1_407' title='bbox 1041 2404 1187 2491; x_wconf 72' lang='grc' dir='ltr'><strong><em>Ἀθηναιοι</em></strong></span> <span class='ocrx_word' id='word_1_408' title='bbox 1198 2411 1331 2494; x_wconf 81' lang='grc' dir='ltr'><strong><em>τιμῶσιν,</em></strong></span> <span class='ocrx_word' id='word_1_409' title='bbox 1336 2404 1376 2470; x_wconf 75' lang='grc' dir='ltr'>ὥς</span> 
     </span>
     <span class='ocr_line' id='line_1_81' title="bbox 832 2474 1376 2562; baseline -0.004 -29"><span class='ocrx_word' id='word_1_410' title='bbox 832 2474 1119 2562; x_wconf 69' lang='grc' dir='ltr'><strong><em>ἕλευθερσίσαντας“</em></strong></span> <span class='ocrx_word' id='word_1_411' title='bbox 1089 2498 1142 2544; x_wconf 80' lang='grc' dir='ltr'>την</span> <span class='ocrx_word' id='word_1_412' title='bbox 1156 2477 1241 2532; x_wconf 76' lang='grc' dir='ltr'><strong><em>πόλιν</em></strong></span> <span class='ocrx_word' id='word_1_413' title='bbox 1252 2474 1331 2531; x_wconf 81' lang='lat' dir='ltr'>aui</span> <span class='ocrx_word' id='word_1_414' title='bbox 1312 2497 1376 2531; x_wconf 85' lang='grc' dir='ltr'><strong><em>ανε-</em></strong></span> 
     </span>
     <span class='ocr_line' id='line_1_82' title="bbox 832 2544 1375 2615; baseline 0 -12"><span class='ocrx_word' id='word_1_415' title='bbox 832 2547 933 2611; x_wconf 72' lang='grc' dir='ltr'><strong><em>λόντας</em></strong></span> <span class='ocrx_word' id='word_1_416' title='bbox 957 2544 1008 2601; x_wconf 87' lang='grc' dir='ltr'>τὸν</span> <span class='ocrx_word' id='word_1_417' title='bbox 1034 2545 1192 2615; x_wconf 79' lang='grc' dir='ltr'><strong><em>τύραννον,</em></strong></span> <span class='ocrx_word' id='word_1_418' title='bbox 1219 2553 1280 2604; x_wconf 89' lang='lat' dir='ltr'>coil.</span> <span class='ocrx_word' id='word_1_419' title='bbox 1303 2558 1375 2604; x_wconf 89' lang='lat' dir='ltr'>orat.</span> 
     </span>
     <span class='ocr_line' id='line_1_83' title="bbox 831 2622 1375 2687; baseline -0.004 -13"><span class='ocrx_word' id='word_1_420' title='bbox 831 2625 931 2674; x_wconf 83' lang='lat' dir='ltr'>XXXI.</span> <span class='ocrx_word' id='word_1_421' title='bbox 952 2639 979 2687; x_wconf 93' lang='lat' dir='ltr'>p</span> <span class='ocrx_word' id='word_1_422' title='bbox 994 2622 1077 2674; x_wconf 71' lang='lat'>350³</span> <span class='ocrx_word' id='word_1_423' title='bbox 1080 2622 1151 2674; x_wconf 77' lang='grc'>,635</span> <span class='ocrx_word' id='word_1_424' title='bbox 1170 2629 1198 2673; x_wconf 88' lang='lat' dir='ltr'>et</span> <span class='ocrx_word' id='word_1_425' title='bbox 1212 2623 1263 2674; x_wconf 84' lang='grc'>637</span> <span class='ocrx_word' id='word_1_426' title='bbox 1279 2624 1375 2673; x_wconf 86' lang='lat' dir='ltr'>Rersk</span> 
     </span>
     <span class='ocr_line' id='line_1_84' title="bbox 833 2692 1373 2756; baseline 0.004 -15.077"><span class='ocrx_word' id='word_1_427' title='bbox 833 2694 944 2756; x_wconf 75' lang='lat' dir='ltr'>„Causa</span> <span class='ocrx_word' id='word_1_428' title='bbox 960 2693 1075 2753; x_wconf 84' lang='lat' dir='ltr'>erroris,</span> <span class='ocrx_word' id='word_1_429' title='bbox 1079 2692 1152 2742; x_wconf 88' lang='lat' dir='ltr'>“ait</span> <span class='ocrx_word' id='word_1_430' title='bbox 1163 2693 1324 2743; x_wconf 82' lang='lat' dir='ltr'>Perizonius</span> <span class='ocrx_word' id='word_1_431' title='bbox 1338 2694 1373 2743; x_wconf 88' lang='lat' dir='ltr'>ad</span> 
     </span>
     <span class='ocr_line' id='line_1_85' title="bbox 831 2732 1375 2824; baseline 0.002 -11"><span class='ocrx_word' id='word_1_432' title='bbox 831 2732 937 2813; x_wconf 71' lang='lat' dir='ltr'>Aeliam</span> <span class='ocrx_word' id='word_1_433' title='bbox 949 2764 980 2812; x_wconf 91' lang='lat' dir='ltr'>V.</span> <span class='ocrx_word' id='word_1_434' title='bbox 996 2764 1030 2811; x_wconf 88' lang='lat' dir='ltr'>H.</span> <span class='ocrx_word' id='word_1_435' title='bbox 1046 2762 1094 2823; x_wconf 92' lang='lat' dir='ltr'>XI,</span> <span class='ocrx_word' id='word_1_436' title='bbox 1108 2764 1139 2819; x_wconf 78' lang='lat'>8</span> <span class='ocrx_word' id='word_1_437' title='bbox 1152 2763 1225 2824; x_wconf 84' lang='lat' dir='ltr'>,s,uit</span> <span class='ocrx_word' id='word_1_438' title='bbox 1240 2763 1375 2814; x_wconf 89' lang='lat' dir='ltr'>hauddu-</span> 
     </span>
     <span class='ocr_line' id='line_1_86' title="bbox 833 2831 1374 2910; baseline -0.002 -28"><span class='ocrx_word' id='word_1_439' title='bbox 833 2834 892 2893; x_wconf 89' lang='lat' dir='ltr'>bia,</span> <span class='ocrx_word' id='word_1_440' title='bbox 909 2832 985 2910; x_wconf 92' lang='lat' dir='ltr'>quod</span> <span class='ocrx_word' id='word_1_441' title='bbox 998 2832 1158 2881; x_wconf 87' lang='lat' dir='ltr'>dicebantur</span> <span class='ocrx_word' id='word_1_442' title='bbox 1171 2831 1254 2897; x_wconf 81' lang='lat' dir='ltr'>vulgo</span> <span class='ocrx_word' id='word_1_443' title='bbox 1271 2848 1374 2891; x_wconf 87' lang='grc' dir='ltr'><strong><em>τυραν-</em></strong></span> 
     </span>
     <span class='ocr_line' id='line_1_87' title="bbox 831 2903 1375 2967; baseline 0.004 -16"><span class='ocrx_word' id='word_1_444' title='bbox 831 2916 973 2962; x_wconf 83' lang='grc' dir='ltr'><strong><em>νοντονοι,</em></strong></span> <span class='ocrx_word' id='word_1_445' title='bbox 988 2903 1171 2967; x_wconf 70' lang='lat' dir='ltr'>tyrannicidae,</span> <span class='ocrx_word' id='word_1_446' title='bbox 1182 2903 1375 2967; x_wconf 89' lang='lat' dir='ltr'>quiaHippar-</span> 
     </span>
     <span class='ocr_line' id='line_1_88' title="bbox 829 2971 1374 3038; baseline 0.002 -17"><span class='ocrx_word' id='word_1_447' title='bbox 829 2971 908 3022; x_wconf 93' lang='lat' dir='ltr'>chum</span> <span class='ocrx_word' id='word_1_448' title='bbox 926 2972 1134 3029; x_wconf 90' lang='lat' dir='ltr'>interemerant,</span> <span class='ocrx_word' id='word_1_449' title='bbox 1155 2989 1232 3037; x_wconf 91' lang='lat' dir='ltr'>quem</span> <span class='ocrx_word' id='word_1_450' title='bbox 1251 2972 1374 3038; x_wconf 88' lang='lat' dir='ltr'>plerique</span> 
     </span>
     <span class='ocr_line' id='line_1_89' title="bbox 829 3040 1374 3093; baseline 0.002 -1"><span class='ocrx_word' id='word_1_451' title='bbox 829 3040 1002 3092; x_wconf 88' lang='lat' dir='ltr'>crediderunt</span> <span class='ocrx_word' id='word_1_452' title='bbox 1012 3040 1097 3092; x_wconf 87' lang='lat' dir='ltr'>fuisse</span> <span class='ocrx_word' id='word_1_453' title='bbox 1108 3040 1222 3092; x_wconf 89' lang='lat' dir='ltr'>filiorum</span> <span class='ocrx_word' id='word_1_454' title='bbox 1233 3042 1374 3093; x_wconf 88' lang='lat' dir='ltr'>Pisistrati</span> 
     </span>
     <span class='ocr_line' id='line_1_90' title="bbox 829 3111 1374 3175; baseline 0.002 -14"><span class='ocrx_word' id='word_1_455' title='bbox 829 3116 897 3162; x_wconf 91' lang='lat' dir='ltr'>natu</span> <span class='ocrx_word' id='word_1_456' title='bbox 907 3111 1052 3160; x_wconf 87' lang='lat' dir='ltr'>maximum</span> <span class='ocrx_word' id='word_1_457' title='bbox 1064 3119 1091 3161; x_wconf 88' lang='lat' dir='ltr'>et</span> <span class='ocrx_word' id='word_1_458' title='bbox 1102 3111 1175 3160; x_wconf 90' lang='lat' dir='ltr'>iilius</span> <span class='ocrx_word' id='word_1_459' title='bbox 1187 3113 1214 3161; x_wconf 92' lang='lat' dir='ltr'>in</span> <span class='ocrx_word' id='word_1_460' title='bbox 1227 3113 1374 3175; x_wconf 85' lang='lat' dir='ltr'>tyrannide</span> 
     </span>
     <span class='ocr_line' id='line_1_91' title="bbox 828 3182 1374 3246; baseline 0.004 -16"><span class='ocrx_word' id='word_1_461' title='bbox 828 3196 1026 3238; x_wconf 68' lang='lat' dir='ltr'>successorem</span> <span class='ocrx_word' id='word_1_462' title='bbox 1047 3186 1074 3231; x_wconf 87' lang='lat' dir='ltr'>et</span> <span class='ocrx_word' id='word_1_463' title='bbox 1086 3182 1157 3245; x_wconf 94' lang='lat' dir='ltr'>quod</span> <span class='ocrx_word' id='word_1_464' title='bbox 1171 3183 1215 3246; x_wconf 88' lang='lat' dir='ltr'>qni</span> <span class='ocrx_word' id='word_1_465' title='bbox 1226 3189 1374 3246; x_wconf 85' lang='lat' dir='ltr'>tyrannum</span> 
     </span>
     <span class='ocr_line' id='line_1_92' title="bbox 829 3251 1372 3317; baseline 0.002 -17"><span class='ocrx_word' id='word_1_466' title='bbox 829 3251 980 3307; x_wconf 88' lang='lat' dir='ltr'>interemit,</span> <span class='ocrx_word' id='word_1_467' title='bbox 992 3251 1149 3316; x_wconf 89' lang='lat' dir='ltr'>pierumque</span> <span class='ocrx_word' id='word_1_468' title='bbox 1161 3254 1243 3301; x_wconf 87' lang='lat' dir='ltr'>etiam</span> <span class='ocrx_word' id='word_1_469' title='bbox 1255 3254 1372 3317; x_wconf 85' lang='lat' dir='ltr'>patriam</span> 
     </span>
     <span class='ocr_line' id='line_1_93' title="bbox 829 3319 1373 3384; baseline 0.004 -14"><span class='ocrx_word' id='word_1_470' title='bbox 829 3336 861 3370; x_wconf 93' lang='lat' dir='ltr'>co</span> <span class='ocrx_word' id='word_1_471' title='bbox 879 3321 938 3384; x_wconf 89' lang='lat' dir='ltr'>ipso</span> <span class='ocrx_word' id='word_1_472' title='bbox 954 3319 1096 3384; x_wconf 80' lang='lat' dir='ltr'>liberavit,</span> <span class='ocrx_word' id='word_1_473' title='bbox 1120 3321 1192 3384; x_wconf 93' lang='lat' dir='ltr'>quod</span> <span class='ocrx_word' id='word_1_474' title='bbox 1215 3321 1261 3372; x_wconf 90' lang='lat' dir='ltr'>bic</span> <span class='ocrx_word' id='word_1_475' title='bbox 1279 3326 1373 3374; x_wconf 84' lang='lat' dir='ltr'>tumen</span> 
     </span>
     <span class='ocr_line' id='line_1_94' title="bbox 828 3390 1373 3442; baseline 0.004 -2"><span class='ocrx_word' id='word_1_476' title='bbox 828 3406 907 3441; x_wconf 86' lang='lat' dir='ltr'>secus</span> <span class='ocrx_word' id='word_1_477' title='bbox 922 3390 1051 3440; x_wconf 83' lang='lat' dir='ltr'>accidit.“</span> <span class='ocrx_word' id='word_1_478' title='bbox 1089 3392 1197 3440; x_wconf 83' lang='lat' dir='ltr'>Etenim</span> <span class='ocrx_word' id='word_1_479' title='bbox 1212 3398 1307 3441; x_wconf 86' lang='lat' dir='ltr'>secuta</span> <span class='ocrx_word' id='word_1_480' title='bbox 1331 3398 1373 3442; x_wconf 91' lang='lat' dir='ltr'>est</span> 
     </span>
     <span class='ocr_line' id='line_1_95' title="bbox 827 3460 1372 3525; baseline 0.002 -16"><span class='ocrx_word' id='word_1_481' title='bbox 827 3460 871 3511; x_wconf 86' lang='lat' dir='ltr'>vel</span> <span class='ocrx_word' id='word_1_482' title='bbox 887 3462 998 3523; x_wconf 81' lang='lat' dir='ltr'>gravior</span> <span class='ocrx_word' id='word_1_483' title='bbox 1012 3462 1130 3525; x_wconf 89' lang='lat' dir='ltr'>Hippiae</span> <span class='ocrx_word' id='word_1_484' title='bbox 1150 3462 1288 3524; x_wconf 84' lang='lat' dir='ltr'>tyrannis.</span> <span class='ocrx_word' id='word_1_485' title='bbox 1309 3468 1372 3525; x_wconf 86' lang='lat' dir='ltr'>post</span> 
     </span>
     <span class='ocr_line' id='line_1_96' title="bbox 830 3528 1372 3594; baseline 0.002 -14"><span class='ocrx_word' id='word_1_486' title='bbox 830 3535 961 3594; x_wconf 90' lang='lat' dir='ltr'>quattuor</span> <span class='ocrx_word' id='word_1_487' title='bbox 975 3528 1080 3580; x_wconf 91' lang='lat' dir='ltr'>demum</span> <span class='ocrx_word' id='word_1_488' title='bbox 1094 3546 1180 3580; x_wconf 87' lang='lat' dir='ltr'>annos</span> <span class='ocrx_word' id='word_1_489' title='bbox 1194 3531 1316 3581; x_wconf 87' lang='lat' dir='ltr'>sublata:</span> <span class='ocrx_word' id='word_1_490' title='bbox 1345 3532 1372 3581; x_wconf 90' lang='lat' dir='ltr'>iu</span> 
     </span>
     <span class='ocr_line' id='line_1_97' title="bbox 830 3599 1373 3664; baseline 0.002 -16"><span class='ocrx_word' id='word_1_491' title='bbox 830 3615 882 3663; x_wconf 91' lang='lat' dir='ltr'>quo</span> <span class='ocrx_word' id='word_1_492' title='bbox 895 3615 954 3648; x_wconf 78' lang='lat' dir='ltr'>curru</span> <span class='ocrx_word' id='word_1_493' title='bbox 965 3599 1107 3650; x_wconf 87' lang='lat' dir='ltr'>Herodoto</span> <span class='ocrx_word' id='word_1_494' title='bbox 1119 3616 1230 3664; x_wconf 90' lang='lat' dir='ltr'>prorsus</span> <span class='ocrx_word' id='word_1_495' title='bbox 1243 3603 1373 3652; x_wconf 86' lang='lat' dir='ltr'>convenit</span> 
     </span>
     <span class='ocr_line' id='line_1_98' title="bbox 829 3669 1371 3735; baseline 0.007 -18"><span class='ocrx_word' id='word_1_496' title='bbox 829 3669 1019 3732; x_wconf 86' lang='lat' dir='ltr'>Thucydides,</span> <span class='ocrx_word' id='word_1_497' title='bbox 1036 3671 1083 3735; x_wconf 91' lang='lat' dir='ltr'>qui</span> <span class='ocrx_word' id='word_1_498' title='bbox 1099 3669 1154 3731; x_wconf 89' lang='lat' dir='ltr'>VI,</span> <span class='ocrx_word' id='word_1_499' title='bbox 1170 3670 1202 3719; x_wconf 76' lang='lat'>53</span> <span class='ocrx_word' id='word_1_500' title='bbox 1221 3671 1292 3721; x_wconf 87' lang='lat' dir='ltr'>baud</span> <span class='ocrx_word' id='word_1_501' title='bbox 1312 3672 1371 3722; x_wconf 90' lang='lat' dir='ltr'>scio</span> 
     </span>
     <span class='ocr_line' id='line_1_99' title="bbox 828 3738 1373 3819; baseline 0.002 -31"><span class='ocrx_word' id='word_1_502' title='bbox 828 3754 863 3788; x_wconf 87' lang='lat' dir='ltr'>an</span> <span class='ocrx_word' id='word_1_503' title='bbox 881 3738 974 3788; x_wconf 71' lang='lat' dir='ltr'>eadem</span> <span class='ocrx_word' id='word_1_504' title='bbox 995 3742 1096 3800; x_wconf 75' lang='lat' dir='ltr'>causa,</span> <span class='ocrx_word' id='word_1_505' title='bbox 1136 3757 1171 3789; x_wconf 92' lang='lat' dir='ltr'>ua</span> <span class='ocrx_word' id='word_1_506' title='bbox 1189 3742 1289 3791; x_wconf 84' lang='lat' dir='ltr'>Noster</span> <span class='ocrx_word' id='word_1_507' title='bbox 1309 3757 1373 3819; x_wconf 89' lang='lat' dir='ltr'>per·</span> 
     </span>
     <span class='ocr_line' id='line_1_100' title="bbox 828 3754 1371 3889; baseline 0.004 -32"><span class='ocrx_word' id='word_1_508' title='bbox 828 3810 974 3888; x_wconf 85' lang='lat' dir='ltr'>motus,sic</span> <span class='ocrx_word' id='word_1_509' title='bbox 969 3811 1108 3889; x_wconf 89' lang='lat' dir='ltr'>scripsit:</span> <span class='ocrx_word' id='word_1_510' title='bbox 1090 3754 1371 3874; x_wconf 62' lang='lat' dir='ltr'>·Xmoroiuevocyuu</span> 
     </span>
     <span class='ocr_line' id='line_1_101' title="bbox 827 3869 1372 3944; baseline 0.009 -19"><span class='ocrx_word' id='word_1_511' title='bbox 827 3895 843 3926; x_wconf 93' lang='lat' dir='ltr'>o</span> <span class='ocrx_word' id='word_1_512' title='bbox 834 3869 975 3942; x_wconf 59' lang='lat' dir='ltr'>ducac</span> <span class='ocrx_word' id='word_1_513' title='bbox 959 3881 1034 3944; x_wconf 66' lang='lat' dir='ltr'>uxori</span> <span class='ocrx_word' id='word_1_514' title='bbox 1044 3871 1097 3943; x_wconf 84' lang='grc' dir='ltr'>τὴν</span> <span class='ocrx_word' id='word_1_515' title='bbox 1107 3878 1310 3938; x_wconf 72' lang='grc' dir='ltr'><strong><em>Πεισιστράτου</em></strong></span> <span class='ocrx_word' id='word_1_516' title='bbox 1323 3878 1372 3931; x_wconf 77' lang='grc' dir='ltr'>καὶ</span> 
     </span>
     <span class='ocr_line' id='line_1_102' title="bbox 827 3944 1370 4013; baseline 0.006 -18"><span class='ocrx_word' id='word_1_517' title='bbox 827 3949 883 3995; x_wconf 78' lang='grc' dir='ltr'>τών</span> <span class='ocrx_word' id='word_1_518' title='bbox 899 3944 1011 3997; x_wconf 82' lang='grc' dir='ltr'><strong><em>παίδων</em></strong></span> <span class='ocrx_word' id='word_1_519' title='bbox 1021 3946 1179 4010; x_wconf 77' lang='grc' dir='ltr'><strong><em>τυραννιδα</em></strong></span> <span class='ocrx_word' id='word_1_520' title='bbox 1191 3946 1316 4013; x_wconf 77' lang='grc' dir='ltr'><strong><em>χαλεπὴν</em></strong></span> <span class='ocrx_word' id='word_1_521' title='bbox 1329 3964 1370 3999; x_wconf 83' lang='grc' dir='ltr'>τε-</span> 
     </span>
     <span class='ocr_line' id='line_1_103' title="bbox 826 4014 1370 4101; baseline 0.009 -36"><span class='ocrx_word' id='word_1_522' title='bbox 826 4014 968 4065; x_wconf 65' lang='lat' dir='ltr'>tersurus</span> <span class='ocrx_word' id='word_1_523' title='bbox 985 4016 1150 4101; x_wconf 75' lang='grc' dir='ltr'><strong><em>γενομένην</em></strong></span> <span class='ocrx_word' id='word_1_524' title='bbox 1177 4015 1225 4068; x_wconf 74' lang='grc' dir='ltr'><strong><em>καὶ</em></strong></span> <span class='ocrx_word' id='word_1_525' title='bbox 1255 4014 1370 4079; x_wconf 81' lang='grc' dir='ltr'><strong><em>προσέτι</em></strong></span> 
     </span>
     <span class='ocr_line' id='line_1_104' title="bbox 828 4077 1370 4149; baseline 0.006 -14"><span class='ocrx_word' id='word_1_526' title='bbox 828 4077 903 4135; x_wconf 77' lang='grc' dir='ltr'><strong><em>ουδ’</em></strong></span> <span class='ocrx_word' id='word_1_527' title='bbox 933 4080 993 4149; x_wconf 88' lang='grc' dir='ltr'>υφ’</span> <span class='ocrx_word' id='word_1_528' title='bbox 1017 4077 1152 4137; x_wconf 72' lang='grc' dir='ltr'><strong><em>ἑαυτῶν</em></strong></span> <span class='ocrx_word' id='word_1_529' title='bbox 1180 4083 1370 4149; x_wconf 81' lang='lat' dir='ltr'>uuleuo-</span> 
     </span>
     <span class='ocr_line' id='line_1_105' title="bbox 827 4151 1369 4215; baseline 0.011 -11"><span class='ocrx_word' id='word_1_530' title='bbox 827 4153 1205 4215; x_wconf 76' lang='grc' dir='ltr'><strong><em>δίουκαταλυθειοαν</em></strong></span> <span class='ocrx_word' id='word_1_531' title='bbox 1218 4151 1315 4207; x_wconf 72' lang='grc' dir='ltr'>ἀλλ”</span> <span class='ocrx_word' id='word_1_532' title='bbox 1301 4155 1369 4210; x_wconf 73' lang='lat' dir='ltr'>aad</span> 
     </span>
     <span class='ocr_line' id='line_1_106' title="bbox 827 4221 1370 4293; baseline 0.007 -18"><span class='ocrx_word' id='word_1_533' title='bbox 827 4224 1142 4289; x_wconf 78' lang='grc' dir='ltr'><strong><em>Λακεδαιμονίων,</em></strong></span> <span class='ocrx_word' id='word_1_534' title='bbox 1171 4221 1304 4293; x_wconf 73' lang='grc' dir='ltr'><strong><em>ἕφοβειτο</em></strong></span> <span class='ocrx_word' id='word_1_535' title='bbox 1326 4225 1370 4279; x_wconf 76' lang='grc' dir='ltr'>ἀεὶ</span> 
     </span>
     <span class='ocr_line' id='line_1_107' title="bbox 827 4295 1369 4351; baseline 0.009 -6"><span class='ocrx_word' id='word_1_536' title='bbox 827 4312 852 4345; x_wconf 83' lang='grc' dir='ltr'>ιι.</span> <span class='ocrx_word' id='word_1_537' title='bbox 870 4312 892 4344; x_wconf 92' lang='grc' dir='ltr'>τ.</span> <span class='ocrx_word' id='word_1_538' title='bbox 911 4295 934 4344; x_wconf 73' lang='lat' dir='ltr'>A.</span> <span class='ocrx_word' id='word_1_539' title='bbox 968 4298 1010 4347; x_wconf 89' lang='lat' dir='ltr'>Tn</span> <span class='ocrx_word' id='word_1_540' title='bbox 1029 4297 1085 4351; x_wconf 85' lang='lat' dir='ltr'>vid</span> <span class='ocrx_word' id='word_1_541' title='bbox 1104 4301 1173 4349; x_wconf 92' lang='lat' dir='ltr'>nott.</span> <span class='ocrx_word' id='word_1_542' title='bbox 1188 4298 1369 4351; x_wconf 89' lang='lat' dir='ltr'>adHerodot.</span> 
     </span>
    </p>

    <p class='ocr_par' dir='ltr' id='par_1_6' title="bbox 853 4403 1370 4505">
     <span class='ocr_line' id='line_1_108' title="bbox 853 4403 1370 4505; baseline 0.014 -21.209"><span class='ocrx_word' id='word_1_543' title='bbox 853 4403 915 4484; x_wconf 76' lang='grc' dir='ltr'><strong><em>ἔτ’</em></strong></span> <span class='ocrx_word' id='word_1_544' title='bbox 913 4404 998 4485; x_wconf 77' lang='grc' dir='ltr'>Ιἔτεα</span> <span class='ocrx_word' id='word_1_545' title='bbox 1017 4431 1142 4503; x_wconf 76' lang='grc' dir='ltr'><strong><em>τέσσερα]</em></strong></span> <span class='ocrx_word' id='word_1_546' title='bbox 1170 4436 1370 4505; x_wconf 79' lang='lat' dir='ltr'>„Thucydides</span> 
     </span>
    </p>
   </div>
   <div class='ocr_carea' id='block_1_5' title="bbox 0 0 1554 5175">
    <p class='ocr_par' dir='ltr' id='par_1_7' title="bbox 0 0 1554 5175">
     <span class='ocr_line' id='line_1_109' title="bbox 0 0 1554 5175; baseline 0 2"><span class='ocrx_word' id='word_1_547' title='bbox 0 0 1554 5175; x_wconf 95' lang='lat' dir='ltr'> </span> 
     </span>
    </p>
   </div>
  </div>
 </body>
</html>
