3100 5175
435 447 809 512 POLYMNIA.V11.
836 463 893 516 ιιι.
918 463 975 517 τοι.
1209 441 1266 515 σοι

137 628 252 709 χλστην
265 616 373 690 ὀπίσω
387 619 676 712 ἀπαλλασσόμενοι
691 627 746 693 καὶ
760 621 978 712 ἀγγέλλοντες
992 630 1032 713 τῇ
1047 619 1198 713 Ἑλλάδι,
1219 623 1269 696 ὅτι

137 727 174 794 lx
195 729 255 793 τοῦ
277 728 435 794 ἐνιαυτοῦ
454 724 492 795 τὸ
512 732 572 815 lup
592 725 679 817 αὐτῇ
700 732 922 818 ἐξαραίρηται.
972 721 1079 810 Οὗτος
1099 730 1136 798 δὲ
1155 725 1172 798 ὁ
1193 729 1270 809 νόος

136 832 236 896 τοῦδε
256 833 316 896 τοῦ
337 828 495 918 ῥήματος,
521 827 558 898 τὸ
586 833 698 901 ἐθέλει
720 835 848 918 λέγειν·
876 837 961 919 δῆλα
988 830 1071 920 γὰρ,
1097 829 1140 912 ὡς
1166 835 1203 902 ἐν
1223 838 1271 926 τῷ

135 1026 215 1079 buius
231 1027 309 1078 verbi
325 1032 465 1093 potestate
486 1030 613 1095 exposuit
629 1045 677 1081 no·
728 1031 804 1096 „dici
815 1035 939 1099 poterat,
950 1032 1167 1098 quandoquidem
1176 1033 1270 1084 eodem

136 1101 213 1147 tante
232 1096 415 1149 Valckenario
437 1099 539 1150 Kuster
565 1099 600 1149 ad
617 1100 678 1150 Ari·
730 1103 830 1166 „modo
846 1107 901 1152 tres
919 1101 952 1152 de
967 1103 1124 1168 principatu
1137 1102 1270 1154 Graeciae

136 1165 226 1232 stoph.
251 1167 322 1219 Ren.
346 1165 410 1218 1251
440 1168 501 1217 coll.
527 1168 627 1219 Scholl.
649 1171 677 1219 in
729 1172 953 1236 „contendebant
966 1177 1075 1236 gentes,
1097 1171 1196 1233 Siculi,
1216 1173 1271 1222 La·

134 1235 249 1288 Aristid.
269 1252 333 1302 pag.
353 1235 403 1287 196
424 1237 465 1287 sd.
483 1238 627 1291 Frommel.
643 1267 677 1278 -
728 1241 927 1306 ‚,cedaemonii,
939 1239 1129 1304 Athenienses,
1142 1257 1195 1307 qao
1206 1242 1271 1292 anni

134 1306 226 1356 Verba
238 1310 361 1370 proxime
380 1321 453 1371 seqq.
474 1301 526 1356 ονίι
544 1298 580 1356 ἂν
600 1303 679 1372 pdol-
728 1327 861 1377 „regnum
876 1316 931 1361 tres
944 1315 1050 1361 aetates
1066 1313 1144 1376 quasi
1158 1315 1229 1362 inter
1242 1328 1270 1363 se

135 1388 212 1424 νοιτε
231 1401 265 1411 -
280 1368 523 1440 ἀπαλλασσόμενοι
545 1376 679 1443 Schweig·
730 1381 874 1446 „dividere
884 1380 938 1430 dici
949 1379 1116 1445 poteranti“
1128 1381 1198 1431 Mihi
1207 1383 1271 1432 sim·

133 1445 285 1496 haeuserus
299 1448 328 1495 in
340 1445 436 1500 Lexie.
446 1446 549 1497 Herod.
560 1448 598 1497 11.
611 1463 676 1513 pag.
729 1451 837 1518 pliciter
846 1449 897 1500 hae
912 1451 1031 1515 imagine
1039 1449 1106 1502 Gelo
1117 1451 1269 1517 significare

133 1515 186 1566 356
202 1519 230 1565 et
241 1513 369 1566 Kuehuer
381 1515 427 1566 Gr·
441 1515 489 1565 Gr·
503 1519 527 1578 ἓ.
544 1517 603 1568 664.
619 1524 677 1566 not·
728 1521 847 1572 voluisse
863 1519 982 1583 videtur,
1004 1521 1134 1586 optimum
1150 1520 1270 1587 quidque

134 1582 225 1649 2(ubi
246 1584 279 1635 de
298 1588 436 1636 structura
453 1586 531 1636 verbi
550 1584 678 1648 φθάνειν
729 1609 743 1642 e
760 1590 878 1642 Graecia
894 1594 1049 1653 exemptum
1067 1606 1141 1654 ειη,
1162 1607 1185 1641 3,
1201 1591 1270 1654 0pt3.

50 1673 53 1677 *
134 1655 256 1716 monuit,
283 1670 316 1704 ex
341 1669 395 1719 qna
413 1655 506 1706 addito
530 1657 677 1721 participio
728 1662 779 1711 mis
800 1664 828 1710 et
844 1659 1004 1709 firmissimis
1025 1659 1121 1724 opibus
1140 1677 1161 1709 s.
1183 1662 1269 1723 copiis

133 1724 224 1774 valet:
242 1724 313 1772 rrimr‘s
325 1727 374 1773 cito
388 1726 485 1791 aliquid
493 1726 592 1788 faeere,
605 1727 677 1776 nimis

131 1791 289 1859 properare)
300 1793 340 1842 sie
353 1793 544 1844 reddiderunt:
563 1796 585 1845 si
598 1809 676 1861 quam

134 1865 252 1928 primum
275 1862 413 1925 abieritis,
436 1880 490 1915 non
517 1865 599 1913 nimir
621 1866 676 1914 cito

134 1932 276 1994 abieritis,
290 1946 344 1982 non
357 1933 438 1983 nimis
453 1935 677 2000 properaveritis,

134 2003 152 2052 i.
169 2019 194 2056 e.
209 2000 280 2051 nulld
292 2003 439 2065 interpositd
450 2003 534 2066 morri,
550 2004 678 2069 evertipio

132 2073 190 2122 line
205 2073 279 2122 abire
291 2079 423 2123 maturate.
454 2072 555 2138 Attigit
571 2087 679 2138 quoque

133 2146 257 2192 nostrum
270 2138 358 2191 locum
372 2142 439 2193 God.
454 2143 625 2192 Hermannns
644 2143 678 2192 de

132 2211 187 2262 hnc
196 2210 304 2262 dicendi
314 2211 581 2278 iormnlsdispntans
590 2212 679 2261 inrid-

132 2285 236 2330 notatt.
255 2280 290 2329 ad
303 2281 395 2345 vigor.
416 2296 442 2346 p.
465 2283 515 2333 765
531 2280 583 2347 (nr.
603 2280 677 2346 tot).

132 2353 174 2402 Ac
187 2351 325 2415 pertinent
341 2351 393 2401 hue
405 2366 527 2416 qnoque,
548 2367 617 2417 qnae
634 2368 679 2401 ex·

134 2424 213 2470 stant
226 2420 299 2485 apud
311 2420 453 2470 Platonem
470 2424 497 2470 in
512 2423 635 2487 Sympos.
648 2436 674 2481 p.

136 2491 186 2540 185
196 2491 219 2540 Ε
230 2484 296 2552 (οὐκ
309 2478 346 2537 ἂν
363 2484 492 2552 φθάνοις
504 2490 605 2549 λέγων,
619 2486 638 2535 i.
652 2501 676 2536 e.

133 2556 675 2693 43330335334λὶ53333λέ

670 2661 677 2687 l

132 2702 151 2752 i.
172 2716 198 2753 e.
219 2702 366 2765 quantocius
387 2706 490 2747 caetera
511 2698 605 2747 exinde
625 2698 680 2744 rol·

130 2768 205 2835 lippe),
219 2768 266 2818 nbi
278 2767 338 2818 vide
350 2765 507 2817 Stallbanm.
521 2772 549 2815 et
555 2768 680 2830 Wytten·

131 2838 263 2890 bachium
277 2835 351 2902 (pag.
366 2836 428 2902 ⁶265)
443 2837 522 2901 plura
535 2835 679 2885 afferentes

729 1729 809 1796 (quas
823 1728 890 1779 Gelo
903 1729 1032 1794 praebere
1044 1729 1176 1794 potuerit)
1188 1731 1271 1780 Grae·

729 1801 799 1851 ciem
813 1799 871 1848 fore
883 1799 1030 1863 privatam.

763 1856 857 1924 Οὗτος
874 1861 906 1916 δὲ
925 1858 940 1916 ὁ
962 1860 1029 1924 νόος
1044 1881 1070 1917 κ.
1090 1882 1113 1916 τ.
1135 1866 1171 1933 L]
1193 1869 1270 1918 Hnee

726 1938 812 1989 verba
841 1938 869 1986 in
902 1937 1026 1987 omnibus
1052 1940 1182 2001 quantum
1212 1939 1270 1989 scio

728 2007 806 2057 codd.
827 2022 897 2071 quae
916 2011 1039 2068 exstant,
1064 2008 1160 2056 merito
1175 2023 1272 2068 suspe-

727 2082 774 2127 eta
790 2076 893 2127 habent
906 2075 1102 2140 Wesselingius
1117 2084 1143 2124 et
1156 2072 1270 2122 Valcke-

728 2139 799 2209 οτι,
814 2146 912 2211 qnippe
923 2138 1118 2204 interpretandi
1129 2155 1212 2191 eausa
1223 2140 1271 2190 ad-

728 2217 802 2266 iecta
817 2217 844 2265 in
854 2215 984 2264 lectorum
1000 2209 1128 2274 gratiam.
1156 2209 1270 2261 Assensi

729 2290 794 2335 sunt
804 2278 972 2340 Larcberns,
986 2278 1149 2329 Scheeserus
1163 2286 1190 2328 et
1199 2281 1270 2330 Mat-

727 2355 818 2409 thiae,
833 2349 911 2398 uncis
924 2347 992 2398 haee
1006 2348 1193 2408 includentes,
1211 2349 1270 2415 qui·
1374 2393 1378 2402 .

726 2422 777 2471 bns
797 2420 883 2468 denuo
904 2417 1055 2468 liberarunt
1074 2417 1223 2484 Schweigh.
1242 2422 1270 2468 et

727 2489 831 2547 Gaisi,
850 2504 910 2537 cnm
933 2487 1002 2537 alias
1023 2502 1130 2554 quoque
1146 2489 1215 2539 talia
1235 2488 1270 2538 ad

729 2561 863 2609 dictorum
882 2552 1049 2623 quorundam
1063 2561 1118 2611 vim
1131 2558 1270 2624 explican-

728 2630 790 2679 dam
811 2635 838 2678 et
861 2626 1051 2678 illustrandam
1076 2630 1110 2678 ub
1130 2629 1270 2678 Herodoto

729 2699 906 2760 adlicientur,
924 2702 955 2748 ut
967 2698 1016 2760 lv,
1032 2697 1087 2747 149.
1102 2698 1156 2759 Vl,
1171 2699 1214 2748 37.
1225 2699 1269 2748 84.
1335 2727 1338 2733 ,

730 2769 790 2820 138.
824 2768 887 2817 Una
905 2767 1004 2817 vocula
1025 2760 1081 2814 ἐστὶ
1099 2768 1167 2817 male
1186 2766 1271 2817 habet

729 2835 1028 2901 Schweighaeusernm;
1061 2837 1161 2901 qnippe
1188 2851 1270 2901 quam

132 2911 255 2971 itemque
267 2905 412 2957 Heindorf.
431 2905 466 2956 sd
476 2906 583 2957 Platon.
594 2904 676 2969 Gorg.
728 2907 772 2958 vel
794 2906 856 2955 elici
878 2905 921 2955 vel
941 2906 969 2954 in
992 2897 1065 2953 εἶναι
1085 2906 1184 2954 murari
1202 2903 1270 2956 rult.

132 2996 159 3044 p.
176 2977 227 3028 185
248 2982 275 3027 et
292 2975 414 3026 Elmslci.
433 2976 467 3025 nd
485 2974 680 3040 Euripidfle·
729 2963 904 3027 Recentlor'es
931 2975 1048 3026 editores
1072 2975 1181 3038 integra
1206 2975 1273 3026 reti-

131 3047 306 3099 rentium
338 3045 379 3095 Ad
401 3036 491 3094 ὀπίσω
505 3036 680 3094 ἆτιαλλασσό-
730 3050 847 3096 nuerunt
866 3043 1050 3103 hnecverba,
1076 3048 1190 3109 quaeet
1211 3045 1272 3108 ipsa

131 3130 216 3183 μενοι
232 3115 287 3167 vid.
300 3114 386 3164 allata
398 3115 433 3164 ad
447 3117 480 3176 V,
496 3117 538 3164 27.
729 3114 871 3166 retinenda
880 3114 1078 3178 drrxiquneqne
1088 3114 1197 3164 retineri
1207 3129 1273 3178 quo-

169 3174 215 3235 ὅτι
231 3175 260 3234 ἐκ
282 3182 333 3234 τοῦ
349 3176 483 3232 ἐνιαυτοῦ
492 3178 524 3232 τὸ
543 3177 591 3246 inp
605 3174 679 3248 αὐτῇ
730 3201 782 3251 que
795 3184 883 3235 voluit
896 3183 957 3233 Eltz
971 3183 1094 3245 (Jahrbb.
1106 3184 1125 3233 f.
1136 3182 1270 3248 Philolog.

132 3246 329 3319 ἐξαραίρηται]
347 3255 486 3303 Fir-matur
497 3253 549 3304 hoe
564 3252 678 3303 Periclis
728 3252 1181 3319 11.Paesag.snppl.v0l.1x.pag
1199 3252 1273 3317 332),

134 3328 227 3380 dicto.
246 3325 292 3388 qni
306 3328 376 3374 teste
390 3323 529 3374 Aristotel.
544 3322 636 3372 ilhett.
654 3323 677 3383 I,
730 3326 809 3375 unice
825 3331 853 3374 et
869 3324 941 3374 baud
957 3322 1012 3373 scio
1028 3337 1065 3372 an
1080 3324 1137 3374 iure
1152 3322 1271 3373 offensus

133 3399 160 3445 7.
178 3396 223 3446 34.
238 3393 297 3457 ΙΙΙ,
313 3394 352 3446 10.
373 3396 397 3455 §-
412 3396 428 3444 7
445 3394 472 3441 in
493 3393 599 3443 funebri
618 3407 679 3442 ora·
730 3394 836 3446 verbis:
856 3381 939 3448 οὗτος
957 3384 1019 3442 did
1041 3383 1108 3449 νόος
1124 3389 1208 3442 τοῦδε
1221 3389 1273 3442 τοῦ

133 3467 212 3515 tione
232 3464 272 3513 sie
292 3478 404 3513 exorsus
422 3478 482 3513 esse
501 3463 602 3512 fertur:
626 3455 680 3525 τήν
731 3457 866 3528 ῥήματος,
878 3456 909 3512 τό
920 3455 1011 3513 ἐθέλει
1020 3454 1120 3526 λέγειν,
1133 3464 1159 3512 in
1174 3463 1271 3528 quibus

134 3531 258 3597 νεότητα
273 3521 301 3581 ἐκ
319 3530 370 3597 τῆς
389 3525 497 3589 πόλεως
513 3525 680 3597 ἀνῃρῆσθαι
730 3535 815 3585 verba
832 3526 863 3581 τὸ
879 3523 969 3583 ἐθέλει
987 3529 1076 3596 λέγειν
1093 3533 1206 3583 librario
1226 3533 1272 3581 de-

135 3594 233 3665 οὸσπεο
250 3597 282 3651 τὸ
303 3596 351 3666 inp
375 3592 405 3649 ἐκ
424 3602 477 3650 τοῦ
498 3591 632 3650 ἐνιαυτοῦ
655 3592 681 3648 τέ
730 3605 789 3654 beri
805 3609 898 3668 putet,
920 3604 966 3667 qui
978 3603 1064 3653 rerba
1078 3589 1161 3658 οὖτος
1177 3596 1273 3657 durior

134 3665 314 3736 trainensem
339 3687 410 3738 qnae
428 3673 490 3738 ipsa
501 3671 632 3722 Periclem
648 3686 680 3720 ex
730 3671 814 3723 τοῦδε
832 3668 884 3722 τοῦ
902 3673 1077 3737 interpretari
1094 3671 1212 3723 voluerit
1230 3670 1272 3718 his

135 3741 280 3794 Herodoto
298 3741 449 3807 sublegisse
464 3740 631 3791 vultWasse
646 3740 680 3789 ad
731 3743 823 3793 verbis
837 3742 962 3804 adiectis,
976 3757 1045 3806 qnae
1058 3741 1120 3790 inde
1137 3741 1198 3790 elici
1213 3739 1273 3788 vult

134 3810 261 3875 Tbueyd.
283 3811 327 3876 ΙΙ,
345 3810 388 3862 35.
425 3810 626 3861 Valckenarius
645 3809 680 3858 ad
731 3814 773 3862 vir
784 3813 889 3863 doctus.
904 3814 944 3861 Αο
954 3812 1020 3860 mihi
1031 3825 1137 3876 qnoque
1147 3811 1193 3860 rix
1205 3824 1273 3859 sans

134 3883 162 3933 h.
176 3882 194 3932 l.
210 3880 267 3931 alia
281 3881 414 3946 quaedem
430 3881 524 3942 affert,
540 3881 567 3930 in
584 3880 681 3945 quibus
731 3882 840 3933 videtur
850 3882 982 3931 Herodoti
993 3883 1095 3930 oratio:
1111 3894 1274 3943 quamquam

134 3968 182 4004 ver
208 3951 343 4002 translate
370 3950 505 4016 significat
528 3953 680 4012 inventutem,
733 3967 802 4017 quae
821 3951 960 4001 oilendnnt
979 3949 1077 4006 verbs,
1100 3965 1131 3998 en
1150 3964 1198 4008 ea,
1219 3963 1274 4012 qua

135 4024 351 4079 adolescentiamr
373 4020 446 4072 coni.
471 4021 558 4073 Cicer.
580 4021 622 4071 De
640 4035 682 4070 se·
732 4022 833 4071 Noster
842 4022 944 4080 utitur,
960 4021 1092 4069 orationis
1106 4018 1275 4067 abundantia

136 4096 241 4142 nectut.
256 4090 296 4141 lt).
310 4094 335 4154 ξ.
346 4090 389 4141 70.
406 4090 518 4157 Ἀλλίςὶε
531 4105 615 4155 nuper
629 4089 679 4139 Ge·
735 4090 844 4142 adiecta
855 4091 943 4141 videri
953 4092 1091 4154 poterunt3
1106 4086 1275 4154 quarenolni
1317 4110 1319 4113 ·

134 4161 208 4211 lonis
234 4160 337 4210 dictum
361 4158 519 4210 Bnkhnizen
544 4176 598 4211 van
630 4159 682 4208 den
734 4161 789 4211 ista
801 4161 930 4212 continno
943 4159 1055 4218 eiicere,
1078 4157 1160 4220 probe
1174 4157 1274 4219 sciens,

135 4230 225 4281 Brink
242 4229 354 4294 (Variae
367 4229 456 4279 Leett.
474 4247 507 4280 ex
520 4228 616 4281 histor.
635 4244 684 4277 an·
733 4229 807 4280 hand
827 4245 913 4294 panca
934 4229 961 4277 in
979 4227 1112 4277 Herodoti
1131 4226 1208 4277 libris
1231 4241 1276 4276 ex·

137 4298 682 4366 tiq.philosopb.Lugdun.Batar.184².
734 4307 807 4350 stare
824 4298 946 4359 vulnera,
964 4312 1034 4363 qnae
1045 4295 1130 4346 libros
1148 4297 1275 4360 scriptos,

137 4386 201 4436 pag.
215 4368 261 4433 32)
275 4367 357 4435 idque
371 4384 385 4419 e
400 4371 519 4419 ternario
535 4373 684 4435 tempesta·
735 4369 829 4435 quales
841 4384 912 4419 nune
926 4367 1110 4430 possidemus,
1133 4364 1213 4432 longe
1228 4381 1277 4414 an-

140 4444 196 4489 tnrn
210 4454 322 4489 numero
335 4438 468 4505 explicari
481 4454 561 4504 posse
581 4439 683 4490 eumin
735 4439 870 4489 tenedant.
894 4436 1041 4486 Offendunt
1050 4451 1165 4502 quoqne,
1183 4451 1276 4501 quam·

140 4508 248 4560 modum
271 4512 363 4574 putat:
389 4524 467 4575 „qno
480 4509 545 4574 qnid
560 4508 683 4575 argutius
736 4525 816 4576 qnam
826 4508 897 4559 alins
907 4511 971 4556 sunt
980 4506 1197 4572 generis,rerba,
1205 4519 1275 4570 qnae

1013 4595 1079 4654 44*
