3100 5175
468 386 534 448 ao
558 381 817 449 antennor.
842 382 896 462 vr,
921 392 977 449 m.
1228 382 1289 446 am

157 558 222 614 tulit
236 559 279 613 vir
294 561 401 631 doctus,
418 562 512 615 harum
526 561 669 630 regionum
689 568 717 613 et
730 560 791 631 ipse
808 561 878 613 bene
897 576 1002 627 gnarus
1016 558 1136 628 itemque
1153 560 1288 623 Graecus,

156 645 289 714 Rangabe
303 647 347 698 in:
362 646 520 716 Antiquitas
534 646 671 716 Helleniq.
688 645 726 698 Π.
744 662 808 715 pag.
824 648 885 699 867.
914 644 1014 713 Neque
1031 644 1101 697 euim
1115 661 1176 696 eum
1193 643 1288 709 locum,

156 731 184 782 in
202 748 257 801 quo
271 749 345 784 nunc
359 732 501 784 invenitur
510 732 704 785 monasterium
718 731 786 783 illud
797 731 936 785 desertum
950 745 1005 781 una
1019 746 1077 781 cum
1091 729 1162 781 casis
1174 730 1287 798 quibus-

157 816 217 868 dam
232 816 387 883 vilissimis,
409 816 488 869 talem
513 836 576 870 esse
595 817 639 869 bic
658 817 835 886 pronuntiat,
859 816 888 867 in
910 830 964 885 quo
986 815 1115 884 oppidum
1135 813 1176 866 vel
1201 815 1289 867 vicum

156 902 265 953 omnino
276 902 381 954 exstrui
396 903 522 971 potuisse
533 902 675 971 probabile
690 902 735 968 sit,
751 918 811 953 cum
824 900 896 972 aqui
910 915 1026 970 prorsus
1038 908 1144 952 careat:
1160 900 1289 968 angulum

156 1004 219 1038 esse
244 987 362 1039 affirmat
385 987 473 1038 totius
496 986 620 1057 planitiei
648 987 759 1039 maxime
787 985 908 1039 sterilem
940 984 1102 1055 minimeque
1137 992 1228 1054 aptum
1255 984 1289 1036 ad

155 1070 288 1124 culturam
304 1088 393 1141 neque
409 1071 490 1125 ullum
513 1073 643 1142 antiquae
658 1070 834 1124 habitationis
851 1071 997 1138 vestigium
1012 1087 1086 1122 nunc
1100 1071 1289 1140 praebentem:

156 1156 205 1208 sed
222 1156 402 1209 recentiorem
416 1157 505 1209 vicum
519 1157 709 1210 Marathonem
723 1156 792 1209 idem
809 1163 929 1209 testatur
944 1157 971 1207 iu
990 1153 1061 1206 valle
1075 1157 1144 1207 setis
1166 1156 1289 1225 spatiosa

151 1249 184 1292 et
198 1259 319 1312 amoena,
335 1259 415 1312 quam
430 1241 589 1295 Charadrus
604 1259 728 1311 aquosus
745 1250 869 1311 permeat
890 1239 1062 1309 fertilemque
1078 1240 1184 1306 reddit,
1207 1240 1289 1292 situm

155 1344 218 1378 esse
231 1343 389 1398 omnemque
401 1344 458 1380 eam
472 1327 619 1395 regionem,
634 1344 705 1397 quae
716 1326 782 1379 inde
793 1327 827 1378 ad
842 1325 982 1395 planitiem
996 1325 1100 1394 tendat,
1114 1326 1290 1394 antiquorum

154 1410 341 1463 aedificiorum
362 1412 509 1465 ruderibus
530 1412 660 1482 repletam
678 1430 741 1465 esse
756 1429 789 1463 ac
808 1411 956 1481 perspicua
975 1410 1150 1480 antiquitatis
1170 1412 1289 1479 vestigia

154 1514 221 1565 prae
240 1515 270 1549 se
285 1497 373 1549 ferre:
392 1498 460 1549 adeo
473 1504 504 1550 ut
519 1497 555 1549 ibi
577 1497 670 1566 potius
688 1497 803 1565 antiqua
817 1496 884 1548 urbs
904 1501 1044 1547 exstructa
1066 1495 1153 1547 fuisse
1167 1485 1290 1564 putanda

155 1581 202 1633 sit.
247 1582 344 1652 Itaque
361 1582 394 1633 ad
415 1600 472 1635 eam
487 1583 651 1635 seutentiam
677 1582 846 1634 redeundum
868 1580 935 1644 erit,
958 1597 1029 1649 quae
1054 1587 1172 1633 veterem
1195 1583 1289 1635 urbem

155 1665 354 1719 Marathoniam
375 1667 451 1719 iuxta
467 1667 606 1720 recentius
622 1667 750 1736 oppidum
766 1674 931 1719 exstructam
951 1665 1040 1718 fuisse
1058 1667 1145 1735 pouit.
1190 1667 1289 1737 Neque

155 1751 260 1815 obstat,
283 1752 357 1821 quod
381 1751 443 1820 ipsa
463 1769 557 1821 pugna
576 1752 605 1803 in
629 1751 797 1804 meridionali
819 1750 942 1820 planitiei
964 1758 1069 1819 tractu,
1096 1752 1143 1820 qui
1169 1754 1202 1804 ab
1221 1755 1289 1806 urbe

154 1835 329 1888 Marathonia
344 1838 475 1889 remotior
489 1846 540 1905 est,
557 1838 699 1890 commissa
713 1844 772 1889 est:
790 1854 849 1888 nam
866 1836 930 1887 haec
946 1833 1070 1904 planitiei
1092 1852 1157 1905 pars
1181 1855 1196 1888 a
1212 1837 1289 1906 palu-

154 1920 236 1973 dibus
268 1938 354 1974 rucua
375 1922 500 1992 ipsisque
520 1922 734 1975 Atheniensibus
759 1922 845 1990 magis
870 1920 1005 1972 commoda
1026 1929 1101 1987 erut,
1125 1922 1172 1991 qui
1198 1922 1225 1973 iu
1243 1941 1289 1974 ex·

154 2013 240 2059 trema
255 2004 379 2074 planitiei
395 2014 473 2075 parte
489 2007 523 2060 ad
536 2007 672 2059 meridiem
686 2016 819 2075 vergente
842 2005 967 2058 collocati
984 2006 1018 2055 ad
1038 2006 1139 2057 moritis
1165 2006 1289 2075 Argaliki

153 2094 200 2161 (ut
225 2108 299 2142 nunc
319 2092 453 2165 vocatur),
468 2091 639 2145 declivitates
662 2092 726 2145 inde
746 2100 774 2144 et
799 2092 926 2143 tutiorem
947 2089 1035 2142 locum
1054 2092 1200 2159 tenebant,
1217 2093 1289 2151 unde

153 2175 251 2228 melius
268 2175 432 2247 faciliusque
453 2177 554 2230 Persas
576 2178 812 2245 aggrederentur,
833 2193 912 2246 quam
929 2175 969 2241 si,
988 2176 1060 2227 omui
1076 2177 1215 2245 equitatu,
1235 2194 1289 2247 quo

153 2258 257 2313 Persae
274 2261 464 2329 abundabant,
484 2261 625 2329 destituti,
641 2262 669 2314 in
687 2262 774 2314 media
795 2260 908 2330 planitie
925 2259 1008 2313 aciem
1025 2261 1240 2327 instruxissent,
1262 2270 1290 2314 et

153 2363 220 2397 vero
237 2346 316 2398 etiarn
330 2350 491 2399 commodam
511 2347 633 2399 Athenas
651 2347 785 2400 redeundi
806 2347 889 2411 riam,
907 2365 936 2398 re
952 2345 1098 2398 infeliciter
1113 2354 1208 2414 gesta,
1230 2364 1290 2400 cum

135 2447 186 2491 ,ea
201 2431 256 2497 via,
272 2448 343 2501 quae
358 2431 391 2482 ab
410 2432 470 2500 ipso
488 2431 587 2501 oppido
604 2432 777 2484 Marathonio
794 2450 844 2501 per
865 2439 981 2484 montem
996 2432 1133 2484 Aforismo
1152 2436 1198 2501 (ut
1216 2449 1291 2485 nuuc

155 2514 308 2584 appellant)
325 2517 446 2569 Athenas
462 2517 545 2583 ducit,
562 2515 641 2569 nimis
657 2535 755 2589 aspera
770 2524 798 2568 et
816 2534 948 2586 praeceps
965 2516 1010 2585 sit,
1026 2533 1105 2585 quam
1119 2524 1195 2568 totus
1212 2536 1289 2569 exer·

155 2602 229 2653 citus
245 2603 381 2655 commode
396 2621 536 2672 permeare
554 2603 598 2655 vix
616 2611 709 2674 queat.
753 2603 822 2655 Inde
849 2603 920 2655 haud
937 2602 1047 2670 mirum,
1076 2604 1104 2655 in
1121 2603 1182 2671 ipsa
1195 2620 1289 2672 pugna

155 2703 214 2737 cum
234 2687 322 2739 media
342 2687 549 2740 Atheniensium
571 2690 644 2742 acies
671 2690 698 2740 in
721 2690 814 2756 fugam
837 2705 972 2740 converse
993 2697 1083 2754 esset,
1106 2687 1290 2740 Athenienses

153 2771 315 2838 confugisse
330 2768 358 2833 ἐς
371 2767 424 2841 τὴν
440 2767 599 2842 μεσόγαιαν,
616 2781 647 2826 ut
664 2773 769 2825 Noster
790 2772 876 2824 tradit
891 2772 937 2824 Vl.
955 2775 1013 2838 113,
1031 2789 1121 2841 neque
1144 2773 1171 2824 in
1193 2772 1290 2825 vellem

154 2855 369 2923 Marathoniam,
392 2875 487 2927 aqua
507 2857 617 2925 lougius
640 2859 768 2924 aberant,
792 2858 840 2909 sed
861 2857 997 2910 meridiem
1016 2874 1115 2909 versus
1136 2859 1233 2924 fugere
1247 2858 1287 2909 in·

154 2941 310 2992 stituerunt
324 2943 358 2994 ad
374 2948 462 2994 terras
478 2941 584 2995 Atticae
600 2943 757 3007 interiores,
777 2958 847 3011 quae
865 2942 953 2994 tutius
969 2943 1038 3012 ipsis
1060 2942 1195 3009 refugium
1211 2961 1290 3012 prae-

154 3025 221 3078 bere
235 3031 378 3093 poterant,
400 3034 428 3079 et
443 3026 516 3079 unde
532 3027 639 3079 facilius
660 3028 803 3097 adipeam
825 3044 944 3096 pugnam
966 3036 1105 3079 revertere
1124 3027 1237 3079 licebat:
1262 3028 1289 3079 id

155 3110 231 3180 quod
247 3128 344 3164 revers
358 3113 459 3164 facturn
474 3118 526 3164 est.
572 3112 602 3164 Iu
620 3114 669 3165 hac
682 3114 769 3182 igitur
786 3111 956 3166 meridionali
973 3112 1095 3181 planitiei
1110 3122 1187 3181 parte
1203 3130 1290 3183 eaque

156 3203 276 3247 extrema
291 3196 498 3252 Atheniensium
515 3199 588 3252 acies
604 3198 740 3252 instructa
755 3206 829 3250 erat:
851 3199 878 3250 in
903 3198 952 3250 hac
967 3215 1059 3266 pugna
1075 3198 1217 3248 commissa
1233 3206 1290 3248 est:

154 3280 184 3331 in
200 3281 251 3332 hac
267 3298 406 3336 caesorum
422 3300 533 3353 quoque
548 3284 643 3336 tumuli
663 3284 797 3336 exstructi
812 3291 892 3350 suut,
916 3284 965 3353 qui
987 3284 1076 3336 adhuc
1093 3290 1259 3352 cernuntur,
1276 3302 1290 3337 e

156 3364 272 3435 planitie
288 3367 452 3421 eminentes:
468 3368 523 3420 vid.
544 3376 612 3421 nott.
629 3369 662 3421 ad
682 3367 729 3438 Vl,
748 3372 807 3422 117.
