3100 5175
419 451 789 517 TERPSIOHORE.
812 453 850 517 V.
873 463 979 520 9212.
1217 454 1276 517 175

134 623 326 713 Βακχιάδαι
358 624 554 716 καλεόμενοι
586 635 706 718 ἔνεμον
738 626 799 718 τὴν
825 627 938 697 πόλιν·
973 623 1131 697 ε’δίδοοαν
1157 627 1193 698 δὲ
1220 631 1277 699 καὶ

135 726 261 817 ἤγοντο
281 726 316 812 ἐξ
334 724 497 818 ἀλλήλων.
540 727 692 821 Ἀμφίονι
713 733 768 819 δὲ,
790 727 878 801 ε’όνιι
898 728 1027 801 τούτων
1048 735 1116 799 τῶν
1129 728 1276 820 ἀνδρῶν,

137 839 270 920 γίνεται
282 830 440 921 θυγάτηρ
453 832 558 923 χωλή·
581 834 709 925 οὔνομα
725 842 762 905 δέ
774 840 810 904 ol
818 825 862 923 ἦν
874 835 1003 924 Λάβδα.
1032 833 1173 922 ταύτην,
1187 842 1276 904 Βακ-

138 1031 241 1093 luerit,
261 1033 376 1096 exponit
388 1032 419 1083 (l.
435 1032 468 1087 Ο.
481 1033 603 1085 Mueller.
617 1035 684 1085 Dor.
734 1050 807 1086 mum
822 1037 935 1085 narrant
948 1032 1107 1085 Corinthum
1125 1048 1276 1099 occupasse

138 1103 162 1152 1.
179 1117 243 1166 pag.
260 1102 320 1152 165.
733 1120 899 1170 regnumque
909 1101 1074 1167 condidisse)
1081 1118 1167 1167 genus
1176 1104 1274 1154 duceu-

173 1168 224 1219 καὶ
245 1157 327 1219 οὗτοι
341 1165 498 1235 Βακχιάδαι
516 1164 683 1236 καλεόμενοι
734 1178 791 1234 tes,
808 1180 879 1225 teste
894 1175 1016 1225 Diodoro
1032 1173 1048 1221 l.
1068 1173 1086 1221 Ι.
1114 1173 1175 1223 Vid.
1191 1174 1275 1238 Wag-

139 1232 242 1303 ἔνεμον
253 1232 308 1304 τὴν
320 1232 418 1304 πόλιν]
442 1241 511 1291 Post
524 1228 604 1292 οὗτοι
617 1243 684 1292 arti·
734 1259 783 1294 uer
796 1243 844 1294 1.1.
858 1259 884 1308 p.
900 1243 917 1294 6
939 1249 966 1294 et
977 1242 1007 1292 (l.
1021 1241 1053 1291 0.
1066 1241 1188 1295 Mueller.
1204 1243 1273 1293 Dor.

138 1309 231 1360 culum
249 1303 279 1358 ol
295 1311 429 1361 insertum
445 1310 505 1362 vult
518 1311 681 1364 Valckenar.
734 1313 757 1367 I.
776 1328 838 1378 pag.
851 1313 896 1364 87.
921 1312 961 1362 Ac
976 1305 1140 1376 μούναρχος
1156 1321 1184 1360 ot
1204 1326 1274 1375 μου·

141 1380 197 1443 „At
211 1377 309 1442 (verba
321 1378 683 1446 suntSelrroes'pltaeuae-
734 1383 857 1446 ναρχίην
877 1383 1032 1448 promiscue
1051 1380 1106 1430 dici
1125 1386 1209 1446 atque
1227 1377 1274 1432 τό·

138 1451 170 1498 ri
182 1448 219 1498 ad
238 1448 266 1501 h.
283 1448 316 1514 1.)
333 1449 402 1499 bene
421 1448 502 1500 babet
520 1437 684 1500 οὖτοιΒακ-
734 1465 858 1514 ραννον,
880 1446 1051 1514 τυραννίδα,
1078 1455 1274 1502 commonstrat

139 1510 238 1582 χιάδαι
261 1533 316 1567 non
335 1519 438 1569 inserto
454 1520 583 1582 articulo,
604 1535 683 1585 quem
732 1522 867 1572 Herodoti
878 1520 953 1570 locus
965 1519 1026 1582 VII,
1042 1520 1101 1570 154.
1119 1520 1176 1570 loo.
1203 1521 1273 1571 Add.

140 1589 294 1638 inserturus
310 1587 429 1639 fortasse
440 1588 596 1640 Herodotus
614 1594 683 1650 erat,
733 1592 766 1653 V,
776 1591 809 1641 61
820 1595 848 1639 et
857 1589 1008 1655 Theognid.
1021 1588 1072 1639 716
1083 1588 1150 1652 (51),
1161 1589 1208 1639 ubi
1219 1605 1274 1640 oon

141 1657 166 1707 ai
176 1656 396 1707 Baecbiaderum
407 1658 462 1708 iam
473 1664 539 1709 ante
550 1659 628 1709 lacta
640 1673 684 1708 es·
732 1659 805 1725 fugit
814 1658 949 1710 Welclser.
960 1656 1053 1708 Solon.
1064 1658 1161 1722 fragm.
1169 1659 1273 1723 XVIII,

142 1731 184 1777 set
196 1728 310 1777 mentio.
336 1728 416 1777 Nunc
431 1728 515 1779 verba
526 1720 683 1792 Βακχιάδαι
733 1731 750 1781 3
765 1730 811 1794 (X,
824 1727 841 1779 3
856 1728 956 1793 Bergk.
969 1728 1060 1777 Poiitt.
1076 1725 1178 1792 Lyra).

141 1791 309 1861 καλεόμενοι
318 1796 394 1847 velut
404 1797 433 1845 in
443 1797 601 1862 parenthesi
613 1797 685 1861 posi·
768 1793 903 1847 ἐδίδοσαν
914 1790 946 1845 δὲ
959 1793 1007 1844 καὶ
1022 1788 1138 1861 ἤγοντο]
1157 1799 1175 1846 i.
1189 1814 1212 1849 e.
1222 1813 1274 1846 οια-

142 1874 173 1916 ta
186 1865 306 1929 intelligi
320 1865 432 1925 debeut;
450 1873 479 1916 et
489 1867 631 1918 commode
643 1867 684 1916 sic
734 1875 779 1917 tua
793 1870 861 1917 inter
871 1881 899 1916 ae
913 1867 1001 1929 secem
1014 1866 1179 1916 mammaea.
1203 1868 1274 1917 Nam

141 1936 227 1986 incidi
252 1938 362 2000 poterat
389 1937 493 1987 oratio:
520 1932 568 1985 καὶ
594 1922 683 2000 οὗτοι,

141 1996 301 2068 Βακχιάδαι
315 1996 496 2069 καλεόμενοι,
516 1999 617 2069 ἔνεμον
631 1998 684 2069 τὴν

142 2075 238 2124 πολιν.
251 2101 286 2110 -
297 2058 379 2122 οὗτοι
390 2089 464 2138 vero,
476 2089 509 2124 ex
520 2075 686 2142 praeceden-

142 2146 217 2195 tibus
235 2142 329 2220 verbis
345 2129 384 2206 ἦν
404 2134 566 2208 ὀλιγαρχία,
584 2143 685 2196 intelli·

143 2205 281 2280 gunturol
289 2210 465 2276 ολλγαρχοι.“
486 2213 686 2267 'IuridKueb-

144 2300 200 2336 uer.
215 2283 264 2336 Gr.
279 2281 326 2331 Gr.
340 2284 365 2345 6.
382 2282 443 2333 414.
462 2288 519 2335 not.
535 2284 560 2334 1.
591 2285 633 2334 De
645 2283 685 2333 lo-

143 2355 254 2404 cutione
270 2349 367 2413 νέμειν
380 2344 433 2415 τὴν
443 2346 529 2401 πόλιν
540 2353 576 2405 cf.
589 2354 623 2416 V,
639 2353 682 2404 29.

144 2425 218 2486 eros
235 2419 393 2471 Herodotus
417 2436 503 2486 aeque
521 2438 554 2473 ac
574 2422 684 2484 Strabo,

143 2491 315 2549 Pausanias,
340 2488 501 2555 Apollonias
523 2492 612 2542 Rhod.
634 2491 684 2554 IV,

146 2562 212 2613 1212
223 2560 283 2625 (ubi
293 2559 350 2611 uid.
363 2558 509 2613 Scholiast.
524 2562 557 2613 de
568 2560 686 2613 Bacchi-

145 2632 258 2682 adsrum
267 2629 349 2680 rebus
359 2632 550 2696 exponentur)
560 2631 685 2683 dixemut

145 2696 315 2764 Βακχιάδας,
324 2699 457 2763 Diodoro,
468 2701 531 2752 aliis
541 2707 605 2752 sunt
615 2701 686 2750 Βακ-

145 2767 238 2835 χίδαιι
257 2773 402 2834 utrumque
412 2770 490 2833 bene,
500 2776 531 2821 ut
542 2772 685 2836 postWes·

145 2839 241 2905 seling.
260 2839 296 2888 ad
314 2839 397 2892 Diod.
416 2839 433 2888 l.
454 2839 613 2906 Iuliusque
630 2855 687 2892 me·

145 2912 262 2961 suerunt
273 2908 388 2959 Siebelis
401 2909 435 2958 ad
446 2909 566 2960 Pausan.
579 2911 618 2973 II,
633 2914 660 2973 4,
670 2911 688 2959 4

145 2986 172 3029 et
186 2981 220 3042 V,
238 2977 279 3034 17,
294 2980 310 3027 2
326 2982 355 3027 et
368 2978 565 3043 Car.Waguer.
578 2981 607 3030 in
621 2981 688 3030 Pro-

145 3063 258 3114 grarnm.
281 3048 504 3099 Darmstadieusi
526 3050 591 3099 anni
609 3048 685 3101 1856.

145 3134 208 3184 pog.
221 3120 239 3171 6
252 3132 310 3182 κο.
325 3116 404 3181 (,‚De
416 3110 581 3169 Bacchiadis
593 3118 687 3169 Corin·

147 3185 319 3251 thiorum“),
340 3201 394 3251 quo
408 3186 624 3238 Bacchiadarum
643 3203 685 3239 res

147 3262 275 3308 accurate
292 3262 451 3325 pegsecutus
465 3261 516 3307 est.
547 3258 620 3320 Quin
633 3259 686 3309 Mi·

145 3326 193 3378 leti
220 3340 328 3392 quoque
353 3325 554 3377 Baecdiudurroa
577 3332 685 3392 gentem

146 3397 231 3448 luisse
252 3399 373 3446 testatur
384 3394 503 3460 Hesych.
526 3412 548 3448 s.
566 3413 593 3447 r.
612 3398 645 3450 Τ.
662 3398 685 3447 1.

147 3481 210 3532 pag.
226 3464 277 3517 681
298 3463 359 3517 coll
374 3464 560 3519 Wachsmuth.
579 3465 687 3523 Hellen.

146 3533 344 3587 Altertbumslr.
358 3534 416 3595 1,1.
431 3550 493 3599 pag.
510 3534 568 3586 150.
593 3535 689 3587 (lorin-

147 3606 185 3655 thi
197 3603 346 3671 quotannis
356 3601 539 3655 eBaccbiadia
549 3606 688 3669 prytanim

147 3675 248 3726 lectum
261 3674 348 3724 tuisse
366 3674 536 3739 accepimus,
557 3675 604 3740 qui
615 3676 688 3739 regis

146 3746 203 3795 iere
217 3743 306 3794 locum
317 3747 423 3794 teneret
434 3742 480 3806 (ei.
495 3744 624 3809 Wagner.
636 3743 655 3792 l.
667 3742 687 3796 l.

147 3830 209 3880 pag.
224 3814 243 3864 8
256 3810 363 3878 seqq.):
382 3812 454 3864 unde
468 3828 530 3889 mor
543 3813 573 3863 iu
588 3811 700 3877 Apolli·-

42 3939 52 3957 ,
148 3886 190 3935 nis
203 3882 319 3934 oraculo*
332 3882 459 3933 dicuutur
470 3896 643 3946 μονναρχοι,
659 3886 690 3932 ut

148 3954 194 4020 qui
203 3953 347 4004 civitatem
358 3953 432 4002 flato
444 3957 574 4018 certoque
582 3952 633 4002 soli
642 3951 691 4003 ad·

149 4023 306 4074 ministrent
319 4027 450 4086 tempore.
472 4022 552 4075 (loni.
566 4022 689 4074 Pausau.

149 4094 191 4156 ll,
208 4095 236 4143 4.
249 4095 276 4156 §-
290 4094 317 4143 4.
335 4091 418 4141 Diod.
431 4091 486 4143 Sic.
506 4091 553 4141 lib.
569 4091 622 4143 VII
639 4091 690 4155 (Τ.

151 4162 185 4212 Π.
204 4178 268 4228 pag.
283 4161 335 4212 635
348 4160 438 4212 Wess.
455 4162 488 4213 Τ.
504 4162 553 4211 IV.
572 4177 634 4226 pag.
649 4161 689 4211 14.

151 4232 183 4282 15
200 4231 243 4282 ed.
261 4229 346 4295 Rip).
379 4232 449 4281 Nam
463 4231 555 4295 regias
566 4230 692 4281 Heracli·

734 1929 851 1985 διδόναι
863 1935 896 1986 de
910 1951 942 1987 eo
956 1935 1021 1998 dici,
1036 1936 1085 1999 qui
1098 1935 1181 1985 tiliam
1195 1951 1274 1985 suam

734 2007 785 2066 dat
797 2009 925 2071 nuptuuu
945 1995 1082 2069 ἄγεσθαι,
1103 2005 1149 2069 qui
1169 2021 1203 2055 ex
1218 2004 1274 2054 alia

733 2077 814 2127 domo
824 2090 935 2125 uxorem
942 2073 1007 2139 (sibi
1013 2080 1180 2138 assumptam
1190 2075 1218 2124 in
1227 2074 1273 2124 do·

734 2160 807 2196 mum
821 2143 909 2208 suam)
927 2144 1016 2207 ducit,
1028 2146 1098 2194 satis
1110 2152 1203 2194 uotum
1221 2149 1272 2200 est,

733 2215 798 2268 Vid.
812 2219 882 2268 nott.
899 2214 935 2263 ad
952 2215 990 2277 11,
1002 2216 1044 2264 47.
1062 2214 1082 2273 l,
1096 2215 1138 2264 64.
1151 2213 1195 2264 59.
1208 2214 1274 2264 Val-

735 2284 814 2337 clreu.
830 2285 900 2335 citat
911 2282 1033 2347 Thucyd.
1048 2283 1127 2345 VIII,
1141 2284 1184 2334 21.
1202 2282 1272 2333 Plat.

734 2355 821 2419 Legg.
840 2354 887 2404 VI.
906 2368 969 2418 pag.
988 2352 1036 2402 771
1049 2354 1088 2414 Ε,
1109 2367 1162 2418 quo
1180 2353 1274 2404 eodem

734 2428 859 2474 mouente
872 2422 953 2488 plena
968 2427 1011 2473 est
1027 2422 1142 2473 locutio:
1159 2418 1273 2472 διδόναι

734 2507 763 2542 τε
776 2487 860 2541 τέκνα
872 2487 920 2540 καὶ
938 2484 1092 2558 λαμβάνειν
1109 2483 1179 2554 παρ’
1191 2484 1274 2555 ἀλλή-

734 2562 792 2612 λοιν
809 2564 869 2614 sive
889 2553 1035 2612 ἐκδιδόναι
1052 2556 1101 2610 καὶ
1120 2554 1274 2626 λαμβάνειν

733 2635 872 2698 γυναῖκας
884 2623 955 2694 παρ’
965 2623 1102 2695 ἀλλήλων.
1126 2632 1275 2695 Spectabat

733 2708 826 2753 autem
846 2702 898 2752 hoc
915 2701 1044 2751 connubii
1062 2703 1150 2750 mutui
1165 2701 1274 2752 iustitu-

734 2777 793 2823 tum
812 2772 848 2821 ad
867 2787 932 2837 opes
946 2771 1163 2821 Bacchiadarum
1184 2772 1274 2835 gentis

736 2841 886 2906 augendas,
897 2841 1101 2905 potentiamque
1114 2856 1183 2901 earu,
1193 2855 1275 2905 quarn

737 2913 765 2961 in
780 2910 981 2961 Corinthiorum
996 2911 1112 2961 civitate
1125 2908 1193 2958 baec
1209 2924 1274 2973 geue

736 2982 817 3047 quasi
832 2981 957 3044 princeps
969 2979 1097 3040 obtinuit,
1112 2977 1275 3029 servandam

736 3050 927 3109 adtuendam
946 3049 970 3099 si
987 3048 1094 3114 quidem
1108 3062 1201 3097 omnes
1219 3062 1275 3096 ma·

735 3122 807 3170 iores
834 3120 1013 3183 magistratus
1035 3115 1208 3168 Bacchiadae
1230 3131 1275 3166 ca-

735 3188 886 3254 pessebant
905 3192 933 3238 et
950 3203 999 3251 per
1012 3201 1108 3236 manus
1127 3186 1276 3251 quasisibi

736 3257 897 3320 tradebant,
913 3257 1030 3306 caeteris
1044 3254 1181 3305 nobilibus
1192 3254 1276 3304 omui·

736 3343 788 3394 qus
795 3326 872 3392 plebe
880 3326 1004 3377 exclusa:
1016 3341 1068 3392 quo
1078 3325 1186 3376 accedit
1192 3326 1275 3374 etiam

736 3397 877 3461 eaopinio,
885 3412 965 3461 quam
972 3396 1044 3446 iuter
1049 3396 1081 3447 Gi
1089 3410 1168 3445 moos
1178 3409 1277 3459 props-

736 3472 830 3533 gatarn
847 3466 983 3527 videmus,
999 3481 1033 3516 ex
1051 3480 1105 3530 qua
1125 3467 1231 3529 generis
1248 3468 1277 3515 et

737 3535 879 3599 sanguinis
897 3537 1094 3600 praestantiam
1113 3551 1174 3585 cum
1191 3534 1277 3599 ipsius

735 3606 849 3657 uirtutis
862 3603 944 3656 laude
957 3605 997 3655 ita
1009 3605 1182 3656 coniunctam
1199 3609 1277 3669 puta·

736 3680 811 3738 rent,
825 3678 856 3725 ut
872 3673 947 3726 illam
959 3676 1094 3740 integram
1108 3674 1278 3724 studiosissi-

737 3759 781 3795 me
801 3758 912 3796 servare
932 3751 1104 3795 conarentur.
1142 3746 1228 3806 Quam
1246 3745 1277 3793 in

738 3830 794 3865 rem
806 3814 885 3880 plura
899 3813 1023 3879 disputat
1036 3814 1066 3867 C.
1080 3814 1207 3878 Wagner.
1226 3813 1244 3862 l.
1257 3812 1278 3865 l.

738 3899 800 3951 pag.
815 3884 842 3937 9.
858 3883 898 3935 10.
925 3884 966 3934 λδ
980 3890 1169 3949 argumentum
1182 3883 1278 3933 verbo·

738 3970 797 4005 rum
809 3970 884 4021 seqq.
896 3953 955 4019 (ubi
964 3951 1073 4003 τούτων
1082 3952 1144 4002 dedi
1155 3967 1204 4016 pro
1214 3964 1278 4000 ιον-

737 4017 821 4088 stov)
837 4025 873 4074 cl.
894 4024 986 4074 Plrotii
1000 4021 1069 4074 Bibl.
1091 4036 1155 4086 pag.
1173 4020 1238 4071 1583
1252 4025 1280 4071 et

740 4108 802 4158 pag.
814 4094 875 4142 467.

777 4150 888 4223 οόκομα
900 4156 932 4209 δέ
944 4153 974 4208 oi
985 4146 1020 4224 ἦν
1030 4151 1140 4225 Λάβδα]
1158 4157 1209 4207 His
1220 4173 1279 4208 ver-

742 4230 786 4281 bis
802 4230 952 4279 Crcuzcr.
969 4228 1145 4291 (Commentt.
1157 4227 1278 4283 Herodd.

150 4299 246 4351 darum
265 4301 361 4364 stirpis
380 4299 467 4351 fuisse
485 4301 692 4350 dicunturBac·
722 4298 806 4369 ‘ag
823 4297 868 4363 62)
891 4297 1004 4348 adhibet
1022 4299 1107 4349 verba
1125 4298 1278 4363 Etymolog.

150 4369 282 4432 chiadae,
300 4385 317 4419 a
334 4368 472 4420 Bacchis.
487 4369 622 4432 Bacchia,
644 4368 692 4434 qui
742 4385 833 4434 magu.
847 4384 874 4432 p.
893 4367 944 4419 ltltl
956 4383 982 4432 p.
997 4367 1043 4419 161
1059 4369 1135 4434 Lips.
1156 4363 1279 4433 βλαιοός,

150 4454 220 4490 uuus
240 4440 295 4489 init
314 4439 461 4503 eposteris
479 4454 513 4489 ac
527 4436 693 4491 successori·
742 4430 1078 4502 παρα1οτικός-ότοός
1087 4432 1181 4497 πόδας
1191 4430 1236 4488 ἐπὶ
1246 4433 1281 4488 τὰ

150 4509 200 4561 bus
218 4509 316 4560 Alutae
333 4508 500 4560 Heraclidae
523 4506 615 4574 (quem
638 4509 692 4574 pri·
742 4503 795 4570 ἔξω
808 4502 1040 4577 διεοτραμμένος,
1056 4505 1103 4560 καὶ
1119 4507 1159 4579 τῷ
1172 4510 1196 4558 Λ
1209 4522 1281 4559 στοι-
