3100 5175
519 415 699 482 ERATO.
720 416 776 483 VI.
800 428 938 486 99-—10l
1238 425 1299 488 365

162 595 303 684 Πέρσεω
317 601 489 680 οἴσεσθαι,
511 601 697 684 προδοσίην
718 594 945 678 ἐσκευάζοντο.
981 594 1104 683 μαθων
1121 598 1158 666 δὲ
1171 599 1301 668 τούτων

162 700 303 787 ἑκάτερα
321 694 365 778 ὡς
381 697 448 785 εἶχε
463 704 623 786 Αἰσχίνης
644 694 859 796 όΝόθωνος,
880 697 946 767 eoin
965 707 1034 768 τῶν
1048 698 1241 789 Ἐρετριέων
1260 702 1300 771 τό

162 808 296 889 πρῶτα,
313 802 430 889 φράζει
443 816 528 870 τοῖσι
540 798 660 890 ἥκουσι
674 808 742 872 τῶν
751 801 944 890 Ἀθηναίων
958 803 1067 871 πάντα
1082 802 1121 873 τὰ
1132 805 1299 894 παρεόντα

161 929 223 993 σφι
243 904 437 993 πρήγματα·
475 904 674 993 προσεδέετό
700 934 735 975 τε
761 904 1042 986 ἇπαλλόσσεσθαί
1058 928 1164 995 σφεας
1184 912 1218 988 ές
1238 908 1300 997 τὴν

161 1013 347 1097 σφετέρην,
368 1013 425 1077 ἵνα
445 1007 491 1097 μὴ
510 1009 799 1097 προσαπόλωνται.
828 1015 863 1077 οἱ
874 1009 911 1078 δὲ
930 1007 1104 1098 Ἀθηναῖοι
1115 1018 1219 1091 ταῦτα
1234 1020 1296 1082 Αἰ-

161 1122 258 1200 σχίνη
273 1111 565 1201 συμβουλεύσαντι
585 1120 781 1183 πείθονται·
805 1102 968 1182 καὶοῦτοι
987 1114 1050 1200 μὲν
1071 1105 1248 1204 διαβάντες
1265 1121 1298 1196 ές

157 1213 315 1304 Ὠρωπόν
337 1222 459 1298 ἔσωζον
478 1218 583 1302 σφέας
600 1214 732 1297 αὐτούς.
776 1222 823 1284 OI
840 1216 877 1284 δὲ
890 1220 1019 1304 Πῷσαι
1039 1221 1196 1298 πλέοντες
1216 1247 1294 1287 κατ·
1309 1237 1360 1296 llll

107 1323 266 1408 435e‘oxov
275 1317 333 1399 τὰς
347 1322 424 1399 νέας
436 1324 494 1408 τῆς
507 1314 692 1410 Ἐρετρικῆς
705 1319 814 1410 χιόρης
826 1317 909 1388 κατὰ
925 1321 1080 1409 Ταμύνας
1091 1324 1147 1390 καλ
1157 1327 1297 1412 Χοιρέας

161 1519 219 1569 ιιΙίιι
235 1518 425 1570 Hemsterhus.
448 1518 483 1568 ad
500 1519 615 1569 LucIen.
634 1519 705 1570 Tim.
756 1521 837 1570 triam
851 1519 1018 1584 hodiernam,
1031 1514 1103 1587 'quse
1114 1527 1141 1571 et
1153 1522 1213 1586 ipsa
1225 1527 1299 1572 vete·

160 1605 223 1654 cap.
235 1590 278 1641 35.
319 1589 389 1639 Add.
406 1587 521 1638 Siebelis
537 1588 571 1638 ad
586 1590 705 1639 Pausau.

160 1657 306 1720 v111‚5o.
328 1662 353 1722 5.
377 1658 387 1707 l
411 1664 439 1707 et
462 1673 530 1723 qnae
552 1658 707 1708 attulerunt

159 1728 313 1780 Blomfield.
340 1730 367 1777 ln
384 1728 505 1779 Glossar.
528 1729 562 1778 ad
578 1727 705 1792 Aesehpl.

160 1799 236 1847 Pers.
249 1800 260 1848 l
274 1803 301 1847 et
314 1799 476 1862 interpretes
487 1797 704 1862 adAristopben.

158 1869 232 1918 Rau.
250 1868 313 1918 tel:
349 1868 478 1917 Imitatus
501 1873 543 1918 est
560 1868 706 1917 Lucretius

159 1937 204 2001 II,
220 1939 269 1989 Bb:
294 1938 441 2000 „ductores
455 1937 582 1987 Danaum
595 1938 704 2000 delecti,

156 2008 241 2071 primu
256 2008 394 2060 vr'ror·rrrn.“

192 2100 221 2166 ές
233 2102 376 2175 Ὠρωπὸν]
390 2108 489 2173 Oropus
499 2126 513 2160 e
524 2112 634 2175 regione
645 2115 705 2160 erat

159 2180 301 2242 Eretriae,
320 2195 407 2244 parre
425 2180 571 2230 intervallo
589 2180 652 2230 binc
665 2196 704 2230 re-

158 2257 262 2299 motum
276 2251 419 2314 oppidum,
442 2251 512 2315 quod
527 2250 603 2315 priua
616 2251 704 2300 Boeo-

158 2322 216 2370 tiae
242 2333 404 2383 accensum,
432 2321 467 2370 ab
491 2320 703 2370 Atheniensibus

157 2396 258 2454 postea
272 2396 434 2454 occupatum
449 2395 506 2452 est,
527 2389 574 2455 qni
593 2390 656 2439 inde
676 2391 703 2438 in

158 2461 292 2509 Boeotiae
309 2474 390 2524 agros
410 2474 552 2509 excurrere
568 2459 702 2512 solebant.

159 2529 232 2578 Hinc
244 2529 355 2594 saepius
367 2534 516 2597 pugnaturn
526 2543 587 2580 ease
597 2530 704 2594 accepi·

158 2615 220 2650 rnna
242 2600 275 2650 de
296 2598 347 2649 hoc
365 2603 424 2665 ipso
441 2599 511 2650 loco.
551 2600 611 2649 Vid.
626 2601 703 2649 Man-

158 2676 230 2721 nert.
252 2668 330 2719 VIII.
349 2685 413 2735 pag.
434 2670 500 2727 241.
523 2676 549 2718 et
565 2670 702 2734 imprimis

157 2741 261 2790 Kruse:
282 2737 377 2790 Hellas
391 2740 429 2803 11,
445 2740 466 2789 l.
484 2755 511 2804 p.
526 2738 577 2788 282
593 2748 620 2789 et
632 2739 701 2792 Lud.

158 2809 275 2859 Staclrs:
300 2809 343 2858 De
361 2809 465 2874 Oropo,
486 2810 618 2859 Boeotiae
637 2809 702 2859 urbe

156 2879 313 2943 (Morburgi
323 2878 429 2929 Cattor.
440 2879 518 2941 1842)
526 2895 588 2943 pag.
599 2879 702 2943 anqq.

156 2950 191 2999 20
202 2964 281 3014 seqq.
310 2948 388 2999 Nunc
402 2950 430 2999 in
449 2949 502 2999 ista
517 2953 628 3012 regione
641 2964 702 2998 curn

156 3020 314 3084 reperiatur
326 3019 404 3068 vicus
416 3033 534 3084 pauper,
549 3019 593 3068 eui
606 3033 703 3068 nomen

157 3091 233 3153 ltopo
245 3104 268 3138 s.
283 3087 381 3150 Oropo,
402 3088 473 3138 huuc
488 3089 578 3138 vicum
591 3089 619 3136 in
630 3095 703 3138 rete-

158 3161 194 3210 ris
209 3158 297 3222 Oropi
310 3156 398 3208 locum
409 3158 525 3209 cessisse
539 3156 611 3208 haud
621 3154 718 3222 panci'

157 3227 348 3288 crediderunt,
379 3228 496 3277 nominis
523 3227 703 3277 similitudine

754 1592 792 1639 ris
806 1592 931 1640 Eretriae
945 1590 1005 1640 loco
1019 1596 1159 1642 exstructa
1176 1598 1232 1640 est:
1251 1608 1299 1642 vo-

755 1667 835 1709 catur
849 1660 929 1710 stara
941 1659 985 1711 hic
998 1660 1084 1715 Iocus.

964 1848 1040 1902 Cer.-
1050 1848 1095 1899 CI.

795 1962 931 2033 κατέσχον
952 1961 1003 2025 τὰς
1023 1966 1097 2035 νέας]
1126 1970 1168 2020 Ad
1186 1970 1297 2021 verbum

754 2032 882 2102 κατέχειν
901 2039 991 2103 (πονοι
1006 2040 1147 2105 adpellere)
1165 2041 1238 2090 conl.
1250 2042 1298 2104 VI,

753 2111 796 2160 95.
817 2110 878 2172 VII,
891 2110 933 2160 49.
950 2110 1012 2173 Vll,
1029 2110 1086 2160 188.
1104 2110 1181 2172 VIII,
1195 2111 1296 2164 4941.

754 2179 885 2230 Schaeler
902 2178 938 2227 ad
955 2179 1051 2228 Larnb.
1069 2180 1133 2231 Bos.
1148 2179 1190 2229 De
1208 2180 1296 2244 ellips.

755 2250 786 2299 L.
805 2248 859 2298 Or.
874 2265 937 2313 pag.
957 2249 1016 2298 318.
1044 2249 1117 2304 Pint.
1136 2250 1249 2299 Aristid.
1271 2252 1296 2298 5.

754 2315 843 2374 Δᾶτις
858 2347 888 2353 --
904 2313 943 2373 εἰς
958 2315 1133 2381 Μαραθῶνα
1153 2315 1240 2367 παντὶ
1258 2316 1297 2385 τῷ
1377 2323 1379 2326 ’

754 2380 843 2454 στόλῳ
858 2384 981 2451 κατέσχε.
1014 2391 1090 2451 Quas
1105 2403 1166 2438 rnox
1185 2389 1297 2438 ditionis

754 2457 919 2507 Eretriensis
932 2464 1066 2507 vocentur
1080 2457 1191 2524 oppida,
1204 2474 1297 2508 eornm

754 2528 854 2577 nullam
872 2529 944 2593 apud
958 2527 1027 2577 alios
1041 2529 1190 2595 scriptores
1208 2529 1297 2594 reperi

753 2599 931 2659 mentionem,
954 2599 1008 2648 nisi
1024 2599 1095 2664 quod
1110 2599 1208 2649 Strabo
1221 2600 1253 2648 Χ.
1268 2616 1294 2664 p.

753 2670 805 2718 447
824 2684 847 2719 s.
860 2668 940 2719 687ss
959 2669 1100 2733 Τανιμναι,
1127 2668 1174 2718 ubi
1191 2669 1297 2732 insigne

753 2736 890 2802 Apollinis
919 2736 1065 2802 templum,
1093 2745 1295 2788 commemorat.

752 2810 843 2872 Atque
858 2806 979 2856 eiusdem
999 2806 1073 2857 urbis
1091 2808 1174 2858 etiarn
1194 2810 1297 2857 mentio

752 2876 826 2941 apud
840 2876 933 2941 Steph.
945 2878 1010 2940 Byr.
1021 2893 1043 2929 s.
1056 2893 1081 2927 v.
1092 2892 1155 2941 pag.
1168 2876 1227 2927 694.
1245 2878 1299 2927 De·

753 2947 850 2996 mostb.
862 2962 885 2996 c.
895 2945 963 2996 Mid.
975 2963 1001 3011 p.
1014 2947 1074 3009 394,
1084 2946 1143 2997 391.
1158 2946 1233 3011 [pag.
1245 2947 1295 2996 eet

753 3014 861 3080 neten]
881 3032 906 3067 o.
924 3018 1018 3085 Boset.
1034 3030 1061 3079 p.
1077 3017 1142 3075 578,
1159 3020 1202 3066 *AO-
1223 3012 1296 3080 [pag.

752 3086 805 3136 999
814 3083 926 3150 R.]etc.,
938 3100 1008 3150 quae
1019 3084 1115 3134 attulit
1122 3085 1296 3147 Valckenar,

753 3156 801 3221 qui
816 3156 904 3219 ipsam
917 3170 1011 3205 vocem
1030 3150 1165 3216 Ταμύνας
1178 3171 1191 3203 e
1205 3169 1296 3204 corrn-

752 3233 802 3291 pto
816 3218 945 3288 τέμενος,
967 3224 1040 3289 quod
1058 3224 1139 3275 codd.
1154 3224 1296 3289 praebent,

157 3297 248 3349 ducti:
273 3296 338 3346 licet
357 3296 493 3347 hiericus
510 3298 611 3347 amari
628 3298 703 3346 absit
753 3296 856 3360 primus
883 3295 1013 3345 restitnit.
1055 3293 1135 3344 Unde
1160 3295 1205 3344 rix
1231 3293 1297 3345 licet

156 3367 260 3433 viginti
278 3366 361 3417 ferme
379 3368 490 3427 stadiis,
516 3368 636 3432 Oropum
656 3382 704 3417 au·
753 3364 961 3416 nuncindicaro
980 3364 1055 3427 loca,
1077 3365 1105 3413 in
1119 3365 1216 3430 quibus
1229 3364 1296 3414 lraec

157 3444 233 3499 tem,
254 3441 376 3487 veterum
396 3438 555 3487 testimonia
573 3438 597 3486 si
616 3438 702 3501 respi-
751 3435 853 3500 oppida
864 3434 1126 3485 luerintexstructe.
1150 3436 1210 3497 Qua
1221 3435 1254 3483 de
1267 3450 1295 3483 re

156 3510 279 3567 olemus,
298 3506 332 3556 ad
347 3508 435 3571 ipsum
451 3521 525 3557 msre
538 3521 571 3556 ex
586 3506 702 3557 adverso
752 3505 846 3555 Leake
855 3505 983 3568 (Trevels
996 3505 1023 3553 in
1033 3505 1130 3555 Nortlr.
1142 3504 1245 3555 Greece
1257 3506 1295 3556 11.

158 3577 284 3628 Eretriae
302 3575 386 3626 ferme
408 3577 488 3626 sitam
506 3576 592 3626 fuisse
605 3576 700 3641 probs·
752 3589 778 3639 p.
794 3573 856 3639 439)
871 3573 939 3625 haec
955 3575 1082 3639 scripsit:
1107 3573 1252 3639 „Obymnd
1272 3575 1295 3624 is

157 3646 240 3698 bilius
252 3646 299 3695 sit.
323 3646 414 3707 Quare
426 3644 524 3711 Finlay
534 3646 563 3694 in
575 3644 703 3709 Epistola
751 3643 870 3710 perhaps
880 3644 926 3695 the
935 3645 987 3695 site
998 3644 1175 3709 ofTamynae
1184 3644 1237 3702 and
1249 3644 1294 3693 the

156 3713 702 3781 adLeakinmrirumAnglumdata(rid.
752 3716 894 3764 mountain
913 3710 958 3766 th'e
977 3715 1087 3764 ancient
1103 3713 1293 3776 Cotylaenm.“

156 3784 320 3837 Hoffmann:
349 3784 401 3835 Die
421 3784 470 3835 alt.
490 3784 644 3849 Geogrnph.
663 3786 700 3835 lI.
752 3785 808 3846 Qui
821 3784 930 3848 singula
943 3785 1072 3835 Euboeae
1089 3783 1151 3834 loca
1166 3790 1295 3835 accurate

157 3871 183 3919 p.
196 3857 230 3905 74
246 3853 335 3920 seqq.)
347 3861 374 3905 et
384 3854 487 3905 Preller
500 3854 624 3918 (Bericht
635 3854 661 3904 d.
673 3854 701 3907 lr.
753 3854 899 3919 descripsit
911 3854 1010 3904 Girsrd
1023 3852 1167 3917 (Archives
1179 3854 1205 3907 d.
1219 3856 1294 3904 miss.

157 3925 253 3977 Sticho.
269 3923 421 3976 Gesellsch.
438 3925 464 3974 d.
478 3924 702 3985 Wissoebaftt.
753 3924 897 3987 scientifiq.
913 3923 930 3972 I.
945 3923 986 3986 l),
1000 3925 1023 3972 is
1039 3924 1068 3972 in
1088 3924 1214 3987 Tamyras
1228 3939 1295 3988 qno-

160 3993 413 4058 leethntphilot.
422 3993 508 4045 Olaas.
519 3993 571 4043 111.
583 3996 630 4047 IV.
639 4008 700 4059 pag.
754 4008 806 4057 qne
826 3993 938 4056 eiusque
961 3994 1043 4041 sitnm
1065 3992 1211 4056 inquisivit
1232 4008 1295 4056 pag.

160 4065 208 4114 142
216 4062 371 4130 seqq.)‚qni
379 4064 586 4114 accuratissime
597 4064 625 4113 in
633 4062 703 4114 haec
752 4062 805 4112 (580
817 4076 893 4126 seqq.
908 4060 990 4126 idque
1000 4060 1128 4125 oppidum
1141 4061 1247 4111 invenit
1259 4064 1295 4111 si-

158 4134 375 4200 inqnisivernnt,
386 4131 568 4196 contendunt,
582 4138 702 4183 veterem
753 4137 810 4181 tum
823 4131 909 4180 inisse
922 4145 954 4181 eo
966 4131 1051 4180 ferme
1065 4130 1137 4189 loco,
1156 4146 1209 4195 quo
1223 4145 1294 4181 nunc

160 4204 281 4270 Oropum
301 4217 333 4252 eo
349 4205 442 4267 potius
460 4202 521 4253 loco
538 4204 634 4267 quaeri
656 4203 702 4254 de·
752 4202 831 4253 vicus
854 4216 967 4264 magnus
987 4199 1157 4262 extenditur,
1186 4203 1293 4251 nomine

159 4273 235 4338 bere,
254 4273 301 4324 ubi
316 4271 455 4338 adipsum
474 4288 547 4322 mare
564 4273 703 4323 invenitur
752 4272 864 4325 Alium:
882 4267 1004 4332 Χοιρέας
1020 4274 1102 4334 atque
1120 4263 1231 4333 Αἰγίλεα
1247 4287 1294 4336 op·

159 4345 235 4394 vicus
254 4343 382 4407 exiguus,
406 4341 507 4406 uiginti
526 4342 611 4392 ferme
629 4344 702 4392 casis
752 4340 818 4405 pida
837 4340 921 4390 luisse
938 4341 1029 4390 virius
1051 4355 1138 4405 eaque
1163 4340 1293 4392 inferiora

159 4418 300 4469 constans.
322 4411 394 4462 unde
411 4411 543 4462 traiectus
559 4412 615 4461 lieri
632 4411 702 4462 solet
751 4409 821 4460 idem
840 4409 953 4459 indicat.
987 4411 1086 4475 Attigit
1102 4425 1211 4476 quoqne
1226 4412 1294 4463 haec

159 4483 193 4533 ad
202 4481 495 4550 oppositamEuboeae
505 4481 591 4547 ripam
601 4482 629 4531 in
637 4482 703 4533 Ere·
751 4480 814 4532 loca
827 4479 937 4531 Ulrichs
951 4480 994 4531 in:
1015 4482 1111 4536 Rbein.
1127 4484 1198 4533 Mos.
1214 4484 1248 4535 N.
1260 4485 1293 4538 F.
