3100 5175
244 367 306 430 440
392 416 397 427 .

614 338 616 343 ’
675 366 944 429 nauonorr

246 544 301 610 καὶ
316 547 350 609 ol
365 539 557 627 Ἀλευάδαι,
582 543 638 610 καὶ
660 542 700 630 δή
715 570 746 610 τι
761 540 843 631 ιιρός
859 542 1005 613 τούτοισι
1025 549 1071 612 ἔτι
1091 544 1193 610 πλέον
1208 540 1379 627 προσωρέ-

246 645 345 733 γοντό
359 651 408 730 oi,
436 653 566 733 ἔχοντες
582 644 835 734 Ὀνομάκριτον,
856 643 963 736 άνὸρα
981 644 1181 734 Ἀθηναῖον,
1195 642 1380 733 χρησμολό-

284 804 499 876 προαοιρέγοντά
511 805 550 877 oi]
570 814 707 863 Revocavi
729 829 790 863 enm

249 890 363 934 receuti.
388 883 448 932 edd.
473 884 605 948 probante
625 882 740 933 Bredou.
763 900 789 947 p.

252 952 453 1017 illitivulgatam
468 947 703 1015 apocmpipovto,
713 954 792 1002 cuius

249 1021 795 1086 leeoeaunoFloreutinolibroSolrweig-

250 1093 353 1155 haene,
379 1093 516 1141 Gaisford.
538 1097 566 1143 et
580 1091 721 1141 Behkerus
737 1093 795 1141 cdi-

251 1164 348 1214 derant
382 1154 610 1225 προαορὲγοντο.
656 1160 793 1226 Schweig-

251 1230 410 1293 haeuserna,
424 1231 470 1295 qui
484 1232 559 1294 prius
570 1229 728 1280 reddiderat
740 1232 796 1295 rapi

251 1299 459 1361 conciliabantur,
472 1300 622 1350 rectinssic
629 1300 707 1349 reddi
720 1306 794 1364 post·

252 1388 286 1423 ea
309 1371 430 1418 monuit:
455 1371 795 1433 adrepemseapplicabaul,

251 1439 381 1492 instabunt
399 1440 456 1502 repi
473 1456 574 1503 earuqne
587 1440 718 1502 erpeinus.
741 1439 796 1488 hd·

254 1510 295 1559 dit
308 1509 483 1572 paulominus
499 1524 569 1570 esse,
582 1509 629 1556 sed
638 1509 730 1559 eodem
740 1509 797 1559 lere

254 1580 405 1645 pertinens,
418 1578 488 1642 quod
500 1578 571 1627 iufra
582 1577 695 1641 iegitur:
711 1590 799 1639 προσ-

257 1644 387 1711 εφέρετο,
401 1648 539 1697 accedebat
549 1649 585 1697 orl
594 1663 685 1712 repens,
698 1665 752 1698 cnm
767 1662 798 1696 eo

254 1719 355 1783 anelat.
398 1720 486 1781 Atque
509 1719 536 1765 in
554 1732 615 1767 eam
633 1719 797 1770 sententiam

256 1802 363 1852 quoqne
371 1786 583 1851 accepithlatth.
591 1786 692 1840 Gr.Gr.
704 1790 727 1850 ξ.
735 1787 798 1847 402,

255 1859 302 1921 qui
314 1856 398 1906 verbo
421 1851 637 1919 προσφέρεσθαι
653 1859 680 1906 in
696 1872 755 1921 sqq.
771 1862 799 1904 ct

256 1928 341 1976 uerbo
356 1923 550 1986 προσκεῖσθαί
562 1940 618 1974 τινι
626 1926 647 1982 1.
664 1927 713 1977 123
728 1927 798 1975 idem

257 1996 371 2060 exprimi
391 1995 460 2044 bene
477 1996 614 2045 observat.
646 1997 799 2046 Pronomen

258 2058 287 2114 oi
302 2065 336 2114 ad
351 2066 466 2113 Xerxem
478 2066 601 2128 respicit.

294 2127 404 2198 ἔχοντες
415 2125 630 2196 Ὀνομάκριτον]
644 2133 685 2180 lix
694 2147 747 2196 qno
760 2130 800 2180 lo-

258 2220 292 2254 eo
313 2204 385 2253 vatis
404 2201 573 2252 celeberrimi
592 2206 712 2251 aetatem
737 2216 801 2249 con-

258 2273 340 2324 stitui
360 2273 429 2321 satis
447 2273 624 2336 perspicitur,
650 2271 673 2319 si
692 2270 799 2334 quidem

261 2341 354 2391 statim
370 2347 432 2405 post
445 2356 543 2390 annum
557 2342 608 2391 485
618 2347 681 2389 ante
697 2339 758 2389 Chr.
772 2355 801 2388 n.

259 2411 330 2461 Susa
351 2409 507 2474 pervenisse
525 2410 569 2459 ille
585 2408 721 2473 putandus
740 2410 801 2465 erit,

259 2478 352 2544 pulsns
370 2478 484 2533 Athenis
506 2480 539 2530 ab
560 2478 719 2543 Hipparcho
738 2483 803 2528 aute

261 2557 325 2600 ante
343 2565 442 2599 annum
463 2551 529 2612 515,
554 2564 606 2614 quo
626 2547 803 2612 Hipparchus

261 2620 423 2670 interiectus
437 2627 495 2682 est,
511 2625 538 2668 et
554 2624 615 2683 post
629 2633 728 2667 annum
742 2619 802 2677 527,

263 2707 315 2755 quo
327 2690 490 2749 Pisistratus
507 2690 575 2739 obiit
596 2687 662 2752 (uid.
684 2687 803 2738 nothart

262 2761 285 2821 1,
299 2760 341 2810 59.
361 2759 399 2821 V,
412 2758 467 2824 55).
500 2761 589 2824 litque
608 2773 699 2809 senem
720 2758 805 2808 luisse

262 2830 469 2880 Onomaeritnm
505 2830 675 2879 hominemne
709 2843 805 2892 proue-

263 2899 472 2962 ctiorisaetstis,
485 2898 590 2950 eumad
600 2900 742 2949 Persarum
758 2914 806 2947 an·

261 2970 315 3019 lam
330 2969 432 3033 regiam
451 2969 610 3030 accederet,
632 2966 728 3017 merito
742 2968 803 3017 inde

263 3038 392 3103 colligas,
411 3038 481 3103 quod
494 3039 665 3088 Onomaeriti
681 3052 747 3086 eura
762 3052 806 3085 aa·

262 3108 377 3172 sumptis
393 3108 593 3172 quoquetribus
608 3106 746 3156 aliisviris
759 3105 806 3154 do-

263 3179 315 3229 otis
330 3183 358 3228 et
375 3179 444 3241 ipsis
458 3177 586 3243 Orphieis
600 3177 761 3225 Pisistratus
775 3190 807 3237 11-

263 3264 310 3296 sns
331 3247 442 3296 Homeri
462 3249 584 3298 carmina
609 3245 637 3294 in
662 3260 711 3306 ea,
737 3259 816 3309 qnae,

264 3317 460 3375 nunce'xstant‚
476 3313 807 3378 reluminaredegissedi·
825 3323 828 3328 '

264 3386 336 3435 eitur
348 3385 374 3432 in
390 3384 499 3435 Scholia
515 3385 560 3433 illo
575 3383 717 3443 Plautino,
736 3382 807 3447 quod

265 3453 352 3512 edidit
364 3452 467 3503 Hitschi
488 3456 550 3519 (Die
565 3451 740 3503 Alexandria.
760 3452 806 3500 Bi·

265 3523 360 3573 blioth.
375 3528 454 3572 nnter
464 3522 489 3571 d.
500 3530 564 3574 eret.
574 3522 805 3573 l’tolemiieruete.

266 3593 379 3642 Breslau
391 3591 472 3656 1838)
484 3596 542 3657 p.4,
552 3592 580 3641 ⁸2¹
592 3609 679 3657 seqq,
691 3607 808 3657 quocum

266 3664 442 3712 consentiunt
450 3661 600 3714 rerhaloh.
610 3663 730 3712 Tzetzae
744 3662 810 3710 Pro-

266 3732 334 3796 legg>
350 3731 450 3781 Scholl.
470 3730 808 3796 abHenr.Keilio(Rhein.

267 3803 328 3851 Mus
346 3801 472 3854 N.F.VI.
486 3801 576 3864 pana.
591 3801 647 3851 116,
660 3801 711 3851 '243
720 3799 808 3866 seqq.)

268 3870 407 3936 publicata
426 3877 453 3920 et
470 3870 610 3921 illustrata
629 3875 657 3920 et
674 3871 811 3936 Anonymi

268 3937 333 4004 arpi
347 3937 499 4005 κωμῳδίας
517 3942 545 3991 in
557 3940 809 3990 Cramerihuecdd.

266 4012 370 4064 Parias.
401 4012 423 4060 l.
455 4028 480 4075 p.
502 4013 532 4060 li:
567 4010 599 4059 do
628 4011 726 4074 quibus
756 4026 811 4061 om-

267 4080 348 4130 nibns
372 4080 445 4132 coni.
477 4080 599 4131 Nitzsclr.
634 4080 739 4130 Melett.
777 4080 809 4131 de

268 4150 331 4199 hist.
354 4151 463 4200 Homer.
477 4151 558 4201 Pasa.
577 4150 615 4202 ll.
641 4150 744 4202 Comm.
761 4151 808 4199 IV.

268 4236 295 4282 p.
308 4221 334 4268 4.
353 4220 382 4269 18
397 4235 483 4285 seqq„
509 4219 693 4284 Seugebnsch.
714 4220 742 4269 in
755 4221 812 4269 Ho-

270 4303 333 4337 mer.
348 4290 530 4353 Dissposter.
549 4289 735 4354 papillseqq.
753 4290 811 4339 Un-

269 4357 302 4407 de
325 4373 431 4422 quoque
457 4359 492 4408 ad
512 4359 715 4408 Onomaeritnm
740 4359 810 4408 reic-

269 4433 332 4476 ruut
350 4442 443 4477 vorsus
461 4429 489 4477 in
503 4428 613 4477 Homeri
631 4427 752 4477 earmina
771 4428 811 4477 in·

842 823 944 878 trusos,
961 830 1022 865 eum
1041 813 1152 863 Homeri
1169 812 1290 861 carmina
1309 809 1385 859 simi-

844 888 894 936 lem
908 888 936 935 in
955 885 1063 934 modum
1081 882 1126 933 ille
1140 881 1322 946 interpolasse
1343 880 1385 930 vi-

844 958 940 1007 deatur
960 960 1042 1018 etque
1062 955 1167 1003 Musaei
1180 950 1306 1001 oracula:
1330 964 1385 1013 qna

844 1027 877 1076 de
891 1043 919 1077 re
941 1024 996 1073 uid.
1010 1021 1147 1085 Scholad
1161 1021 1273 1072 Homeri
1286 1020 1384 1083 (tripes.

844 1097 893 1155 XI,
916 1094 1063 1157 603atque
1093 1090 1206 1142 Nitzscb
1228 1089 1264 1140 ad
1288 1090 1387 1138 Home·

845 1167 868 1214 ri
881 1164 979 1229 Odyss.
991 1162 1009 1212 l.
1021 1162 1039 1214 l.
1055 1163 1132 1212 Τοιο.
1144 1161 1196 1210 Hl.
1210 1159 1295 1225 paea
1309 1172 1385 1221 seqq.

844 1236 877 1285 In
885 1235 995 1283 Homeri
1010 1231 1175 1282 carminibus
1190 1236 1217 1279 et
1230 1228 1386 1291 redigendis

846 1311 874 1355 et
891 1300 1090 1367 interpolandis
1114 1305 1277 1364 occupatum
1304 1296 1387 1346 inisse

847 1372 1052 1423 Onomaeritnm
1071 1385 1182 1420 neeesse
1203 1376 1246 1417 est
1264 1367 1327 1416 vivo
1342 1365 1387 1413 Pi·

847 1445 968 1502 sistrato,
984 1442 1009 1491 si
1020 1455 1085 1490 vera
1100 1436 1327 1488 traduntScholia
1340 1435 1388 1484 illa

847 1519 874 1563 et
888 1514 993 1563 Graeca
1008 1516 1036 1561 et
1052 1511 1167 1571 Lutioa3
1190 1509 1244 1557 nisi
1259 1505 1329 1570 quod
1343 1505 1390 1554 Pi-

847 1584 961 1633 sistrato
974 1581 1111 1635 tribuitur,
1125 1577 1194 1627 idad
1203 1572 1388 1640 Hipparchum

849 1667 955 1716 quoqne
968 1650 1132 1713 pertinuisse
1141 1646 1246 1713 credas.
1267 1646 1388 1707 Namque

849 1722 917 1771 obiit
931 1721 1107 1779 Pisistratus,
1128 1723 1158 1766 nt
1170 1717 1302 1774 diximus,
1316 1729 1388 1762 auno

849 1794 899 1840 527
912 1804 938 1838 a.
951 1789 989 1837 Ch
1006 1804 1043 1850 a.,
1056 1789 1139 1853 igitur
1149 1786 1317 1851 quarlrapiula
1327 1783 1386 1831 dno-

849 1860 895 1908 bus
907 1858 986 1906 annis
1001 1865 1065 1907 ante
1081 1859 1132 1906 iter
1143 1854 1390 1906 OnomaeritiSusa

850 1933 1006 1991 susceptum
1027 1933 1090 1992 post
1109 1924 1312 1975 annueretis.
1328 1920 1390 1970 Chr.

851 2014 891 2048 n.:
908 1998 974 2046 adeo
986 2001 1025 2057 ut,
1039 1997 1062 2044 si
1074 1998 1136 2046 vivo
1148 1995 1237 2045 adhue
1247 1993 1390 2042 Pisistrato

850 2067 956 2116 invenie
969 2066 1022 2115 init
1033 2065 1133 2129 viginti
1147 2064 1190 2114 vel
1200 2062 1298 2126 viginti
1314 2061 1389 2125 quiu-

851 2152 903 2201 que
914 2150 1043 2185 annornm
1057 2134 1232 2199 (quamquam
1243 2132 1288 2180 vix
1305 2128 1391 2179 credi·

851 2206 915 2264 bile,
930 2205 1022 2255 inveni
1037 2207 1095 2253 viro
1109 2202 1174 2253 illud
1191 2201 1328 2266 negotium
1335 2200 1390 2248 Ho-

853 2276 1012 2324 mericorum
1025 2274 1174 2324 carminum
1186 2270 1389 2334 redigendornm

852 2348 1026 2395 commissum
1036 2344 1143 2393 inissea
1154 2337 1324 2403 Pisistrato),
1337 2345 1390 2385 tum

852 2416 997 2477 sexaginta
1008 2414 1120 2463 duorum
1138 2411 1181 2461 vel
1194 2411 1340 2474 sexaginta
1351 2422 1389 2455 se-

853 2489 925 2550 ptem
939 2499 1069 2532 annornm
1093 2496 1175 2530 senex
1196 2481 1282 2529 inisse
1299 2477 1390 2527 existi-

855 2552 969 2604 mandus
982 2553 1031 2603 sit:
1048 2551 1120 2604 unde
1130 2549 1203 2600 haud
1217 2546 1391 2614 improbabile

855 2624 972 2683 videtur,
985 2621 1392 2686 adHipparehumquoqneper·

855 2694 970 2744 tinuisse
984 2685 1100 2756 irideqne
1115 2688 1299 2740 Pisistratidis
1310 2685 1392 2736 omni·

855 2779 889 2813 no
911 2762 1118 2813 adscribendam
1136 2775 1195 2810 esse
1217 2758 1290 2808 illam
1304 2771 1392 2807 ernam

855 2834 883 2883 in
911 2832 1021 2882 Homeri
1044 2829 1210 2881 carminibus
1240 2825 1393 2890 redigendis

856 2904 985 2968 positam.
1004 2901 1083 2952 Conl.
1095 2901 1176 2950 etiam
1186 2897 1275 2948 Bode:
1297 2893 1391 2946 Geseh.

856 2973 881 3020 d.
897 2971 1002 3021 Hellen.
1023 2971 1101 3020 Pois.
1118 2970 1139 3018 1.
1156 2968 1181 3033 p.'
1200 2967 1245 3017 137
1262 2983 1320 3030 seq.
1339 2964 1392 3025 1611,

854 3042 945 3105 Hgger
961 3041 1032 3089 Hist.
1047 3040 1081 3089 de
1093 3039 1120 3088 ia
1136 3037 1252 3102 critique
1268 3053 1294 3100 p.
1309 3037 1391 3097 tlaeq.

856 3116 883 3160 ot
893 3110 938 3173 qui
948 3110 980 3158 de
988 3111 1163 3159 Onomaerito
1174 3105 1332 3171 singillatim
1343 3104 1394 3152 dis·
1453 3110 1459 3126 ¹

857 3185 998 3243 putarunt,
1011 3177 1118 3229 Hitsehi
1131 3179 1157 3226 in
1169 3175 1268 3226 Erselr..
1279 3173 1393 3225 etGrnb.

856 3249 1007 3312 Encyclop.
1026 3249 1099 3299 Sect.
1115 3249 1166 3297 lH.
1184 3244 1309 3295 Vol.'IV.
1335 3258 1360 3308 p.
1379 3243 1393 3290 4

857 3334 943 3382 seqq,
962 3317 1099 3366 Eielrhoff:
1122 3318 1162 3365 De
1174 3314 1351 3365 Onomaerito
1362 3314 1394 3360 h-

857 3387 993 3437 theniensi
1017 3388 1167 3438 Commeat.
1196 3386 1218 3435 I.
1251 3381 1394 3433 Elberleld.
1423 3401 1434 3426 ι

860 3456 927 3507 1840
940 3461 968 3507 et
983 3472 1053 3521 quae
1065 3457 1123 3520 ipsc
1137 3453 1219 3504 attuli
1232 3453 1272 3502 in:
1289 3451 1396 3515 Pauly's

858 3525 1118 3590 Rcaleueyclopaed
1145 3526 1177 3573 Τ.
1200 3525 1233 3571 V.
1266 3538 1329 3586 pag.
1349 3521 1394 3570 nih

860 3611 935 3661 seqq.
997 3596 1038 3646 De
1064 3593 1235 3645 Onomaeriti
1259 3590 1396 3641 fraudibus

860 3665 1133 3728 Schweighaeuserue
1145 3661 1264 3713 conferri
1278 3661 1396 3710 111111111-

860 3735 928 3784 bric.
944 3736 978 3785 ad
993 3734 1068 3784 Sext.
1086 3734 1188 3797 Empir.
1204 3748 1230 3795 p.
1245 3728 1398 3794 136111(οοί

862 3804 941 3854 affert
955 3804 1086 3854 Clemeut.
1101 3803 1177 3854 Alex.
1192 3802 1290 3851 Strom.
1304 3801 1351 3849 vl.
1372 3814 1396 3860 p.

860 3874 958 3926 6241.
977 3889 1003 3937 p.
1021 3872 1083 3937 332)
1100 3874 1214 3923 Persou.
1229 3869 1264 3919 ad
1277 3866 1396 3931 Euripid.

862 3943 952 3993 Orest.
968 3944 994 3995 5.
1017 3940 1227 3992 Μαιοοὶπιοηῐῑο
1239 3940 1311 3988 iufra
1326 3937 1397 3996 VIH,

861 4012 904 4065 116,
930 4013 971 4063 De
984 4028 1036 4076 qno
1050 4027 1118 4076 quse
1139 4011 1211 4074 apud
1228 4013 1333 4058 ueteres
1346 4013 1399 4056 tra-

862 4082 921 4131 dita
943 4086 1067 4142 exstant,
1086 4080 1141 4132 uid.
1161 4082 1188 4129 in
1206 4078 1316 4128 Fabrie.
1332 4073 1398 4126 Bibl.

861 4152 960 4203 Graec.
974 4151 996 4202 l.
1016 4167 1076 4215 cap.
1095 4151 1158 4200 XVI
1177 4148 1221 4212 (Τ.
1238 4149 1260 4197 1.
1274 4163 1335 4212 pag.
1356 4145 1400 4195 116

861 4219 959 4286 seqq).
975 4221 1080 4284 Quibus
1097 4219 1183 4281 adde,
1201 4233 1272 4282 quae
1286 4218 1344 4281 ipse
1358 4230 1401 4263 er-

862 4293 952 4356 posui,
965 4295 1084 4344 veterum
1099 4291 1262 4352 scriptorum
1282 4285 1400 4336 testimo·

862 4360 914 4410 niis
924 4376 1001 4420 usne,
1013 4361 1054 4408 iu:
1073 4359 1182 4421 Panly’s
1192 4353 1401 4419 Realencyciop.

861 4432 893 4481 V.
904 4445 966 4496 pag.
981 4429 1032 4480 2611
1044 4444 1100 4494 seq.
1127 4430 1250 4491 Namque
1263 4429 1400 4484 Musaeus,
