3100 5175
281 418 343 482 464

720 417 989 481 HERODOTI

281 600 341 665 τού
362 591 570 683 Καμβύσεω,
598 597 658 662 τοῦ
686 600 863 679 Τεΐσπεος,
886 600 947 662 τοῦ
962 591 1171 682 Ἀχαιμένεος
1191 588 1355 680 γεγονώς,
1376 593 1423 681 μὴ

282 795 354 844 aliis.
387 796 426 845 Ao
449 795 585 858 reperitur
607 794 633 842 in
657 808 710 854 ora¹
724 794 828 845 codicis

282 864 413 923 Medicei,
425 868 495 914 teste
510 865 647 915 Gronovio
658 900 664 924 ,
677 862 745 913 haec
759 864 829 914 Xer·

283 935 325 984 xis
346 933 523 998 genealogia:
553 926 731 997 Ἀχαιμένης,
764 930 827 981 Τεΐ-

286 1017 375 1067 usqe,
388 996 557 1069 Καμβύσης,
570 1000 679 1065 Κῦρος,
693 998 826 1066 Τεῖσιιης,

277 1063 827 1136 'Apremhippoperqr,‘PosoIsrsqc‚Aa-

285 1144 374 1205 ρεῐος,
389 1138 508 1206 Ξέρξης.
542 1142 643 1193 Galous
657 1148 771 1193 stemma
787 1158 827 1191 re-

285 1229 347 1278 gum
358 1213 501 1262 Persarum
512 1226 600 1276 usque
612 1210 647 1261 ad
657 1213 773 1261 Xerxem
784 1211 827 1261 de·

285 1283 433 1347 scripserat
444 1297 503 1332 eum
516 1282 544 1330 in
554 1281 676 1331 modum:
691 1281 827 1330 Achaeme—

286 1368 343 1411 nes,
359 1352 492 1417 Cambyses
506 1351 523 1400 I
531 1387 537 1411 ,
553 1352 634 1415 Cyrus
648 1350 671 1398 I.
699 1352 799 1414 Cyrum
814 1348 827 1397 I

286 1422 430 1485 excipiunt
441 1419 574 1486 Cambyses
585 1419 619 1468 II
627 1426 654 1469 et
666 1421 782 1484 Yeispes:
797 1419 830 1469 il-

285 1493 339 1542 lum
355 1492 437 1555 Cprrss
449 1489 483 1538 II
491 1497 518 1541 et
529 1489 663 1555 Cambyses
674 1488 735 1553 III,
756 1489 827 1539 buno

287 1565 436 1623 Aricinum,
449 1559 586 1621 Arsames,
602 1561 760 1623 Hystaspes,
774 1559 828 1608 Da-

286 1634 348 1695 rius,
361 1630 475 1680 Xerxes.
489 1629 644 1692 Bellanger.
653 1630 680 1677 in
690 1634 746 1679 not.
756 1628 829 1694 apud

287 1701 415 1751 harcher.
432 1703 496 1749 ante
510 1697 562 1747 sori
576 1692 675 1761 Κύρου
688 1699 759 1763 apud
773 1699 829 1747 He-

286 1771 411 1821 rodotum
424 1769 559 1820 excidisse
572 1772 653 1850 putat
667 1760 752 1832 pqdl,
776 1783 829 1832 quo

286 1841 341 1891 sibi
353 1844 522 1904 congruant:
541 1852 584 1902 pq
597 1831 650 1903 γὰρ
660 1835 723 1902 εἴην
732 1828 761 1886 ἐκ
772 1841 829 1885 Δο-

287 1908 365 1974 ρείου
377 1935 411 1945 -
425 1903 514 1972 μηδὲ
533 1908 586 1956 τοῦ
602 1902 712 1972 Κύρους
736 1923 783 1972 que
796 1908 829 1968 je

286 1997 317 2030 ne
327 1981 379 2029 sois
391 1994 440 2042 pas
451 1980 492 2033 tils
507 1978 539 2028 de
552 1979 659 2042 Darius,
679 1979 721 2041 qui
734 1979 776 2030 lut
786 1979 830 2040 sits

285 2051 311 2099 d'
324 2051 470 2113 Hystaspes
487 2053 539 2101 etc.
561 2050 588 2096 ni
602 2062 634 2096 un
658 2048 704 2096 des
724 2047 829 2096 descen-

286 2119 394 2169 deusde
409 2119 506 2184 Cyrus,
524 2118 570 2182 qui
585 2117 627 2167 int
645 2115 685 2164 fils
705 2116 738 2167 de
751 2116 830 2165 Cam-

287 2189 367 2255 byses
380 2192 432 2239 eto.
461 2188 492 2237 In
506 2201 587 2253 quam
597 2185 710 2235 eandem
723 2189 829 2235 senten-

286 2261 353 2309 tiam
371 2257 506 2308 inciderat
525 2256 676 2306 Salmasius
693 2256 827 2323 Irlxercitt.

286 2328 375 2379 Plinn.
389 2342 452 2392 pag.
466 2326 527 2377 833.
564 2327 601 2375 At
614 2329 704 2389 recte,
724 2326 749 2375 si
761 2322 829 2389 quid

285 2397 381 2460 rideo,
398 2395 552 2461 obloquitur
562 2394 724 2455 Lareherus,
738 2394 829 2460 Cymen

287 2466 429 2529 Cambpsis
446 2470 551 2531 patrem
570 2479 603 2514 ee
617 2464 725 2528 Teispis
745 2479 828 2529 nepo·

286 2543 339 2588 tem
350 2551 410 2586 cum
423 2535 510 2586 altero
519 2532 605 2600 Cyro,
620 2532 761 2598 cambysis
772 2533 828 2583 filio

286 2607 444 2671 Persioique
452 2605 527 2669 regni
536 2605 686 2666 conditore,
697 2604 829 2654 confundi

286 2677 421 2727 iudicans.
454 2674 529 2724 Idem
547 2674 611 2725 iude
625 2680 740 2724 stemma
756 2672 830 2724 exhi-

286 2747 332 2797 bet
351 2747 385 2797 ab
407 2763 454 2809 ea,
484 2759 555 2809 quae
578 2744 649 2808 apud
665 2742 828 2807 Aeschylum

287 2817 407 2868 traditur
427 2818 500 2866 Pers.
525 2814 574 2863 762
598 2814 657 2862 sive
680 2814 728 2864 771
752 2829 828 2879 seqq.

286 2885 433 2938 Blomlield.
453 2883 512 2950 (ubi
531 2883 633 2933 Medum
654 2882 672 2931 i.
690 2898 712 2932 s.
729 2883 829 2946 Astya-

286 2972 361 3022 gem,
382 2957 496 3022 primurn
511 2953 621 3015 ducem,
640 2953 741 3016 excipit
757 2952 828 3003 filius

287 3027 442 3089 Oysxarss,
477 3024 540 3074 dein
568 3023 666 3075 tertius
691 3023 771 3088 Gyras
801 3026 827 3072 et

287 3096 346 3146 eins
376 3095 447 3146 tilius
476 3094 610 3159 Ganrbpses
640 3098 767 3157 quartus,
799 3096 826 3141 et

285 3165 397 3218 Smerdis
408 3165 518 3230 quintus
529 3162 588 3227 rex)
598 3162 682 3226 stirpe
695 3160 773 3212 valde
787 3161 826 3210 di·

285 3251 406 3297 versum,
418 3235 466 3285 sed
479 3249 539 3283 curn
552 3248 593 3294 eo,
610 3230 683 3295 quod
694 3246 728 3281 ex
739 3231 824 3281 Galeo

286 3305 366 3357 modo
385 3302 568 3362 exhibuimus,
597 3313 706 3364 prorsus
727 3315 825 3350 coure-

285 3376 379 3435 niens,
392 3374 445 3424 nisi
461 3371 533 3438 quod
546 3375 609 3435 post
620 3368 824 3429 Achaemeuem,

285 3445 376 3511 gentis
387 3443 515 3504 abavum,
529 3441 612 3490 infert
626 3440 745 3501 Ter'spem.
771 3440 825 3490 No·

285 3530 348 3565 vam
360 3513 448 3564 lucem
462 3510 503 3560 his
518 3509 612 3559 attulit
624 3508 767 3574 inscriptio
777 3510 824 3560 Bi·

285 3590 401 3647 sutuua,
424 3598 439 3632 e
458 3589 512 3646 qua
529 3576 661 3629 nonnulla
683 3579 717 3628 ad
731 3593 825 3644 regum

283 3655 379 3706 horum
402 3653 513 3717 stirpem
534 3649 688 3714 spectantia
707 3648 827 3698 Ranlin-

285 3741 334 3777 son
344 3724 406 3780 olim
417 3720 665 3772 communicaverat
674 3733 733 3768 cum
741 3718 826 3768 Ham·

285 3810 372 3856 mero,
384 3793 431 3858 qui
442 3791 508 3843 haec
517 3792 578 3856 ipsa
588 3793 716 3840 accurate
727 3803 825 3840 conre-

284 3865 343 3914 uire
357 3862 500 3913 admonuit
512 3875 572 3911 oum
588 3860 638 3921 Iis,
654 3873 725 3923 quse
738 3859 766 3907 in
782 3874 825 3909 re·

283 3935 435 3985 cantiorum
447 3931 591 3982 Persarum
606 3928 716 3993 scriptis
727 3927 760 3977 de
772 3927 824 3979 hac

283 4005 361 4070 regia
376 4003 462 4067 stirpe
481 4001 640 4051 traduntur:
667 3998 723 4050 vid.
733 3998 823 4049 Wien.

282 4073 396 4126 Jahrbb.
407 4070 562 4123 LXXXIII.
580 4084 643 4134 pag.
659 4067 691 4118 ld
703 4083 778 4133 seqq.
796 4073 823 4118 et

282 4144 470 4195 sosthenen
480 4143 522 4191 in:
532 4137 692 4190 Zeitschriit
699 4136 822 4189 iliande

878 795 1018 859 Hystaspis
1031 794 1201 861 (Vistiopa),
1223 795 1270 860 qui
1282 794 1338 844 fuit
1349 792 1423 842 tilius

878 866 994 915 Arsamis
1018 865 1176 928 (Arsinna),
1203 865 1252 928 qui
1273 864 1328 914 fuit
1351 863 1423 913 filius
1505 868 1511 891 '

878 935 1041 986 Ariaramnis
1058 931 1270 1000 (Asipurdrrma),
1297 934 1344 998 qui
1369 932 1424 981 tuis

878 1003 949 1055 filius
973 1004 1073 1067 Teispr‘s
1103 1002 1251 1066 (crispis),
1279 1004 1326 1068 qai
1349 1001 1422 1051 filius

878 1076 930 1124 suit
941 1075 1106 1124 Achaemenis
1118 1072 1326 1137 (Haktsimaais).
1345 1072 1422 1133 Quae
1449 1129 1451 1132 ¹

878 1159 959 1209 quam
972 1148 1101 1194 accurate
1112 1157 1172 1193 cum
1182 1143 1346 1193 Herodoteis
1357 1156 1423 1191 con·

877 1215 1005 1273 veniant,
1024 1228 1102 1264 nemo
1121 1228 1175 1263 non
1190 1213 1278 1263 sidet:
1302 1210 1354 1262 hoc
1366 1226 1421 1261 uno

878 1283 1053 1345 offendimur,
1074 1283 1146 1348 quod
1166 1281 1237 1347 apud
1252 1281 1423 1332 Herodotum

878 1359 942 1418 post
956 1350 1007 1402 τοῦ
1025 1348 1162 1409 Τεΐσπεος
1177 1354 1346 1402 inseruntur:
1369 1347 1422 1398 sori

880 1416 991 1486 Κύρου,
1018 1413 1259 1487 retrospicere,
1285 1416 1337 1469 τοῦ
1360 1415 1423 1468 Τεΐ-

879 1505 974 1554 σπεος,
984 1507 1044 1542 cum
1056 1506 1142 1556 neque
1150 1490 1235 1556 Cyrus
1247 1504 1334 1555 neque
1342 1489 1422 1540 Cam-

879 1563 961 1627 byses
985 1562 1056 1612 inter
1079 1562 1157 1611 Darii
1182 1561 1300 1610 maiores
1325 1558 1421 1609 reterri

880 1632 968 1697 possit
982 1633 1124 1696 ipsumque
1137 1630 1282 1694 repetitum
1295 1626 1347 1677 sori
1358 1625 1422 1676 Tet-

881 1713 966 1758 οπεος
981 1702 1162 1765 suspicionem
1178 1698 1322 1764 praebeat,
1339 1713 1420 1763 quam

880 1773 966 1835 ipsam
982 1771 1043 1820 tolli
1055 1771 1127 1820 haud
1140 1776 1267 1835 putamus
1282 1783 1330 1831 eo,
1350 1767 1421 1832 quod

879 1841 907 1889 in
921 1840 1014 1891 eadem
1026 1840 1205 1905 inscriptione
1218 1838 1266 1887 illa
1277 1838 1379 1887 Darius
1391 1852 1420 1886 se

879 1925 966 1959 nonum
981 1926 1071 1975 regem
1088 1914 1184 1969 vocat,
1198 1916 1353 1972 antequem
1363 1916 1420 1956 octo

879 1979 981 2030 fuerint
1004 1995 1082 2043 reges
1109 1978 1230 2029 eiusdem
1252 1977 1363 2041 stirpis:
1392 1976 1420 2025 id

880 2051 950 2100 enim
965 2065 1025 2099 cum
1036 2047 1152 2099 Boethio
1166 2046 1278 2112 (Gesch.
1292 2046 1318 2099 d.
1328 2045 1421 2096 Philo·

880 2117 957 2183 soph.
971 2120 992 2168 I.
1010 2133 1037 2182 p.
1053 2118 1103 2169 388
1117 2116 1206 2183 seqq.)
1220 2117 1256 2166 ad
1271 2117 1368 2166 seriem
1381 2131 1422 2165 re-

879 2204 942 2253 gum
967 2189 1175 2238 Bactrianorum
1200 2190 1327 2251 spectare
1348 2185 1419 2234 arbi·

879 2263 998 2320 tramur,
1023 2257 1141 2308 alienam
1158 2256 1235 2306 illam
1256 2256 1366 2321 quidem
1385 2254 1418 2303 ab

880 2343 920 2391 ea,
934 2342 1004 2394 quae
1016 2327 1043 2381 h.
1053 2328 1070 2380 l.
1081 2327 1207 2391 traditur,
1219 2327 1365 2377 Persarum
1379 2342 1419 2374 re-

878 2413 940 2463 gum
951 2400 1050 2463 stirpe:
1063 2397 1109 2447 sed
1120 2397 1283 2460 intelligitur
1294 2396 1356 2445 inde
1367 2395 1419 2444 ior-

878 2468 960 2530 sitan,
975 2467 1022 2531 qni
1031 2467 1134 2518 factum
1147 2469 1192 2529 sit,
1208 2470 1238 2516 ut
1251 2466 1302 2515 boc
1313 2480 1420 2530 quoque

878 2537 937 2589 loco
951 2545 1004 2588 octo
1017 2553 1094 2604 reges
1105 2543 1169 2588 ante
1179 2536 1294 2585 Darium
1305 2550 1420 2585 comme·

879 2612 1025 2660 morentur.
1045 2609 1154 2658 Etenim
1165 2606 1250 2657 verba
1258 2602 1310 2654 τού
1321 2597 1419 2667 Κύρου

879 2674 930 2727 τοῦ
937 2669 1093 2743 Καμβύσεω
1102 2675 1153 2726 τοῦ
1164 2671 1301 2732 Τεΐσπεος
1311 2676 1339 2725 in
1347 2674 1419 2724 huuc

879 2763 971 2812 regum
990 2747 1107 2797 indicem
1124 2762 1172 2811 per
1189 2760 1306 2796 errorem
1324 2744 1418 2808 utique

879 2817 992 2868 inducta
1008 2817 1151 2878 ridentur,
1170 2816 1229 2865 sive
1246 2814 1418 2864 librariorum

878 2886 958 2953 culpi
982 2888 1054 2950 sive,
1086 2885 1157 2952 quod
1182 2885 1292 2936 credere
1318 2883 1417 2944 malim,

879 2957 964 3021 ipsius
976 2955 1118 3019 Herodoti,
1133 2956 1189 3021 qui,
1201 2970 1271 3020 qnae
1285 2955 1325 3003 irs
1341 2969 1417 3003 acce·

877 3033 969 3091 perat,
996 3026 1092 3075 retulit
1112 3031 1161 3075 aut
1177 3040 1248 3090 quae
1265 3024 1294 3073 in
1312 3023 1416 3073 duabus

877 3095 1045 3160 genealogiis
1062 3101 1127 3146 ante
1145 3111 1175 3144 se
1192 3093 1291 3159 positis
1308 3093 1416 3143 iurene·

877 3171 936 3229 rat,
969 3165 1145 3216 coniunxisse
1169 3163 1213 3215 rel
1236 3163 1329 3228 potius
1352 3178 1417 3213 eon·

875 3235 979 3286 fudisse
1000 3234 1139 3300 putandus
1162 3239 1217 3284 est:
1246 3232 1347 3298 duplex
1369 3247 1417 3281 au-

877 3309 931 3355 tem
947 3309 1062 3355 stemma
1075 3302 1156 3366 illud,
1172 3306 1284 3352 auctore
1296 3301 1417 3367 Opperto

877 3373 1003 3438 (Journal
1022 3373 1246 3438 Asiatiquc·Ser.
1265 3372 1313 3421 IV.
1338 3373 1415 3422 Tom.

877 3445 964 3494 XVII.
975 3460 1002 3509 p.
1013 3444 1065 3495 265
1077 3459 1154 3509 seqq.
1165 3443 1212 3492 271
1227 3441 1288 3491 coll.
1300 3441 1418 3491 Rawlin-

877 3529 943 3564 sone
955 3514 997 3564 in:
1013 3513 1129 3564 Journal
1140 3511 1170 3562 oi
1178 3510 1295 3577 Asiatiq.
1307 3510 1417 3575 Societp

876 3583 925 3647 XI,
938 3585 961 3635 l.
975 3600 1001 3649 p.
1019 3582 1079 3646 149)
1093 3583 1132 3633 sic
1146 3596 1175 3632 se
1186 3580 1284 3632 habet:

1053 3652 1237 3785 Aebaqmenes

1087 3791 1203 3856 Teispes

900 3860 1390 3901 f—-h——s

908 3912 1084 3964 Ariaramnes
1217 3910 1367 3974 Cambyses

909 3980 1035 4032 Arsames
1218 3980 1307 4043 Cyrus

908 4051 1064 4116 Hystaspes
1217 4049 1375 4112 Cambyses.

907 4120 1010 4171 Darius

282 4213 308 4265 d.
325 4210 513 4277 Morgeulancl.
534 4209 572 4259 11.
594 4225 622 4274 p.
643 4207 701 4259 176.
720 4207 773 4258 111.
792 4222 819 4271 p.
870 4206 942 4256 Utut
958 4205 990 4256 de
1008 4205 1060 4256 hac
1077 4203 1240 4270 genealogis
1254 4203 1370 4264 statuis,
1385 4200 1413 4251 id

280 4283 342 4336 452.
369 4282 424 4333 Ubi
438 4295 502 4330 vero
520 4278 582 4343 ipss
594 4276 737 4341 Inscriptio
752 4276 821 4327 iuris
871 4290 953 4326 uuum
971 4276 1040 4327 satis
1058 4275 1121 4324 hinc
1141 4277 1272 4339 apparat,
1299 4272 1413 4322 Darium

280 4352 382 4418 publici
399 4351 475 4401 laeta
487 4351 529 4401 cst
547 4346 616 4412 (rid.
632 4351 701 4397 nott.
716 4347 751 4397 ad
764 4346 820 4407 ΙΙΙ,
852 4345 966 4396 eadem
994 4361 1048 4411 qua
1074 4344 1172 4409 (lyram
1197 4342 1412 4407 Cambysemque

280 4421 342 4487 30),
367 4418 544 4484 intelligimus
568 4417 632 4467 iude
651 4416 767 4466 Darium
791 4416 819 4465 in
870 4416 955 4480 stirpe
975 4415 1117 4466 oriundum
1138 4413 1172 4464 ad
1188 4427 1269 4463 unam
1284 4410 1412 4462 eandm-

279 4493 367 4561 prima
386 4488 481 4542 tabula
496 4504 526 4540 se
550 4486 710 4553 praedicare
734 4484 818 4536 tilium
869 4484 1195 4550 querhsemenidarum
1210 4485 1320 4548 gentem
1340 4479 1410 4532 reis·
