<?xml version="1.0" encoding="UTF-8"?>
<!DOCTYPE html PUBLIC "-//W3C//DTD XHTML 1.0 Transitional//EN"
    "http://www.w3.org/TR/xhtml1/DTD/xhtml1-transitional.dtd">
<html xmlns="http://www.w3.org/1999/xhtml" xml:lang="en" lang="en">
 <head>
  <title>
</title>
<meta http-equiv="Content-Type" content="text/html;charset=utf-8" />
  <meta name='ocr-system' content='tesseract 3.04.00' />
  <meta name='ocr-capabilities' content='ocr_page ocr_carea ocr_par ocr_line ocrx_word'/>
</head>
<body>
  <div class='ocr_page' id='page_1' title='image "./herodotihalicar01unkngoog/herodotihalicar01unkngoog_0352.png"; bbox 0 0 3100 5175; ppageno 0'>
   <div class='ocr_carea' id='block_1_1' title="bbox 264 415 325 476">
    <p class='ocr_par' dir='ltr' id='par_1_1' title="bbox 264 415 325 476">
     <span class='ocr_line' id='line_1_1' title="bbox 264 415 325 476; baseline -0.033 0"><span class='ocrx_word' id='word_1_1' title='bbox 264 415 325 476; x_wconf 74' lang='lat'><strong>340</strong></span> 
     </span>
    </p>
   </div>
   <div class='ocr_carea' id='block_1_2' title="bbox 699 411 967 473">
    <p class='ocr_par' dir='ltr' id='par_1_2' title="bbox 699 411 967 473">
     <span class='ocr_line' id='line_1_2' title="bbox 699 411 967 473; baseline -0.011 0"><span class='ocrx_word' id='word_1_2' title='bbox 699 411 967 473; x_wconf 81' lang='lat' dir='ltr'><strong>HERODO&#39;PI</strong></span> 
     </span>
    </p>
   </div>
   <div class='ocr_carea' id='block_1_3' title="bbox 222 578 1447 1193">
    <p class='ocr_par' dir='ltr' id='par_1_3' title="bbox 222 578 1447 1193">
     <span class='ocr_line' id='line_1_3' title="bbox 266 578 1447 677; baseline -0.01 -18"><span class='ocrx_word' id='word_1_3' title='bbox 266 599 344 670; x_wconf 76' lang='grc' dir='ltr'><strong><em>έονς</em></strong></span> <span class='ocrx_word' id='word_1_4' title='bbox 357 585 527 677; x_wconf 74' lang='grc' dir='ltr'><em>ἀνέγνωσε</em></span> <span class='ocrx_word' id='word_1_5' title='bbox 543 591 725 658; x_wconf 78' lang='grc' dir='ltr'><strong><em>ἐπιθέσθαι</em></strong></span> <span class='ocrx_word' id='word_1_6' title='bbox 747 602 831 655; x_wconf 82' lang='grc' dir='ltr'><strong><em>τοῖσι</em></strong></span> <span class='ocrx_word' id='word_1_7' title='bbox 854 582 1044 671; x_wconf 80' lang='grc' dir='ltr'><strong><em>δεσιτότησι.</em></strong></span> <span class='ocrx_word' id='word_1_8' title='bbox 1080 584 1117 650; x_wconf 78' lang='grc' dir='ltr'><strong>ἐκ</strong></span> <span class='ocrx_word' id='word_1_9' title='bbox 1138 580 1259 650; x_wconf 83' lang='grc' dir='ltr'><strong><em>τούτου</em></strong></span> <span class='ocrx_word' id='word_1_10' title='bbox 1275 579 1311 649; x_wconf 72' lang='grc' dir='ltr'><strong>δὲ</strong></span> <span class='ocrx_word' id='word_1_11' title='bbox 1332 578 1447 649; x_wconf 73' lang='grc' dir='ltr'><strong>τιό-476</strong></span> 
     </span>
     <span class='ocr_line' id='line_1_4' title="bbox 266 682 1397 781; baseline -0.01 -19"><span class='ocrx_word' id='word_1_12' title='bbox 266 694 363 781; x_wconf 71' lang='grc' dir='ltr'><strong><em>Ιεμός</em></strong></span> <span class='ocrx_word' id='word_1_13' title='bbox 377 714 437 779; x_wconf 85' lang='grc' dir='ltr'><strong>σφι</strong></span> <span class='ocrx_word' id='word_1_14' title='bbox 456 686 499 780; x_wconf 78' lang='grc' dir='ltr'><strong><em>ἦν</em></strong></span> <span class='ocrx_word' id='word_1_15' title='bbox 515 695 569 762; x_wconf 78' lang='grc' dir='ltr'><strong>ἐπὶ</strong></span> <span class='ocrx_word' id='word_1_16' title='bbox 584 690 705 779; x_wconf 75' lang='grc' dir='ltr'><strong><em>χρόνον</em></strong></span> <span class='ocrx_word' id='word_1_17' title='bbox 719 688 861 777; x_wconf 85' lang='grc' dir='ltr'><strong><em>συχνὸν,</em></strong></span> <span class='ocrx_word' id='word_1_18' title='bbox 877 683 942 768; x_wconf 66' lang='lat' dir='ltr'><strong>isli</strong></span> <span class='ocrx_word' id='word_1_19' title='bbox 957 685 998 774; x_wconf 71' lang='grc' dir='ltr'><strong>δι’]</strong></span> <span class='ocrx_word' id='word_1_20' title='bbox 1013 684 1109 772; x_wconf 78' lang='grc' dir='ltr'><strong><em>μόγις</em></strong></span> <span class='ocrx_word' id='word_1_21' title='bbox 1122 689 1156 753; x_wconf 78' lang='grc' dir='ltr'><strong>οἱ</strong></span> <span class='ocrx_word' id='word_1_22' title='bbox 1168 682 1311 772; x_wconf 75' lang='grc' dir='ltr'><strong><em>Ἀργεῖοι</em></strong></span> <span class='ocrx_word' id='word_1_23' title='bbox 1325 687 1397 752; x_wconf 80' lang='grc' dir='ltr'><strong><em>ἕτε-</em></strong></span> 
     </span>
     <span class='ocr_line' id='line_1_5' title="bbox 267 796 445 883; baseline -0.006 -19"><span class='ocrx_word' id='word_1_24' title='bbox 267 796 445 883; x_wconf 76' lang='grc' dir='ltr'><strong><em>κράτησαν.</em></strong></span> 
     </span>
     <span class='ocr_line' id='line_1_6' title="bbox 222 886 1398 986; baseline -0.01 -18"><span class='ocrx_word' id='word_1_25' title='bbox 222 921 260 980; x_wconf 70' lang='grc'><strong>84</strong></span> <span class='ocrx_word' id='word_1_26' title='bbox 341 897 485 986; x_wconf 81' lang='grc' dir='ltr'><strong><em>Ἀργεῖοι</em></strong></span> <span class='ocrx_word' id='word_1_27' title='bbox 498 902 560 986; x_wconf 87' lang='grc' dir='ltr'><strong><em>μέν</em></strong></span> <span class='ocrx_word' id='word_1_28' title='bbox 581 927 644 967; x_wconf 92' lang='grc' dir='ltr'><strong>νυν</strong></span> <span class='ocrx_word' id='word_1_29' title='bbox 658 897 714 967; x_wconf 82' lang='grc' dir='ltr'><strong>διὰ</strong></span> <span class='ocrx_word' id='word_1_30' title='bbox 728 902 832 965; x_wconf 81' lang='grc' dir='ltr'><strong><em>ταῦτα</em></strong></span> <span class='ocrx_word' id='word_1_31' title='bbox 848 892 1039 981; x_wconf 77' lang='grc' dir='ltr'><strong><em>Κλεομένεα</em></strong></span> <span class='ocrx_word' id='word_1_32' title='bbox 1060 912 1143 979; x_wconf 81' lang='grc' dir='ltr'><strong><em>φασι</em></strong></span> <span class='ocrx_word' id='word_1_33' title='bbox 1157 893 1304 978; x_wconf 82' lang='grc' dir='ltr'><strong><em>μανέντα</em></strong></span> <span class='ocrx_word' id='word_1_34' title='bbox 1319 886 1398 957; x_wconf 71' lang='grc' dir='ltr'><strong><em>ἆτο-</em></strong></span> 
     </span>
     <span class='ocr_line' id='line_1_7' title="bbox 269 994 1401 1086; baseline -0.011 -15"><span class='ocrx_word' id='word_1_35' title='bbox 269 1005 388 1071; x_wconf 78' lang='grc' dir='ltr'><strong><em>Ιέσθαι</em></strong></span> <span class='ocrx_word' id='word_1_36' title='bbox 413 1007 532 1082; x_wconf 80' lang='grc' dir='ltr'><strong><em>κακῶς.</em></strong></span> <span class='ocrx_word' id='word_1_37' title='bbox 571 999 674 1070; x_wconf 80' lang='grc' dir='ltr'><em>Αὐτοὶ</em></span> <span class='ocrx_word' id='word_1_38' title='bbox 695 1001 732 1070; x_wconf 76' lang='grc' dir='ltr'><strong>δέ</strong></span> <span class='ocrx_word' id='word_1_39' title='bbox 746 1003 957 1086; x_wconf 71' lang='grc' dir='ltr'><strong><em>Σπαρτιῆτα(</em></strong></span> <span class='ocrx_word' id='word_1_40' title='bbox 978 1017 1060 1082; x_wconf 84' lang='grc' dir='ltr'><strong><em>φασι</em></strong></span> <span class='ocrx_word' id='word_1_41' title='bbox 1082 999 1119 1062; x_wconf 84' lang='grc' dir='ltr'><strong>ἐκ</strong></span> <span class='ocrx_word' id='word_1_42' title='bbox 1141 1001 1319 1082; x_wconf 78' lang='grc' dir='ltr'><strong><em>δαιμονίου</em></strong></span> <span class='ocrx_word' id='word_1_43' title='bbox 1341 994 1401 1079; x_wconf 72' lang='grc' dir='ltr'><strong><em>μὲν</em></strong></span> 
     </span>
     <span class='ocr_line' id='line_1_8' title="bbox 268 1092 1398 1193; baseline -0.008 -21"><span class='ocrx_word' id='word_1_44' title='bbox 268 1102 407 1185; x_wconf 80' lang='grc' dir='ltr'><strong><em>οὐδενὸς</em></strong></span> <span class='ocrx_word' id='word_1_45' title='bbox 417 1111 562 1192; x_wconf 75' lang='grc' dir='ltr'><strong><em>μανῆναι</em></strong></span> <span class='ocrx_word' id='word_1_46' title='bbox 575 1110 783 1193; x_wconf 74' lang='grc' dir='ltr'><strong><em>Κλεομένεα,</em></strong></span> <span class='ocrx_word' id='word_1_47' title='bbox 799 1103 955 1189; x_wconf 77' lang='grc' dir='ltr'><strong><em>Σκύθησι</em></strong></span> <span class='ocrx_word' id='word_1_48' title='bbox 968 1101 1004 1167; x_wconf 75' lang='grc' dir='ltr'><strong>δὲ</strong></span> <span class='ocrx_word' id='word_1_49' title='bbox 1016 1096 1218 1186; x_wconf 78' lang='grc' dir='ltr'><strong><em>ὁμιλήσαντά</em></strong></span> <span class='ocrx_word' id='word_1_50' title='bbox 1228 1125 1287 1184; x_wconf 88' lang='grc' dir='ltr'><strong><em>μιν</em></strong></span> <span class='ocrx_word' id='word_1_51' title='bbox 1298 1092 1398 1183; x_wconf 78' lang='grc' dir='ltr'><strong><em>ἄκρη·</em></strong></span> 
     </span>
    </p>
   </div>
   <div class='ocr_carea' id='block_1_4' title="bbox 267 1270 812 2290">
    <p class='ocr_par' dir='ltr' id='par_1_4' title="bbox 267 1270 812 2290">
     <span class='ocr_line' id='line_1_9' title="bbox 267 1270 808 1334; baseline -0.002 -15"><span class='ocrx_word' id='word_1_52' title='bbox 267 1276 419 1332; x_wconf 88' lang='lat' dir='ltr'><strong>testantur,</strong></span> <span class='ocrx_word' id='word_1_53' title='bbox 437 1271 461 1320; x_wconf 92' lang='lat' dir='ltr'><strong>si</strong></span> <span class='ocrx_word' id='word_1_54' title='bbox 478 1270 585 1334; x_wconf 87' lang='lat' dir='ltr'><strong>quidem</strong></span> <span class='ocrx_word' id='word_1_55' title='bbox 599 1271 655 1320; x_wconf 88' lang='lat' dir='ltr'><strong>illic</strong></span> <span class='ocrx_word' id='word_1_56' title='bbox 667 1276 723 1321; x_wconf 89' lang='lat' dir='ltr'><strong>tres</strong></span> <span class='ocrx_word' id='word_1_57' title='bbox 737 1285 808 1320; x_wconf 91' lang='lat' dir='ltr'><strong>nune</strong></span> 
     </span>
     <span class='ocr_line' id='line_1_10' title="bbox 268 1339 809 1405; baseline -0.004 -16"><span class='ocrx_word' id='word_1_58' title='bbox 268 1339 379 1405; x_wconf 89' lang='lat' dir='ltr'><strong>reperiri</strong></span> <span class='ocrx_word' id='word_1_59' title='bbox 401 1339 527 1388; x_wconf 89' lang='lat' dir='ltr'><strong>dicuntur</strong></span> <span class='ocrx_word' id='word_1_60' title='bbox 546 1342 613 1401; x_wconf 89' lang='lat' dir='ltr'><strong>vici,</strong></span> <span class='ocrx_word' id='word_1_61' title='bbox 638 1340 765 1390; x_wconf 83' lang='lat' dir='ltr'><strong>Paulitae</strong></span> <span class='ocrx_word' id='word_1_62' title='bbox 782 1345 809 1389; x_wconf 92' lang='lat' dir='ltr'><strong>et</strong></span> 
     </span>
     <span class='ocr_line' id='line_1_11' title="bbox 268 1408 808 1474; baseline 0 -16"><span class='ocrx_word' id='word_1_63' title='bbox 268 1410 392 1473; x_wconf 76' lang='lat' dir='ltr'><strong>superior</strong></span> <span class='ocrx_word' id='word_1_64' title='bbox 411 1414 439 1458; x_wconf 87' lang='lat' dir='ltr'><strong>et</strong></span> <span class='ocrx_word' id='word_1_65' title='bbox 456 1408 569 1459; x_wconf 80' lang='lat' dir='ltr'><strong>inferior</strong></span> <span class='ocrx_word' id='word_1_66' title='bbox 585 1417 668 1474; x_wconf 88' lang='lat' dir='ltr'><strong>atque</strong></span> <span class='ocrx_word' id='word_1_67' title='bbox 686 1410 808 1470; x_wconf 85' lang='lat' dir='ltr'><strong>Coritza,</strong></span> 
     </span>
     <span class='ocr_line' id='line_1_12' title="bbox 269 1478 808 1542; baseline -0.004 -14"><span class='ocrx_word' id='word_1_68' title='bbox 269 1478 403 1542; x_wconf 82' lang='lat' dir='ltr'><strong>quiricus</strong></span> <span class='ocrx_word' id='word_1_69' title='bbox 424 1482 560 1542; x_wconf 82' lang='lat' dir='ltr'><strong>proximus</strong></span> <span class='ocrx_word' id='word_1_70' title='bbox 578 1496 638 1529; x_wconf 90' lang='lat' dir='ltr'><strong>esse</strong></span> <span class='ocrx_word' id='word_1_71' title='bbox 659 1478 746 1529; x_wconf 81' lang='lat' dir='ltr'><strong>fertur</strong></span> <span class='ocrx_word' id='word_1_72' title='bbox 763 1494 808 1527; x_wconf 83' lang='lat' dir='ltr'><strong>ve-</strong></span> 
     </span>
     <span class='ocr_line' id='line_1_13' title="bbox 270 1547 809 1613; baseline 0 -17"><span class='ocrx_word' id='word_1_73' title='bbox 270 1548 321 1596; x_wconf 90' lang='lat' dir='ltr'><strong>teri</strong></span> <span class='ocrx_word' id='word_1_74' title='bbox 335 1548 394 1597; x_wconf 89' lang='lat' dir='ltr'><strong>urbi</strong></span> <span class='ocrx_word' id='word_1_75' title='bbox 409 1547 443 1596; x_wconf 90' lang='lat' dir='ltr'><strong>cb</strong></span> <span class='ocrx_word' id='word_1_76' title='bbox 457 1548 591 1611; x_wconf 73' lang='lat' dir='ltr'>Apollinis</span> <span class='ocrx_word' id='word_1_77' title='bbox 606 1549 728 1613; x_wconf 83' lang='lat' dir='ltr'><strong>Epicurii</strong></span> <span class='ocrx_word' id='word_1_78' title='bbox 743 1555 809 1597; x_wconf 88' lang='lat' dir='ltr'><strong>tem·</strong></span> 
     </span>
     <span class='ocr_line' id='line_1_14' title="bbox 270 1616 809 1683; baseline -0.002 -17"><span class='ocrx_word' id='word_1_79' title='bbox 270 1616 342 1683; x_wconf 90' lang='lat' dir='ltr'><strong>plum</strong></span> <span class='ocrx_word' id='word_1_80' title='bbox 352 1617 496 1667; x_wconf 69' lang='lat' dir='ltr'><strong>recentiori</strong></span> <span class='ocrx_word' id='word_1_81' title='bbox 509 1623 602 1667; x_wconf 88' lang='lat' dir='ltr'><strong>aetate</strong></span> <span class='ocrx_word' id='word_1_82' title='bbox 614 1619 750 1668; x_wconf 86' lang='lat' dir='ltr'><strong>detectum</strong></span> <span class='ocrx_word' id='word_1_83' title='bbox 763 1618 809 1666; x_wconf 86' lang='lat' dir='ltr'><strong>dc-</strong></span> 
     </span>
     <span class='ocr_line' id='line_1_15' title="bbox 270 1687 810 1751; baseline -0.002 -16"><span class='ocrx_word' id='word_1_84' title='bbox 270 1689 454 1751; x_wconf 86' lang='lat' dir='ltr'><strong>scriptumque</strong></span> <span class='ocrx_word' id='word_1_85' title='bbox 469 1689 586 1737; x_wconf 86' lang='lat' dir='ltr'><strong>maxime</strong></span> <span class='ocrx_word' id='word_1_86' title='bbox 598 1688 708 1751; x_wconf 78' lang='lat' dir='ltr'><strong>insigni.</strong></span> <span class='ocrx_word' id='word_1_87' title='bbox 739 1687 810 1736; x_wconf 80' lang='lat' dir='ltr'><strong>Edo-</strong></span> 
     </span>
     <span class='ocr_line' id='line_1_16' title="bbox 270 1754 811 1808; baseline -0.002 -3"><span class='ocrx_word' id='word_1_88' title='bbox 270 1757 329 1805; x_wconf 89' lang='lat' dir='ltr'><strong>cuit</strong></span> <span class='ocrx_word' id='word_1_89' title='bbox 350 1770 391 1805; x_wconf 88' lang='lat' dir='ltr'><strong>me</strong></span> <span class='ocrx_word' id='word_1_90' title='bbox 409 1754 600 1807; x_wconf 84' lang='lat' dir='ltr'><strong>celeberrimus</strong></span> <span class='ocrx_word' id='word_1_91' title='bbox 624 1758 664 1808; x_wconf 89' lang='lat' dir='ltr'><strong>De</strong></span> <span class='ocrx_word' id='word_1_92' title='bbox 687 1755 811 1807; x_wconf 85' lang='lat' dir='ltr'><strong>Stackel·</strong></span> 
     </span>
     <span class='ocr_line' id='line_1_17' title="bbox 271 1824 811 1891; baseline 0 -17"><span class='ocrx_word' id='word_1_93' title='bbox 271 1826 359 1888; x_wconf 80' lang='lat' dir='ltr'><strong>berg,</strong></span> <span class='ocrx_word' id='word_1_94' title='bbox 375 1825 422 1889; x_wconf 90' lang='lat' dir='ltr'><strong>qui</strong></span> <span class='ocrx_word' id='word_1_95' title='bbox 435 1824 643 1888; x_wconf 88' lang='lat' dir='ltr'><strong>diligentissime</strong></span> <span class='ocrx_word' id='word_1_96' title='bbox 658 1826 708 1877; x_wconf 82' lang='lat' dir='ltr'><strong>has</strong></span> <span class='ocrx_word' id='word_1_97' title='bbox 723 1826 811 1891; x_wconf 88' lang='lat' dir='ltr'><strong>regio·</strong></span> 
     </span>
     <span class='ocr_line' id='line_1_18' title="bbox 271 1895 811 1960; baseline 0 -16"><span class='ocrx_word' id='word_1_98' title='bbox 271 1911 318 1945; x_wconf 88' lang='lat' dir='ltr'><strong>nes</strong></span> <span class='ocrx_word' id='word_1_99' title='bbox 334 1895 520 1959; x_wconf 84' lang='lat' dir='ltr'><strong>perlustravit.</strong></span> <span class='ocrx_word' id='word_1_100' title='bbox 557 1899 596 1946; x_wconf 80' lang='lat' dir='ltr'><strong>Ac</strong></span> <span class='ocrx_word' id='word_1_101' title='bbox 617 1902 713 1960; x_wconf 88' lang='lat' dir='ltr'><strong>postea</strong></span> <span class='ocrx_word' id='word_1_102' title='bbox 729 1910 811 1945; x_wconf 87' lang='lat' dir='ltr'><strong>accu-</strong></span> 
     </span>
     <span class='ocr_line' id='line_1_19' title="bbox 272 1963 811 2029; baseline 0.002 -17"><span class='ocrx_word' id='word_1_103' title='bbox 272 1970 330 2014; x_wconf 90' lang='lat' dir='ltr'><strong>rate</strong></span> <span class='ocrx_word' id='word_1_104' title='bbox 357 1963 451 2013; x_wconf 87' lang='lat' dir='ltr'><strong>retulit</strong></span> <span class='ocrx_word' id='word_1_105' title='bbox 472 1964 505 2014; x_wconf 91' lang='lat' dir='ltr'><strong>de</strong></span> <span class='ocrx_word' id='word_1_106' title='bbox 531 1965 582 2015; x_wconf 87' lang='lat' dir='ltr'><strong>bac</strong></span> <span class='ocrx_word' id='word_1_107' title='bbox 607 1965 673 2015; x_wconf 90' lang='lat' dir='ltr'><strong>urbe</strong></span> <span class='ocrx_word' id='word_1_108' title='bbox 698 1966 811 2029; x_wconf 90' lang='lat' dir='ltr'><strong>eiusque</strong></span> 
     </span>
     <span class='ocr_line' id='line_1_20' title="bbox 272 2034 811 2098; baseline 0.002 -17"><span class='ocrx_word' id='word_1_109' title='bbox 272 2035 326 2083; x_wconf 88' lang='lat' dir='ltr'><strong>situ</strong></span> <span class='ocrx_word' id='word_1_110' title='bbox 345 2049 378 2085; x_wconf 86' lang='lat' dir='ltr'><strong>ac</strong></span> <span class='ocrx_word' id='word_1_111' title='bbox 397 2034 519 2098; x_wconf 89' lang='lat' dir='ltr'><strong>reliquiis</strong></span> <span class='ocrx_word' id='word_1_112' title='bbox 532 2035 658 2085; x_wconf 87' lang='lat' dir='ltr'><strong>Curtius:</strong></span> <span class='ocrx_word' id='word_1_113' title='bbox 679 2036 811 2098; x_wconf 88' lang='lat' dir='ltr'><strong>Pelopon-</strong></span> 
     </span>
     <span class='ocr_line' id='line_1_21' title="bbox 273 2103 810 2170; baseline -0.004 -19"><span class='ocrx_word' id='word_1_114' title='bbox 273 2119 329 2152; x_wconf 84' lang='lat' dir='ltr'><strong>nes.</strong></span> <span class='ocrx_word' id='word_1_115' title='bbox 343 2104 366 2153; x_wconf 92' lang='lat' dir='ltr'><strong>I.</strong></span> <span class='ocrx_word' id='word_1_116' title='bbox 384 2118 447 2166; x_wconf 85' lang='lat' dir='ltr'><strong>pag.</strong></span> <span class='ocrx_word' id='word_1_117' title='bbox 464 2103 514 2153; x_wconf 84' lang='lat'><strong>318</strong></span> <span class='ocrx_word' id='word_1_118' title='bbox 527 2120 617 2169; x_wconf 83' lang='lat' dir='ltr'><strong>seqq,</strong></span> <span class='ocrx_word' id='word_1_119' title='bbox 635 2104 681 2170; x_wconf 92' lang='lat' dir='ltr'><strong>qui</strong></span> <span class='ocrx_word' id='word_1_120' title='bbox 699 2106 769 2154; x_wconf 88' lang='lat' dir='ltr'><strong>idern</strong></span> <span class='ocrx_word' id='word_1_121' title='bbox 785 2119 810 2167; x_wconf 92' lang='lat' dir='ltr'><strong>p.</strong></span> 
     </span>
     <span class='ocr_line' id='line_1_22' title="bbox 273 2171 812 2234; baseline -0.004 -12"><span class='ocrx_word' id='word_1_122' title='bbox 273 2171 323 2222; x_wconf 77' lang='lat' dir='ltr'><strong>:nu</strong></span> <span class='ocrx_word' id='word_1_123' title='bbox 339 2171 372 2221; x_wconf 88' lang='lat' dir='ltr'><strong>de</strong></span> <span class='ocrx_word' id='word_1_124' title='bbox 390 2174 449 2234; x_wconf 93' lang='lat' dir='ltr'><strong>ipso</strong></span> <span class='ocrx_word' id='word_1_125' title='bbox 473 2173 547 2221; x_wconf 89' lang='lat' dir='ltr'><strong>urbis</strong></span> <span class='ocrx_word' id='word_1_126' title='bbox 565 2174 673 2223; x_wconf 90' lang='lat' dir='ltr'><strong>nomine</strong></span> <span class='ocrx_word' id='word_1_127' title='bbox 691 2178 812 2224; x_wconf 88' lang='lat' dir='ltr'><strong>veterum</strong></span> 
     </span>
     <span class='ocr_line' id='line_1_23' title="bbox 273 2239 464 2290; baseline 0 0"><span class='ocrx_word' id='word_1_128' title='bbox 273 2239 348 2290; x_wconf 88' lang='lat' dir='ltr'><strong>locos</strong></span> <span class='ocrx_word' id='word_1_129' title='bbox 360 2239 464 2290; x_wconf 82' lang='lat' dir='ltr'><strong>attulit.</strong></span> 
     </span>
    </p>
   </div>
   <div class='ocr_carea' id='block_1_5' title="bbox 275 2304 815 2442">
    <p class='ocr_par' dir='ltr' id='par_1_5' title="bbox 275 2304 815 2442">
     <span class='ocr_line' id='line_1_24' title="bbox 309 2304 815 2373; baseline 0.002 -15"><span class='ocrx_word' id='word_1_130' title='bbox 309 2304 461 2373; x_wconf 74' lang='grc' dir='ltr'><strong><em>ἀνέγνωσε(</em></strong></span> <span class='ocrx_word' id='word_1_131' title='bbox 479 2311 496 2359; x_wconf 87' lang='lat' dir='ltr'><strong>i.</strong></span> <span class='ocrx_word' id='word_1_132' title='bbox 508 2325 529 2360; x_wconf 91' lang='lat' dir='ltr'><strong>e.</strong></span> <span class='ocrx_word' id='word_1_133' title='bbox 539 2311 676 2371; x_wconf 72' lang='lat' dir='ltr'><strong>prereucsit.</strong></span> <span class='ocrx_word' id='word_1_134' title='bbox 697 2309 758 2361; x_wconf 88' lang='lat' dir='ltr'><strong>Vid.</strong></span> <span class='ocrx_word' id='word_1_135' title='bbox 770 2324 815 2359; x_wconf 91' lang='lat' dir='ltr'><strong>su·</strong></span> 
     </span>
     <span class='ocr_line' id='line_1_25' title="bbox 275 2378 439 2442; baseline 0 -16"><span class='ocrx_word' id='word_1_136' title='bbox 275 2393 323 2440; x_wconf 90' lang='lat' dir='ltr'><strong>pra</strong></span> <span class='ocrx_word' id='word_1_137' title='bbox 337 2378 385 2442; x_wconf 88' lang='lat' dir='ltr'><strong>VI,</strong></span> <span class='ocrx_word' id='word_1_138' title='bbox 397 2378 439 2426; x_wconf 77' lang='lat'><strong>75.</strong></span> 
     </span>
    </p>
   </div>
   <div class='ocr_carea' id='block_1_6' title="bbox 431 2547 659 2598">
    <p class='ocr_par' dir='ltr' id='par_1_6' title="bbox 431 2547 659 2598">
     <span class='ocr_line' id='line_1_26' title="bbox 431 2547 659 2598; baseline -0.009 0"><span class='ocrx_word' id='word_1_139' title='bbox 431 2547 496 2598; x_wconf 81' lang='lat' dir='ltr'><strong>Car.</strong></span> <span class='ocrx_word' id='word_1_140' title='bbox 512 2547 659 2597; x_wconf 80' lang='lat' dir='ltr'>LXXXIV.</span> 
     </span>
    </p>
   </div>
   <div class='ocr_carea' id='block_1_7' title="bbox 211 2642 821 4522">
    <p class='ocr_par' dir='ltr' id='par_1_7' title="bbox 211 2642 821 4522">
     <span class='ocr_line' id='line_1_27' title="bbox 311 2642 817 2716; baseline -0.002 -15"><span class='ocrx_word' id='word_1_141' title='bbox 311 2644 341 2701; x_wconf 73' lang='grc' dir='ltr'><strong>(τι</strong></span> <span class='ocrx_word' id='word_1_142' title='bbox 360 2649 511 2716; x_wconf 82' lang='grc' dir='ltr'><strong><em>δαιμονίου</em></strong></span> <span class='ocrx_word' id='word_1_143' title='bbox 528 2643 579 2714; x_wconf 74' lang='grc' dir='ltr'><strong><em>μέν</em></strong></span> <span class='ocrx_word' id='word_1_144' title='bbox 599 2642 728 2716; x_wconf 65' lang='lat' dir='ltr'><strong>elidentis]</strong></span> <span class='ocrx_word' id='word_1_145' title='bbox 756 2652 817 2711; x_wconf 86' lang='lat' dir='ltr'><strong>Quo</strong></span> 
     </span>
     <span class='ocr_line' id='line_1_28' title="bbox 276 2720 818 2783; baseline -0.004 -12"><span class='ocrx_word' id='word_1_146' title='bbox 276 2723 410 2773; x_wconf 86' lang='lat' dir='ltr'><strong>declarari</strong></span> <span class='ocrx_word' id='word_1_147' title='bbox 423 2720 582 2783; x_wconf 84' lang='lat' dir='ltr'><strong>voluerunt,</strong></span> <span class='ocrx_word' id='word_1_148' title='bbox 601 2720 723 2771; x_wconf 83' lang='lat' dir='ltr'>morbum</span> <span class='ocrx_word' id='word_1_149' title='bbox 741 2736 763 2770; x_wconf 90' lang='lat' dir='ltr'><strong>s.</strong></span> <span class='ocrx_word' id='word_1_150' title='bbox 778 2722 818 2769; x_wconf 89' lang='lat' dir='ltr'><strong>iu-</strong></span> 
     </span>
     <span class='ocr_line' id='line_1_29' title="bbox 276 2791 818 2842; baseline -0.006 0"><span class='ocrx_word' id='word_1_151' title='bbox 276 2809 362 2842; x_wconf 91' lang='lat' dir='ltr'><strong>rorem</strong></span> <span class='ocrx_word' id='word_1_152' title='bbox 382 2792 515 2841; x_wconf 87' lang='lat' dir='ltr'><strong>divinitus</strong></span> <span class='ocrx_word' id='word_1_153' title='bbox 533 2806 586 2840; x_wconf 91' lang='lat' dir='ltr'><strong>non</strong></span> <span class='ocrx_word' id='word_1_154' title='bbox 603 2791 752 2840; x_wconf 86' lang='lat' dir='ltr'><strong>immissum</strong></span> <span class='ocrx_word' id='word_1_155' title='bbox 772 2806 818 2839; x_wconf 90' lang='lat' dir='ltr'><strong>ne·</strong></span> 
     </span>
     <span class='ocr_line' id='line_1_30' title="bbox 277 2859 817 2926; baseline -0.006 -16"><span class='ocrx_word' id='word_1_156' title='bbox 277 2877 329 2926; x_wconf 90' lang='lat' dir='ltr'><strong>que</strong></span> <span class='ocrx_word' id='word_1_157' title='bbox 341 2879 358 2912; x_wconf 92' lang='lat' dir='ltr'><strong>a</strong></span> <span class='ocrx_word' id='word_1_158' title='bbox 375 2862 427 2910; x_wconf 90' lang='lat' dir='ltr'><strong>diis</strong></span> <span class='ocrx_word' id='word_1_159' title='bbox 442 2861 475 2910; x_wconf 91' lang='lat' dir='ltr'><strong>ob</strong></span> <span class='ocrx_word' id='word_1_160' title='bbox 492 2860 597 2909; x_wconf 89' lang='lat' dir='ltr'><strong>scelera</strong></span> <span class='ocrx_word' id='word_1_161' title='bbox 610 2859 762 2909; x_wconf 81' lang='lat' dir='ltr'><strong>Cleomenis</strong></span> <span class='ocrx_word' id='word_1_162' title='bbox 776 2864 817 2908; x_wconf 81' lang='lat' dir='ltr'><strong>st-</strong></span> 
     </span>
     <span class='ocr_line' id='line_1_31' title="bbox 276 2930 817 2996; baseline -0.009 -15"><span class='ocrx_word' id='word_1_163' title='bbox 276 2947 330 2996; x_wconf 90' lang='lat' dir='ltr'><strong>que</strong></span> <span class='ocrx_word' id='word_1_164' title='bbox 348 2932 517 2996; x_wconf 81' lang='lat' dir='ltr'><strong>impietatem</strong></span> <span class='ocrx_word' id='word_1_165' title='bbox 535 2930 613 2979; x_wconf 90' lang='lat' dir='ltr'><strong>iratis</strong></span> <span class='ocrx_word' id='word_1_166' title='bbox 630 2930 761 2979; x_wconf 85' lang='lat' dir='ltr'><strong>inflictum</strong></span> <span class='ocrx_word' id='word_1_167' title='bbox 776 2930 817 2977; x_wconf 89' lang='lat' dir='ltr'><strong>vi-</strong></span> 
     </span>
     <span class='ocr_line' id='line_1_32' title="bbox 277 2999 818 3064; baseline -0.006 -14"><span class='ocrx_word' id='word_1_168' title='bbox 277 3002 351 3064; x_wconf 88' lang='lat' dir='ltr'><strong>deri,</strong></span> <span class='ocrx_word' id='word_1_169' title='bbox 374 3002 422 3050; x_wconf 86' lang='lat' dir='ltr'><strong>sed</strong></span> <span class='ocrx_word' id='word_1_170' title='bbox 440 3018 456 3050; x_wconf 89' lang='lat' dir='ltr'><strong>a</strong></span> <span class='ocrx_word' id='word_1_171' title='bbox 470 2999 601 3057; x_wconf 84' lang='lat' dir='ltr'><strong>naturali,</strong></span> <span class='ocrx_word' id='word_1_172' title='bbox 620 3005 650 3048; x_wconf 91' lang='lat' dir='ltr'><strong>ut</strong></span> <span class='ocrx_word' id='word_1_173' title='bbox 664 2999 704 3049; x_wconf 89' lang='lat' dir='ltr'><strong>ita</strong></span> <span class='ocrx_word' id='word_1_174' title='bbox 717 2999 818 3059; x_wconf 89' lang='lat' dir='ltr'><strong>dicam,</strong></span> 
     </span>
     <span class='ocr_line' id='line_1_33' title="bbox 277 3075 817 3133; baseline -0.006 -14"><span class='ocrx_word' id='word_1_175' title='bbox 277 3085 378 3130; x_wconf 87' lang='lat' dir='ltr'><strong>cauas,</strong></span> <span class='ocrx_word' id='word_1_176' title='bbox 401 3085 488 3133; x_wconf 88' lang='lat' dir='ltr'><strong>eaque</strong></span> <span class='ocrx_word' id='word_1_177' title='bbox 515 3076 613 3133; x_wconf 88' lang='lat' dir='ltr'><strong>aperta</strong></span> <span class='ocrx_word' id='word_1_178' title='bbox 639 3086 687 3119; x_wconf 90' lang='lat' dir='ltr'><strong>nec</strong></span> <span class='ocrx_word' id='word_1_179' title='bbox 710 3075 817 3119; x_wconf 89' lang='lat' dir='ltr'><strong>secreta</strong></span> 
     </span>
     <span class='ocr_line' id='line_1_34' title="bbox 278 3138 818 3202; baseline 0.004 -16"><span class='ocrx_word' id='word_1_180' title='bbox 278 3154 327 3187; x_wconf 89' lang='lat' dir='ltr'><strong>nee</strong></span> <span class='ocrx_word' id='word_1_181' title='bbox 353 3138 515 3189; x_wconf 88' lang='lat' dir='ltr'><strong>abscondita</strong></span> <span class='ocrx_word' id='word_1_182' title='bbox 545 3154 605 3189; x_wconf 91' lang='lat' dir='ltr'><strong>esse</strong></span> <span class='ocrx_word' id='word_1_183' title='bbox 633 3138 818 3202; x_wconf 87' lang='lat' dir='ltr'><strong>repetendum.</strong></span> 
     </span>
     <span class='ocr_line' id='line_1_35' title="bbox 278 3208 819 3272; baseline 0 -15"><span class='ocrx_word' id='word_1_184' title='bbox 278 3208 346 3257; x_wconf 84' lang='lat' dir='ltr'><strong>Nam</strong></span> <span class='ocrx_word' id='word_1_185' title='bbox 362 3223 536 3272; x_wconf 85' lang='lat' dir='ltr'><strong>quaecunque</strong></span> <span class='ocrx_word' id='word_1_186' title='bbox 550 3209 702 3272; x_wconf 82' lang='lat' dir='ltr'><strong>insigniora</strong></span> <span class='ocrx_word' id='word_1_187' title='bbox 719 3212 819 3258; x_wconf 86' lang='lat' dir='ltr'><strong>morta·</strong></span> 
     </span>
     <span class='ocr_line' id='line_1_36' title="bbox 278 3276 819 3341; baseline 0.004 -16"><span class='ocrx_word' id='word_1_188' title='bbox 278 3278 317 3326; x_wconf 89' lang='lat' dir='ltr'><strong>les</strong></span> <span class='ocrx_word' id='word_1_189' title='bbox 334 3278 462 3341; x_wconf 76' lang='lat' dir='ltr'><strong>affligant</strong></span> <span class='ocrx_word' id='word_1_190' title='bbox 479 3276 565 3338; x_wconf 86' lang='lat' dir='ltr'><strong>rnala,</strong></span> <span class='ocrx_word' id='word_1_191' title='bbox 587 3292 701 3340; x_wconf 90' lang='lat' dir='ltr'><strong>quorum</strong></span> <span class='ocrx_word' id='word_1_192' title='bbox 720 3292 819 3327; x_wconf 86' lang='lat' dir='ltr'><strong>causas</strong></span> 
     </span>
     <span class='ocr_line' id='line_1_37' title="bbox 279 3343 819 3410; baseline 0.002 -16"><span class='ocrx_word' id='word_1_193' title='bbox 279 3346 432 3410; x_wconf 79' lang='lat' dir='ltr'><strong>perspicere</strong></span> <span class='ocrx_word' id='word_1_194' title='bbox 450 3343 522 3394; x_wconf 87' lang='lat' dir='ltr'><strong>haud</strong></span> <span class='ocrx_word' id='word_1_195' title='bbox 542 3345 666 3405; x_wconf 81' lang='lat' dir='ltr'><strong>valeant,</strong></span> <span class='ocrx_word' id='word_1_196' title='bbox 689 3361 721 3395; x_wconf 90' lang='lat' dir='ltr'><strong>ea</strong></span> <span class='ocrx_word' id='word_1_197' title='bbox 735 3361 751 3395; x_wconf 89' lang='lat' dir='ltr'><strong>a</strong></span> <span class='ocrx_word' id='word_1_198' title='bbox 766 3346 819 3395; x_wconf 89' lang='lat' dir='ltr'><strong>diis</strong></span> 
     </span>
     <span class='ocr_line' id='line_1_38' title="bbox 279 3414 818 3479; baseline 0.007 -17"><span class='ocrx_word' id='word_1_199' title='bbox 279 3414 404 3474; x_wconf 87' lang='lat' dir='ltr'><strong>immitti,</strong></span> <span class='ocrx_word' id='word_1_200' title='bbox 438 3415 613 3477; x_wconf 77' lang='lat' dir='ltr'><strong>antiquitatis</strong></span> <span class='ocrx_word' id='word_1_201' title='bbox 639 3415 691 3464; x_wconf 83' lang='lat' dir='ltr'><strong>suit</strong></span> <span class='ocrx_word' id='word_1_202' title='bbox 716 3415 818 3479; x_wconf 88' lang='lat' dir='ltr'><strong>opinio.</strong></span> 
     </span>
     <span class='ocr_line' id='line_1_39' title="bbox 280 3482 818 3545; baseline 0.004 -14"><span class='ocrx_word' id='word_1_203' title='bbox 280 3483 358 3545; x_wconf 78' lang='lat' dir='ltr'><strong>Quod</strong></span> <span class='ocrx_word' id='word_1_204' title='bbox 374 3483 409 3532; x_wconf 92' lang='lat' dir='ltr'><strong>ad</strong></span> <span class='ocrx_word' id='word_1_205' title='bbox 421 3482 587 3533; x_wconf 86' lang='lat' dir='ltr'><strong>Herodotum</strong></span> <span class='ocrx_word' id='word_1_206' title='bbox 601 3484 714 3545; x_wconf 76' lang='lat' dir='ltr'><strong>attinet,</strong></span> <span class='ocrx_word' id='word_1_207' title='bbox 730 3485 818 3534; x_wconf 91' lang='lat' dir='ltr'><strong>noluit</strong></span> 
     </span>
     <span class='ocr_line' id='line_1_40' title="bbox 279 3553 818 3618; baseline 0.006 -17"><span class='ocrx_word' id='word_1_208' title='bbox 279 3559 353 3601; x_wconf 86' lang='lat' dir='ltr'><strong>certe</strong></span> <span class='ocrx_word' id='word_1_209' title='bbox 376 3553 573 3616; x_wconf 72' lang='lat' dir='ltr'><strong>Spartanorum</strong></span> <span class='ocrx_word' id='word_1_210' title='bbox 598 3553 712 3615; x_wconf 88' lang='lat' dir='ltr'><strong>lamam,</strong></span> <span class='ocrx_word' id='word_1_211' title='bbox 737 3569 818 3618; x_wconf 91' lang='lat' dir='ltr'><strong>quam</strong></span> 
     </span>
     <span class='ocr_line' id='line_1_41' title="bbox 280 3620 818 3687; baseline 0.004 -17"><span class='ocrx_word' id='word_1_212' title='bbox 280 3620 374 3685; x_wconf 87' lang='lat' dir='ltr'><strong>procul</strong></span> <span class='ocrx_word' id='word_1_213' title='bbox 387 3622 470 3671; x_wconf 92' lang='lat' dir='ltr'><strong>dubio</strong></span> <span class='ocrx_word' id='word_1_214' title='bbox 486 3622 521 3671; x_wconf 88' lang='lat' dir='ltr'><strong>ab</strong></span> <span class='ocrx_word' id='word_1_215' title='bbox 536 3620 577 3670; x_wconf 89' lang='lat' dir='ltr'><strong>his</strong></span> <span class='ocrx_word' id='word_1_216' title='bbox 596 3623 662 3686; x_wconf 88' lang='lat' dir='ltr'><strong>ipsis</strong></span> <span class='ocrx_word' id='word_1_217' title='bbox 677 3629 818 3687; x_wconf 82' lang='lat' dir='ltr'><strong>acceptam</strong></span> 
     </span>
     <span class='ocr_line' id='line_1_42' title="bbox 280 3690 819 3758; baseline 0.006 -19"><span class='ocrx_word' id='word_1_218' title='bbox 280 3690 400 3751; x_wconf 88' lang='lat' dir='ltr'><strong>tenebat,</strong></span> <span class='ocrx_word' id='word_1_219' title='bbox 409 3690 518 3741; x_wconf 88' lang='lat' dir='ltr'><strong>silentio</strong></span> <span class='ocrx_word' id='word_1_220' title='bbox 529 3692 687 3755; x_wconf 86' lang='lat' dir='ltr'><strong>praeterire,</strong></span> <span class='ocrx_word' id='word_1_221' title='bbox 697 3709 751 3757; x_wconf 90' lang='lat' dir='ltr'><strong>qua</strong></span> <span class='ocrx_word' id='word_1_222' title='bbox 762 3694 819 3758; x_wconf 92' lang='lat' dir='ltr'><strong>qui-</strong></span> 
     </span>
     <span class='ocr_line' id='line_1_43' title="bbox 280 3760 819 3813; baseline 0.006 -4"><span class='ocrx_word' id='word_1_223' title='bbox 280 3760 341 3810; x_wconf 93' lang='lat' dir='ltr'><strong>dem</strong></span> <span class='ocrx_word' id='word_1_224' title='bbox 366 3762 405 3810; x_wconf 91' lang='lat' dir='ltr'><strong>illi</strong></span> <span class='ocrx_word' id='word_1_225' title='bbox 426 3761 578 3811; x_wconf 84' lang='lat' dir='ltr'><strong>Cleomenis</strong></span> <span class='ocrx_word' id='word_1_226' title='bbox 601 3763 747 3812; x_wconf 87' lang='lat' dir='ltr'><strong>amentiam</strong></span> <span class='ocrx_word' id='word_1_227' title='bbox 769 3764 819 3813; x_wconf 88' lang='lat' dir='ltr'><strong>tri-</strong></span> 
     </span>
     <span class='ocr_line' id='line_1_44' title="bbox 279 3830 818 3896; baseline 0.002 -15"><span class='ocrx_word' id='word_1_228' title='bbox 279 3835 402 3894; x_wconf 89' lang='lat' dir='ltr'><strong>stemque</strong></span> <span class='ocrx_word' id='word_1_229' title='bbox 421 3832 523 3880; x_wconf 81' lang='lat' dir='ltr'><strong>exitum</strong></span> <span class='ocrx_word' id='word_1_230' title='bbox 539 3848 552 3879; x_wconf 91' lang='lat' dir='ltr'><strong>e</strong></span> <span class='ocrx_word' id='word_1_231' title='bbox 570 3830 689 3880; x_wconf 88' lang='lat' dir='ltr'><strong>naturali</strong></span> <span class='ocrx_word' id='word_1_232' title='bbox 702 3832 818 3896; x_wconf 89' lang='lat' dir='ltr'><strong>quadam</strong></span> 
     </span>
     <span class='ocr_line' id='line_1_45' title="bbox 278 3900 821 3966; baseline 0 -16"><span class='ocrx_word' id='word_1_233' title='bbox 278 3915 363 3950; x_wconf 90' lang='lat' dir='ltr'><strong>eausa</strong></span> <span class='ocrx_word' id='word_1_234' title='bbox 373 3900 510 3966; x_wconf 79' lang='lat' dir='ltr'><strong>explicare</strong></span> <span class='ocrx_word' id='word_1_235' title='bbox 522 3900 699 3962; x_wconf 87' lang='lat' dir='ltr'><strong>studuerunt,</strong></span> <span class='ocrx_word' id='word_1_236' title='bbox 711 3902 821 3952; x_wconf 83' lang='lat' dir='ltr'><strong>adeost</strong></span> 
     </span>
     <span class='ocr_line' id='line_1_46' title="bbox 279 3970 819 4035; baseline 0.007 -17"><span class='ocrx_word' id='word_1_237' title='bbox 279 3970 355 4019; x_wconf 84' lang='lat' dir='ltr'><strong>hicce</strong></span> <span class='ocrx_word' id='word_1_238' title='bbox 374 3971 448 4021; x_wconf 91' lang='lat' dir='ltr'><strong>locus</strong></span> <span class='ocrx_word' id='word_1_239' title='bbox 461 3971 496 4020; x_wconf 88' lang='lat' dir='ltr'><strong>ad</strong></span> <span class='ocrx_word' id='word_1_240' title='bbox 513 3987 559 4021; x_wconf 88' lang='lat' dir='ltr'><strong>eos</strong></span> <span class='ocrx_word' id='word_1_241' title='bbox 576 3970 668 4020; x_wconf 88' lang='lat' dir='ltr'><strong>referri</strong></span> <span class='ocrx_word' id='word_1_242' title='bbox 684 3973 785 4035; x_wconf 87' lang='lat' dir='ltr'><strong>possit,</strong></span> <span class='ocrx_word' id='word_1_243' title='bbox 805 3988 819 4022; x_wconf 92' lang='lat' dir='ltr'><strong>e</strong></span> 
     </span>
     <span class='ocr_line' id='line_1_47' title="bbox 280 4039 820 4105; baseline 0.007 -18"><span class='ocrx_word' id='word_1_244' title='bbox 280 4040 379 4103; x_wconf 88' lang='lat' dir='ltr'><strong>quibus</strong></span> <span class='ocrx_word' id='word_1_245' title='bbox 394 4039 473 4105; x_wconf 86' lang='lat' dir='ltr'><strong>quale</strong></span> <span class='ocrx_word' id='word_1_246' title='bbox 487 4041 569 4092; x_wconf 86' lang='lat' dir='ltr'><strong>luerit</strong></span> <span class='ocrx_word' id='word_1_247' title='bbox 581 4040 715 4103; x_wconf 87' lang='lat' dir='ltr'><strong>studium,</strong></span> <span class='ocrx_word' id='word_1_248' title='bbox 729 4042 820 4091; x_wconf 89' lang='lat' dir='ltr'><strong>omnia</strong></span> 
     </span>
     <span class='ocr_line' id='line_1_48' title="bbox 280 4109 819 4161; baseline 0.004 -3"><span class='ocrx_word' id='word_1_249' title='bbox 280 4109 399 4159; x_wconf 86' lang='lat' dir='ltr'><strong>bumana</strong></span> <span class='ocrx_word' id='word_1_250' title='bbox 419 4125 452 4160; x_wconf 89' lang='lat' dir='ltr'><strong>ee</strong></span> <span class='ocrx_word' id='word_1_251' title='bbox 470 4112 612 4161; x_wconf 86' lang='lat' dir='ltr'><strong>terrestria</strong></span> <span class='ocrx_word' id='word_1_252' title='bbox 629 4125 643 4159; x_wconf 94' lang='lat' dir='ltr'><strong>e</strong></span> <span class='ocrx_word' id='word_1_253' title='bbox 661 4113 752 4161; x_wconf 86' lang='lat' dir='ltr'><strong>causis</strong></span> <span class='ocrx_word' id='word_1_254' title='bbox 773 4112 819 4160; x_wconf 87' lang='lat' dir='ltr'><strong>bn·</strong></span> 
     </span>
     <span class='ocr_line' id='line_1_49' title="bbox 280 4180 819 4245; baseline 0.004 -17"><span class='ocrx_word' id='word_1_255' title='bbox 280 4180 368 4229; x_wconf 86' lang='lat' dir='ltr'><strong>manis</strong></span> <span class='ocrx_word' id='word_1_256' title='bbox 382 4183 408 4229; x_wconf 91' lang='lat' dir='ltr'><strong>in</strong></span> <span class='ocrx_word' id='word_1_257' title='bbox 424 4180 487 4244; x_wconf 84' lang='lat' dir='ltr'><strong>ipsa</strong></span> <span class='ocrx_word' id='word_1_258' title='bbox 501 4197 589 4231; x_wconf 85' lang='lat' dir='ltr'><strong>rerum</strong></span> <span class='ocrx_word' id='word_1_259' title='bbox 606 4186 705 4229; x_wconf 86' lang='lat' dir='ltr'><strong>natura</strong></span> <span class='ocrx_word' id='word_1_260' title='bbox 721 4182 819 4245; x_wconf 91' lang='lat' dir='ltr'><strong>positis</strong></span> 
     </span>
     <span class='ocr_line' id='line_1_50' title="bbox 279 4249 818 4316; baseline 0.004 -18"><span class='ocrx_word' id='word_1_261' title='bbox 279 4249 435 4311; x_wconf 83' lang='lat' dir='ltr'><strong>derivandi,</strong></span> <span class='ocrx_word' id='word_1_262' title='bbox 454 4250 631 4314; x_wconf 82' lang='lat' dir='ltr'><strong>perspicitur,</strong></span> <span class='ocrx_word' id='word_1_263' title='bbox 654 4265 818 4316; x_wconf 81' lang='lat' dir='ltr'><strong>quemquam</strong></span> 
     </span>
     <span class='ocr_line' id='line_1_51' title="bbox 280 4317 818 4383; baseline 0.006 -17"><span class='ocrx_word' id='word_1_264' title='bbox 280 4317 393 4379; x_wconf 84' lang='lat' dir='ltr'><strong>Noster,</strong></span> <span class='ocrx_word' id='word_1_265' title='bbox 414 4334 482 4383; x_wconf 83' lang='lat' dir='ltr'><strong>qnae</strong></span> <span class='ocrx_word' id='word_1_266' title='bbox 498 4321 555 4369; x_wconf 90' lang='lat' dir='ltr'><strong>eins</strong></span> <span class='ocrx_word' id='word_1_267' title='bbox 569 4324 629 4369; x_wconf 88' lang='lat' dir='ltr'><strong>erat</strong></span> <span class='ocrx_word' id='word_1_268' title='bbox 641 4321 731 4383; x_wconf 87' lang='lat' dir='ltr'><strong>pietas</strong></span> <span class='ocrx_word' id='word_1_269' title='bbox 746 4336 818 4369; x_wconf 89' lang='lat' dir='ltr'><strong>surn-</strong></span> 
     </span>
     <span class='ocr_line' id='line_1_52' title="bbox 280 4388 818 4451; baseline 0.007 -17"><span class='ocrx_word' id='word_1_270' title='bbox 280 4401 376 4451; x_wconf 88' lang='lat' dir='ltr'><strong>rnaque</strong></span> <span class='ocrx_word' id='word_1_271' title='bbox 401 4390 518 4438; x_wconf 88' lang='lat' dir='ltr'><strong>numinis</strong></span> <span class='ocrx_word' id='word_1_272' title='bbox 544 4388 631 4439; x_wconf 85' lang='lat' dir='ltr'><strong>divini</strong></span> <span class='ocrx_word' id='word_1_273' title='bbox 654 4392 818 4449; x_wconf 83' lang='lat' dir='ltr'><strong>reverentia,</strong></span> 
     </span>
     <span class='ocr_line' id='line_1_53' title="bbox 211 4452 817 4522; baseline 0.005 -17"><span class='ocrx_word' id='word_1_274' title='bbox 211 4452 215 4462; x_wconf 90' lang='lat'>&#39;</span> <span class='ocrx_word' id='word_1_275' title='bbox 280 4454 386 4519; x_wconf 88' lang='lat' dir='ltr'><strong>maluit,</strong></span> <span class='ocrx_word' id='word_1_276' title='bbox 408 4456 449 4507; x_wconf 88' lang='lat' dir='ltr'><strong>vel</strong></span> <span class='ocrx_word' id='word_1_277' title='bbox 462 4471 509 4517; x_wconf 87' lang='lat' dir='ltr'><strong>ea,</strong></span> <span class='ocrx_word' id='word_1_278' title='bbox 531 4472 644 4522; x_wconf 89' lang='lat' dir='ltr'><strong>quorum</strong></span> <span class='ocrx_word' id='word_1_279' title='bbox 658 4473 758 4509; x_wconf 87' lang='lat' dir='ltr'><strong>causae</strong></span> <span class='ocrx_word' id='word_1_280' title='bbox 771 4475 817 4508; x_wconf 90' lang='lat' dir='ltr'><strong>na·</strong></span> 
     </span>
    </p>
   </div>
   <div class='ocr_carea' id='block_1_8' title="bbox 858 1262 1476 4526">
    <p class='ocr_par' dir='ltr' id='par_1_8' title="bbox 858 1262 1476 4526">
     <span class='ocr_line' id='line_1_54' title="bbox 859 1262 1402 1330; baseline -0.018 -14"><span class='ocrx_word' id='word_1_281' title='bbox 859 1267 921 1316; x_wconf 77' lang='lat' dir='ltr'><strong>tura</strong></span> <span class='ocrx_word' id='word_1_282' title='bbox 940 1264 1089 1330; x_wconf 79' lang='lat' dir='ltr'><strong>patebant,</strong></span> <span class='ocrx_word' id='word_1_283' title='bbox 1110 1263 1144 1312; x_wconf 87' lang='lat' dir='ltr'><strong>ad</strong></span> <span class='ocrx_word' id='word_1_284' title='bbox 1165 1262 1288 1312; x_wconf 84' lang='lat' dir='ltr'><strong>divinum</strong></span> <span class='ocrx_word' id='word_1_285' title='bbox 1305 1273 1402 1309; x_wconf 86' lang='lat' dir='ltr'><strong>numen</strong></span> 
     </span>
     <span class='ocr_line' id='line_1_55' title="bbox 858 1331 1402 1399; baseline -0.013 -15"><span class='ocrx_word' id='word_1_286' title='bbox 858 1338 1034 1399; x_wconf 83' lang='lat' dir='ltr'><strong>divinamque</strong></span> <span class='ocrx_word' id='word_1_287' title='bbox 1052 1333 1202 1382; x_wconf 87' lang='lat' dir='ltr'><strong>vindictam</strong></span> <span class='ocrx_word' id='word_1_288' title='bbox 1221 1331 1311 1390; x_wconf 87' lang='lat' dir='ltr'><strong>illam,</strong></span> <span class='ocrx_word' id='word_1_289' title='bbox 1332 1344 1402 1393; x_wconf 86' lang='lat' dir='ltr'><strong>quae</strong></span> 
     </span>
     <span class='ocr_line' id='line_1_56' title="bbox 860 1400 1402 1465; baseline -0.015 -11"><span class='ocrx_word' id='word_1_290' title='bbox 860 1406 984 1454; x_wconf 90' lang='lat' dir='ltr'><strong>omnibus</strong></span> <span class='ocrx_word' id='word_1_291' title='bbox 994 1402 1074 1453; x_wconf 89' lang='lat' dir='ltr'><strong>rebus</strong></span> <span class='ocrx_word' id='word_1_292' title='bbox 1086 1403 1113 1450; x_wconf 92' lang='lat' dir='ltr'><strong>in</strong></span> <span class='ocrx_word' id='word_1_293' title='bbox 1124 1408 1196 1451; x_wconf 87' lang='lat' dir='ltr'><strong>terra</strong></span> <span class='ocrx_word' id='word_1_294' title='bbox 1206 1400 1337 1465; x_wconf 91' lang='lat' dir='ltr'><strong>coeloque</strong></span> <span class='ocrx_word' id='word_1_295' title='bbox 1350 1415 1402 1447; x_wconf 90' lang='lat' dir='ltr'><strong>mo-</strong></span> 
     </span>
     <span class='ocr_line' id='line_1_57' title="bbox 858 1469 1403 1536; baseline -0.015 -12"><span class='ocrx_word' id='word_1_296' title='bbox 858 1475 970 1524; x_wconf 86' lang='lat' dir='ltr'><strong>deratur</strong></span> <span class='ocrx_word' id='word_1_297' title='bbox 993 1472 1062 1536; x_wconf 80' lang='lat' dir='ltr'><strong>(rid.</strong></span> <span class='ocrx_word' id='word_1_298' title='bbox 1087 1478 1154 1521; x_wconf 89' lang='lat' dir='ltr'><strong>nott.</strong></span> <span class='ocrx_word' id='word_1_299' title='bbox 1176 1470 1212 1520; x_wconf 87' lang='lat' dir='ltr'><strong>ad</strong></span> <span class='ocrx_word' id='word_1_300' title='bbox 1236 1471 1264 1532; x_wconf 85' lang='lat'><strong>1,</strong></span> <span class='ocrx_word' id='word_1_301' title='bbox 1283 1469 1327 1519; x_wconf 78' lang='lat'><strong>32.</strong></span> <span class='ocrx_word' id='word_1_302' title='bbox 1353 1469 1403 1528; x_wconf 87' lang='grc' dir='ltr'>ΙΙΙ,</span> 
     </span>
     <span class='ocr_line' id='line_1_58' title="bbox 860 1538 1404 1603; baseline -0.017 -9"><span class='ocrx_word' id='word_1_303' title='bbox 860 1545 904 1594; x_wconf 80' lang='grc'><strong>40.</strong></span> <span class='ocrx_word' id='word_1_304' title='bbox 916 1543 997 1603; x_wconf 69' lang='lat' dir='ltr'><strong>lde),</strong></span> <span class='ocrx_word' id='word_1_305' title='bbox 1011 1543 1123 1600; x_wconf 84' lang='lat' dir='ltr'><strong>referre,</strong></span> <span class='ocrx_word' id='word_1_306' title='bbox 1134 1544 1162 1589; x_wconf 92' lang='lat' dir='ltr'><strong>in</strong></span> <span class='ocrx_word' id='word_1_307' title='bbox 1173 1540 1225 1589; x_wconf 85' lang='lat' dir='ltr'><strong>fine</strong></span> <span class='ocrx_word' id='word_1_308' title='bbox 1235 1538 1404 1588; x_wconf 81' lang='lat' dir='ltr'><strong>narrationis</strong></span> 
     </span>
     <span class='ocr_line' id='line_1_59' title="bbox 860 1602 1404 1675; baseline -0.018 -12"><span class='ocrx_word' id='word_1_309' title='bbox 860 1613 927 1663; x_wconf 89' lang='lat' dir='ltr'><strong>haec</strong></span> <span class='ocrx_word' id='word_1_310' title='bbox 940 1612 1119 1675; x_wconf 84' lang='lat' dir='ltr'><strong>subiungens:</strong></span> <span class='ocrx_word' id='word_1_311' title='bbox 1135 1602 1195 1672; x_wconf 70' lang='grc' dir='ltr'><strong><em>ἐμοὶ</em></strong></span> <span class='ocrx_word' id='word_1_312' title='bbox 1207 1603 1239 1657; x_wconf 78' lang='grc' dir='ltr'><strong>δὲ</strong></span> <span class='ocrx_word' id='word_1_313' title='bbox 1249 1606 1343 1655; x_wconf 76' lang='grc' dir='ltr'><strong><em>δοκέει</em></strong></span> <span class='ocrx_word' id='word_1_314' title='bbox 1359 1605 1404 1654; x_wconf 80' lang='grc' dir='ltr'><strong>τί-</strong></span> 
     </span>
     <span class='ocr_line' id='line_1_60' title="bbox 861 1671 1404 1744; baseline -0.011 -15"><span class='ocrx_word' id='word_1_315' title='bbox 861 1697 918 1730; x_wconf 81' lang='grc' dir='ltr'><strong><em>σιν</em></strong></span> <span class='ocrx_word' id='word_1_316' title='bbox 940 1674 1074 1744; x_wconf 77' lang='grc' dir='ltr'><strong><em>ταύτην</em></strong></span> <span class='ocrx_word' id='word_1_317' title='bbox 1095 1672 1110 1728; x_wconf 89' lang='grc' dir='ltr'>ὁ</span> <span class='ocrx_word' id='word_1_318' title='bbox 1134 1671 1291 1741; x_wconf 69' lang='grc' dir='ltr'><strong><em>Κλεομένης</em></strong></span> <span class='ocrx_word' id='word_1_319' title='bbox 1308 1679 1404 1738; x_wconf 74' lang='lat' dir='ltr'><strong>Appu-</strong></span> 
     </span>
     <span class='ocr_line' id='line_1_61' title="bbox 860 1741 1405 1818; baseline -0.011 -19"><span class='ocrx_word' id='word_1_320' title='bbox 860 1745 935 1818; x_wconf 79' lang='grc' dir='ltr'><strong>(ιη’τῳ</strong></span> <span class='ocrx_word' id='word_1_321' title='bbox 947 1741 1062 1799; x_wconf 77' lang='grc' dir='ltr'><strong><em>ἐκτῖσαι.</em></strong></span> <span class='ocrx_word' id='word_1_322' title='bbox 1087 1748 1166 1801; x_wconf 87' lang='lat' dir='ltr'><strong>Cerri.</strong></span> <span class='ocrx_word' id='word_1_323' title='bbox 1181 1749 1262 1797; x_wconf 87' lang='lat' dir='ltr'><strong>etiam</strong></span> <span class='ocrx_word' id='word_1_324' title='bbox 1275 1745 1405 1795; x_wconf 76' lang='lat' dir='ltr'><strong>Helisaei-</strong></span> 
     </span>
     <span class='ocr_line' id='line_1_62' title="bbox 861 1815 1403 1884; baseline -0.015 -13"><span class='ocrx_word' id='word_1_325' title='bbox 861 1828 925 1872; x_wconf 87' lang='lat' dir='ltr'><strong>ster.</strong></span> <span class='ocrx_word' id='word_1_326' title='bbox 940 1821 957 1869; x_wconf 94' lang='lat' dir='ltr'><strong>l.</strong></span> <span class='ocrx_word' id='word_1_327' title='bbox 968 1819 985 1868; x_wconf 91' lang='lat' dir='ltr'><strong>l.</strong></span> <span class='ocrx_word' id='word_1_328' title='bbox 996 1835 1059 1884; x_wconf 86' lang='lat' dir='ltr'><strong>pag.</strong></span> <span class='ocrx_word' id='word_1_329' title='bbox 1075 1820 1105 1868; x_wconf 84' lang='lat'><strong>17</strong></span> <span class='ocrx_word' id='word_1_330' title='bbox 1117 1834 1173 1882; x_wconf 89' lang='lat' dir='ltr'><strong>seq.</strong></span> <span class='ocrx_word' id='word_1_331' title='bbox 1202 1817 1318 1866; x_wconf 89' lang='lat' dir='ltr'><strong>Videtur</strong></span> <span class='ocrx_word' id='word_1_332' title='bbox 1333 1815 1403 1864; x_wconf 89' lang='lat' dir='ltr'><strong>enim</strong></span> 
     </span>
     <span class='ocr_line' id='line_1_63' title="bbox 861 1886 1405 1951; baseline -0.015 -11"><span class='ocrx_word' id='word_1_333' title='bbox 861 1888 1015 1940; x_wconf 90' lang='lat' dir='ltr'><strong>Herodotus</strong></span> <span class='ocrx_word' id='word_1_334' title='bbox 1040 1903 1088 1948; x_wconf 90' lang='lat' dir='ltr'><strong>ea,</strong></span> <span class='ocrx_word' id='word_1_335' title='bbox 1117 1902 1187 1951; x_wconf 87' lang='lat' dir='ltr'><strong>quae</strong></span> <span class='ocrx_word' id='word_1_336' title='bbox 1210 1886 1243 1935; x_wconf 89' lang='lat' dir='ltr'><strong>de</strong></span> <span class='ocrx_word' id='word_1_337' title='bbox 1261 1886 1405 1935; x_wconf 83' lang='lat' dir='ltr'><strong>Cleomene</strong></span> 
     </span>
     <span class='ocr_line' id='line_1_64' title="bbox 862 1951 1404 2024; baseline -0.013 -14"><span class='ocrx_word' id='word_1_338' title='bbox 862 1967 946 2024; x_wconf 89' lang='lat' dir='ltr'><strong>atque</strong></span> <span class='ocrx_word' id='word_1_339' title='bbox 960 1958 1067 2022; x_wconf 82' lang='lat' dir='ltr'><strong>Argivis</strong></span> <span class='ocrx_word' id='word_1_340' title='bbox 1081 1951 1204 2018; x_wconf 75' lang='lat' dir='ltr'><strong>enarrat,</strong></span> <span class='ocrx_word' id='word_1_341' title='bbox 1219 1971 1278 2005; x_wconf 83' lang='lat' dir='ltr'><strong>eum</strong></span> <span class='ocrx_word' id='word_1_342' title='bbox 1292 1954 1327 2004; x_wconf 93' lang='lat' dir='ltr'><strong>ob</strong></span> <span class='ocrx_word' id='word_1_343' title='bbox 1342 1969 1404 2004; x_wconf 84' lang='lat' dir='ltr'><strong>esu-</strong></span> 
     </span>
     <span class='ocr_line' id='line_1_65' title="bbox 861 2026 1405 2090; baseline -0.013 -11"><span class='ocrx_word' id='word_1_344' title='bbox 861 2046 919 2080; x_wconf 86' lang='lat' dir='ltr'><strong>sam</strong></span> <span class='ocrx_word' id='word_1_345' title='bbox 933 2035 988 2076; x_wconf 85' lang='lat' dir='ltr'><strong>tanr</strong></span> <span class='ocrx_word' id='word_1_346' title='bbox 1005 2027 1147 2090; x_wconf 88' lang='lat' dir='ltr'><strong>diligenter</strong></span> <span class='ocrx_word' id='word_1_347' title='bbox 1164 2030 1191 2074; x_wconf 91' lang='lat' dir='ltr'><strong>et</strong></span> <span class='ocrx_word' id='word_1_348' title='bbox 1206 2026 1319 2088; x_wconf 86' lang='lat' dir='ltr'><strong>copiose</strong></span> <span class='ocrx_word' id='word_1_349' title='bbox 1332 2030 1405 2073; x_wconf 87' lang='lat' dir='ltr'><strong>retu·</strong></span> 
     </span>
     <span class='ocr_line' id='line_1_66' title="bbox 862 2094 1404 2161; baseline -0.015 -13"><span class='ocrx_word' id='word_1_350' title='bbox 862 2098 942 2161; x_wconf 90' lang='lat' dir='ltr'><strong>lisse,</strong></span> <span class='ocrx_word' id='word_1_351' title='bbox 965 2102 995 2147; x_wconf 91' lang='lat' dir='ltr'><strong>ut</strong></span> <span class='ocrx_word' id='word_1_352' title='bbox 1014 2098 1041 2145; x_wconf 93' lang='lat' dir='ltr'><strong>in</strong></span> <span class='ocrx_word' id='word_1_353' title='bbox 1057 2095 1199 2145; x_wconf 87' lang='lat' dir='ltr'><strong>Cleomene</strong></span> <span class='ocrx_word' id='word_1_354' title='bbox 1218 2098 1273 2144; x_wconf 88' lang='lat' dir='ltr'><strong>vim</strong></span> <span class='ocrx_word' id='word_1_355' title='bbox 1294 2094 1404 2144; x_wconf 85' lang='lat' dir='ltr'><strong>divinae</strong></span> 
     </span>
     <span class='ocr_line' id='line_1_67' title="bbox 863 2165 1405 2228; baseline -0.011 -11"><span class='ocrx_word' id='word_1_356' title='bbox 863 2168 937 2218; x_wconf 86' lang='lat' dir='ltr'><strong>illius</strong></span> <span class='ocrx_word' id='word_1_357' title='bbox 961 2167 1099 2216; x_wconf 83' lang='lat' dir='ltr'><strong>vindictae</strong></span> <span class='ocrx_word' id='word_1_358' title='bbox 1122 2165 1293 2228; x_wconf 90' lang='lat' dir='ltr'><strong>omniumque</strong></span> <span class='ocrx_word' id='word_1_359' title='bbox 1318 2177 1405 2213; x_wconf 89' lang='lat' dir='ltr'><strong>rerum</strong></span> 
     </span>
     <span class='ocr_line' id='line_1_68' title="bbox 865 2236 1407 2297; baseline -0.009 -11"><span class='ocrx_word' id='word_1_360' title='bbox 865 2236 1053 2287; x_wconf 82' lang='lat' dir='ltr'><strong>moderatricis</strong></span> <span class='ocrx_word' id='word_1_361' title='bbox 1076 2238 1302 2285; x_wconf 84' lang='lat' dir='ltr'><strong>commonstraret</strong></span> <span class='ocrx_word' id='word_1_362' title='bbox 1324 2239 1407 2297; x_wconf 84' lang='lat' dir='ltr'><strong>atque</strong></span> 
     </span>
     <span class='ocr_line' id='line_1_69' title="bbox 864 2303 1406 2373; baseline -0.007 -18"><span class='ocrx_word' id='word_1_363' title='bbox 864 2308 971 2370; x_wconf 83' lang='lat' dir='ltr'><strong>insigne</strong></span> <span class='ocrx_word' id='word_1_364' title='bbox 986 2310 1148 2370; x_wconf 88' lang='lat' dir='ltr'><strong>proponeret</strong></span> <span class='ocrx_word' id='word_1_365' title='bbox 1160 2303 1333 2373; x_wconf 53' lang='lat' dir='ltr'><strong>:exemplum</strong></span> <span class='ocrx_word' id='word_1_366' title='bbox 1353 2317 1406 2366; x_wconf 92' lang='lat' dir='ltr'><strong>quo</strong></span> 
     </span>
     <span class='ocr_line' id='line_1_70' title="bbox 865 2374 1407 2438; baseline -0.011 -13"><span class='ocrx_word' id='word_1_367' title='bbox 865 2375 944 2425; x_wconf 89' lang='lat' dir='ltr'><strong>modo</strong></span> <span class='ocrx_word' id='word_1_368' title='bbox 959 2391 1005 2424; x_wconf 89' lang='lat' dir='ltr'><strong>cos</strong></span> <span class='ocrx_word' id='word_1_369' title='bbox 1020 2374 1155 2438; x_wconf 87' lang='lat' dir='ltr'><strong>mortales,</strong></span> <span class='ocrx_word' id='word_1_370' title='bbox 1169 2374 1217 2438; x_wconf 89' lang='lat' dir='ltr'><strong>qui</strong></span> <span class='ocrx_word' id='word_1_371' title='bbox 1229 2377 1407 2437; x_wconf 75' lang='lat' dir='ltr'><strong>praesagant</strong></span> 
     </span>
     <span class='ocr_line' id='line_1_71' title="bbox 865 2441 1406 2508; baseline -0.007 -15"><span class='ocrx_word' id='word_1_372' title='bbox 865 2445 999 2508; x_wconf 84' lang='lat' dir='ltr'><strong>nimisque</strong></span> <span class='ocrx_word' id='word_1_373' title='bbox 1027 2443 1186 2507; x_wconf 87' lang='lat' dir='ltr'><strong>superbiant</strong></span> <span class='ocrx_word' id='word_1_374' title='bbox 1217 2457 1305 2507; x_wconf 89' lang='lat' dir='ltr'><strong>neque</strong></span> <span class='ocrx_word' id='word_1_375' title='bbox 1332 2441 1406 2507; x_wconf 82' lang='lat' dir='ltr'><strong>qnid-</strong></span> 
     </span>
     <span class='ocr_line' id='line_1_72' title="bbox 864 2511 1406 2578; baseline -0.007 -15"><span class='ocrx_word' id='word_1_376' title='bbox 864 2529 944 2578; x_wconf 86' lang='lat' dir='ltr'><strong>quam</strong></span> <span class='ocrx_word' id='word_1_377' title='bbox 968 2515 1045 2577; x_wconf 80' lang='lat' dir='ltr'><strong>pensi</strong></span> <span class='ocrx_word' id='word_1_378' title='bbox 1064 2514 1185 2563; x_wconf 87' lang='lat' dir='ltr'><strong>habeant</strong></span> <span class='ocrx_word' id='word_1_379' title='bbox 1202 2511 1297 2561; x_wconf 74' lang='lat' dir='ltr'><strong>divine</strong></span> <span class='ocrx_word' id='word_1_380' title='bbox 1325 2519 1406 2575; x_wconf 88' lang='lat' dir='ltr'><strong>atque</strong></span> 
     </span>
     <span class='ocr_line' id='line_1_73' title="bbox 866 2581 1406 2647; baseline -0.006 -14"><span class='ocrx_word' id='word_1_381' title='bbox 866 2584 984 2633; x_wconf 88' lang='lat' dir='ltr'><strong>bumana</strong></span> <span class='ocrx_word' id='word_1_382' title='bbox 1000 2584 1209 2647; x_wconf 87' lang='lat' dir='ltr'><strong>permiscentes,</strong></span> <span class='ocrx_word' id='word_1_383' title='bbox 1227 2597 1327 2632; x_wconf 88' lang='lat' dir='ltr'><strong>numen</strong></span> <span class='ocrx_word' id='word_1_384' title='bbox 1340 2581 1406 2631; x_wconf 86' lang='lat' dir='ltr'><strong>diri·</strong></span> 
     </span>
     <span class='ocr_line' id='line_1_74' title="bbox 867 2653 1406 2718; baseline -0.006 -16"><span class='ocrx_word' id='word_1_385' title='bbox 867 2669 929 2702; x_wconf 89' lang='lat' dir='ltr'><strong>num</strong></span> <span class='ocrx_word' id='word_1_386' title='bbox 943 2658 1105 2717; x_wconf 77' lang='lat' dir='ltr'><strong>assequatur</strong></span> <span class='ocrx_word' id='word_1_387' title='bbox 1115 2660 1198 2718; x_wconf 90' lang='lat' dir='ltr'><strong>atque</strong></span> <span class='ocrx_word' id='word_1_388' title='bbox 1207 2656 1328 2717; x_wconf 85' lang='lat' dir='ltr'><strong>proruat.</strong></span> <span class='ocrx_word' id='word_1_389' title='bbox 1353 2653 1406 2701; x_wconf 86' lang='lat' dir='ltr'><strong>lta-</strong></span> 
     </span>
     <span class='ocr_line' id='line_1_75' title="bbox 867 2721 1406 2788; baseline -0.009 -16"><span class='ocrx_word' id='word_1_390' title='bbox 867 2737 919 2787; x_wconf 86' lang='lat' dir='ltr'><strong>que</strong></span> <span class='ocrx_word' id='word_1_391' title='bbox 930 2724 958 2771; x_wconf 90' lang='lat' dir='ltr'><strong>in</strong></span> <span class='ocrx_word' id='word_1_392' title='bbox 968 2722 1118 2785; x_wconf 88' lang='lat' dir='ltr'><strong>Cleomene,</strong></span> <span class='ocrx_word' id='word_1_393' title='bbox 1130 2724 1177 2788; x_wconf 91' lang='lat' dir='ltr'><strong>qui</strong></span> <span class='ocrx_word' id='word_1_394' title='bbox 1186 2737 1270 2787; x_wconf 84' lang='lat' dir='ltr'><strong>prave</strong></span> <span class='ocrx_word' id='word_1_395' title='bbox 1282 2722 1359 2770; x_wconf 86' lang='lat' dir='ltr'><strong>faeta</strong></span> <span class='ocrx_word' id='word_1_396' title='bbox 1370 2721 1406 2768; x_wconf 88' lang='lat' dir='ltr'><strong>in-</strong></span> 
     </span>
     <span class='ocr_line' id='line_1_76' title="bbox 868 2791 1407 2857; baseline -0.011 -14"><span class='ocrx_word' id='word_1_397' title='bbox 868 2793 945 2843; x_wconf 77' lang='lat' dir='ltr'><strong>sanie</strong></span> <span class='ocrx_word' id='word_1_398' title='bbox 958 2791 1009 2840; x_wconf 88' lang='lat' dir='ltr'><strong>luit</strong></span> <span class='ocrx_word' id='word_1_399' title='bbox 1026 2807 1212 2857; x_wconf 85' lang='lat' dir='ltr'><strong>summamque</strong></span> <span class='ocrx_word' id='word_1_400' title='bbox 1226 2792 1255 2842; x_wconf 92' lang='lat' dir='ltr'><strong>in</strong></span> <span class='ocrx_word' id='word_1_401' title='bbox 1266 2791 1407 2841; x_wconf 83' lang='lat' dir='ltr'><strong>calamita-</strong></span> 
     </span>
     <span class='ocr_line' id='line_1_77' title="bbox 867 2859 1407 2926; baseline -0.006 -15"><span class='ocrx_word' id='word_1_402' title='bbox 867 2867 922 2911; x_wconf 89' lang='lat' dir='ltr'><strong>tem</strong></span> <span class='ocrx_word' id='word_1_403' title='bbox 933 2861 1039 2922; x_wconf 89' lang='lat' dir='ltr'><strong>incidit,</strong></span> <span class='ocrx_word' id='word_1_404' title='bbox 1052 2861 1124 2912; x_wconf 88' lang='lat' dir='ltr'><strong>idem</strong></span> <span class='ocrx_word' id='word_1_405' title='bbox 1135 2861 1264 2921; x_wconf 89' lang='lat' dir='ltr'><strong>ostendit,</strong></span> <span class='ocrx_word' id='word_1_406' title='bbox 1279 2859 1351 2926; x_wconf 91' lang='lat' dir='ltr'><strong>quod</strong></span> <span class='ocrx_word' id='word_1_407' title='bbox 1362 2875 1407 2924; x_wconf 91' lang='lat' dir='ltr'><strong>pro</strong></span> 
     </span>
     <span class='ocr_line' id='line_1_78' title="bbox 868 2929 1407 2995; baseline -0.011 -14"><span class='ocrx_word' id='word_1_408' title='bbox 868 2932 958 2995; x_wconf 90' lang='lat' dir='ltr'><strong>operia</strong></span> <span class='ocrx_word' id='word_1_409' title='bbox 982 2932 1104 2995; x_wconf 87' lang='lat' dir='ltr'><strong>suscepti</strong></span> <span class='ocrx_word' id='word_1_410' title='bbox 1128 2930 1242 2982; x_wconf 88' lang='lat' dir='ltr'><strong>consilio</strong></span> <span class='ocrx_word' id='word_1_411' title='bbox 1264 2933 1292 2980; x_wconf 93' lang='lat' dir='ltr'><strong>in</strong></span> <span class='ocrx_word' id='word_1_412' title='bbox 1315 2929 1407 2978; x_wconf 81' lang='lat' dir='ltr'><strong>Croesi</strong></span> 
     </span>
     <span class='ocr_line' id='line_1_79' title="bbox 869 2998 1407 3073; baseline -0.004 -24"><span class='ocrx_word' id='word_1_413' title='bbox 869 2999 970 3063; x_wconf 79' lang='lat'><strong>(1,3·2),</strong></span> <span class='ocrx_word' id='word_1_414' title='bbox 984 3000 1048 3062; x_wconf 73' lang='lat' dir='ltr'><strong>Cyri</strong></span> <span class='ocrx_word' id='word_1_415' title='bbox 1060 3000 1094 3063; x_wconf 89' lang='grc' dir='ltr'><strong>(Ι,</strong></span> <span class='ocrx_word' id='word_1_416' title='bbox 1103 3000 1176 3065; x_wconf 78' lang='lat'><strong>204),</strong></span> <span class='ocrx_word' id='word_1_417' title='bbox 1188 3000 1333 3073; x_wconf 75' lang='lat' dir='ltr'><strong>Cambysis</strong></span> <span class='ocrx_word' id='word_1_418' title='bbox 1344 2998 1407 3063; x_wconf 89' lang='lat' dir='ltr'><strong>(Ill,</strong></span> 
     </span>
     <span class='ocr_line' id='line_1_80' title="bbox 869 3068 1476 3134; baseline -0.008 -14"><span class='ocrx_word' id='word_1_419' title='bbox 869 3070 931 3134; x_wconf 71' lang='lat' dir='ltr'><strong>oe),</strong></span> <span class='ocrx_word' id='word_1_420' title='bbox 944 3069 1099 3132; x_wconf 86' lang='lat' dir='ltr'><strong>Polycratis</strong></span> <span class='ocrx_word' id='word_1_421' title='bbox 1113 3069 1183 3133; x_wconf 87' lang='grc' dir='ltr'>(ΙΙΙ,</span> <span class='ocrx_word' id='word_1_422' title='bbox 1196 3069 1239 3120; x_wconf 70' lang='grc'><strong>40.</strong></span> <span class='ocrx_word' id='word_1_423' title='bbox 1258 3068 1331 3132; x_wconf 84' lang='grc'>108),</span> <span class='ocrx_word' id='word_1_424' title='bbox 1343 3068 1409 3118; x_wconf 88' lang='lat' dir='ltr'><strong>alio·</strong></span> <span class='ocrx_word' id='word_1_425' title='bbox 1467 3096 1476 3115; x_wconf 75' lang='grc' dir='ltr'><strong><em>ι</em></strong></span> 
     </span>
     <span class='ocr_line' id='line_1_81' title="bbox 869 3138 1409 3203; baseline -0.007 -14"><span class='ocrx_word' id='word_1_426' title='bbox 869 3155 928 3189; x_wconf 88' lang='lat' dir='ltr'><strong>rum</strong></span> <span class='ocrx_word' id='word_1_427' title='bbox 946 3139 1001 3201; x_wconf 81' lang='grc' dir='ltr'>(ΙΙ,</span> <span class='ocrx_word' id='word_1_428' title='bbox 1018 3138 1075 3191; x_wconf 81' lang='lat'>115.</span> <span class='ocrx_word' id='word_1_429' title='bbox 1094 3139 1151 3189; x_wconf 77' lang='lat'>120.</span> <span class='ocrx_word' id='word_1_430' title='bbox 1172 3140 1226 3200; x_wconf 90' lang='lat' dir='ltr'><strong>IV,</strong></span> <span class='ocrx_word' id='word_1_431' title='bbox 1245 3140 1297 3188; x_wconf 76' lang='lat'><strong>205</strong></span> <span class='ocrx_word' id='word_1_432' title='bbox 1317 3139 1409 3203; x_wconf 83' lang='lat' dir='ltr'><strong>ibique</strong></span> 
     </span>
     <span class='ocr_line' id='line_1_82' title="bbox 869 3207 1409 3271; baseline -0.007 -12"><span class='ocrx_word' id='word_1_433' title='bbox 869 3207 953 3271; x_wconf 85' lang='lat' dir='ltr'><strong>nott.)</strong></span> <span class='ocrx_word' id='word_1_434' title='bbox 973 3208 1052 3257; x_wconf 88' lang='lat' dir='ltr'><strong>rebus</strong></span> <span class='ocrx_word' id='word_1_435' title='bbox 1070 3214 1222 3257; x_wconf 87' lang='lat' dir='ltr'><strong>monstrare</strong></span> <span class='ocrx_word' id='word_1_436' title='bbox 1236 3207 1409 3257; x_wconf 88' lang='lat' dir='ltr'><strong>mortalibus·</strong></span> 
     </span>
     <span class='ocr_line' id='line_1_83' title="bbox 870 3277 1409 3343; baseline -0.004 -16"><span class='ocrx_word' id='word_1_437' title='bbox 870 3293 922 3343; x_wconf 92' lang='lat' dir='ltr'><strong>que</strong></span> <span class='ocrx_word' id='word_1_438' title='bbox 939 3293 1091 3341; x_wconf 90' lang='lat' dir='ltr'><strong>proponere</strong></span> <span class='ocrx_word' id='word_1_439' title='bbox 1112 3278 1225 3330; x_wconf 86' lang='lat' dir='ltr'><strong>studuit.</strong></span> <span class='ocrx_word' id='word_1_440' title='bbox 1263 3278 1304 3327; x_wconf 82' lang='lat' dir='ltr'><strong>ad</strong></span> <span class='ocrx_word' id='word_1_441' title='bbox 1324 3277 1409 3341; x_wconf 89' lang='lat' dir='ltr'><strong>ipssrn</strong></span> 
     </span>
     <span class='ocr_line' id='line_1_84' title="bbox 870 3337 1411 3410; baseline 0 -15"><span class='ocrx_word' id='word_1_442' title='bbox 870 3337 1411 3410; x_wconf 68' lang='lat' dir='ltr'><strong>locutionemtntmpovi&#39;ovsimiliaeon-</strong></span> 
     </span>
     <span class='ocr_line' id='line_1_85' title="bbox 871 3417 1409 3480; baseline -0.002 -15"><span class='ocrx_word' id='word_1_443' title='bbox 871 3417 1005 3479; x_wconf 86' lang='lat' dir='ltr'><strong>lerantur,</strong></span> <span class='ocrx_word' id='word_1_444' title='bbox 1019 3432 1089 3480; x_wconf 88' lang='lat' dir='ltr'><strong>quae</strong></span> <span class='ocrx_word' id='word_1_445' title='bbox 1101 3417 1255 3466; x_wconf 85' lang='lat' dir='ltr'><strong>notavimus</strong></span> <span class='ocrx_word' id='word_1_446' title='bbox 1268 3417 1304 3466; x_wconf 87' lang='lat' dir='ltr'><strong>ad</strong></span> <span class='ocrx_word' id='word_1_447' title='bbox 1315 3417 1338 3477; x_wconf 90' lang='lat'><strong>1,</strong></span> <span class='ocrx_word' id='word_1_448' title='bbox 1351 3417 1409 3466; x_wconf 80' lang='lat' dir='ltr'><strong>lto.</strong></span> 
     </span>
     <span class='ocr_line' id='line_1_86' title="bbox 871 3475 1410 3550; baseline -0.002 -15"><span class='ocrx_word' id='word_1_449' title='bbox 871 3486 924 3543; x_wconf 86' lang='grc' dir='ltr'>ΙΙΙ,</span> <span class='ocrx_word' id='word_1_450' title='bbox 937 3486 993 3536; x_wconf 78' lang='grc'><strong>155.</strong></span> <span class='ocrx_word' id='word_1_451' title='bbox 1023 3486 1068 3536; x_wconf 86' lang='lat' dir='ltr'><strong>Sic</strong></span> <span class='ocrx_word' id='word_1_452' title='bbox 1080 3475 1109 3534; x_wconf 84' lang='grc' dir='ltr'><strong>έκ</strong></span> <span class='ocrx_word' id='word_1_453' title='bbox 1122 3483 1194 3534; x_wconf 80' lang='grc' dir='ltr'><strong><em>θεοῦ</em></strong></span> <span class='ocrx_word' id='word_1_454' title='bbox 1205 3487 1277 3550; x_wconf 91' lang='lat' dir='ltr'><strong>apud</strong></span> <span class='ocrx_word' id='word_1_455' title='bbox 1285 3485 1410 3550; x_wconf 75' lang='lat' dir='ltr'><strong>Aeschyl.</strong></span> 
     </span>
     <span class='ocr_line' id='line_1_87' title="bbox 869 3554 1411 3620; baseline -0.002 -15"><span class='ocrx_word' id='word_1_456' title='bbox 869 3556 1061 3620; x_wconf 75' lang='lat' dir='ltr'><strong>indgamemn.</strong></span> <span class='ocrx_word' id='word_1_457' title='bbox 1073 3557 1123 3606; x_wconf 80' lang='lat'><strong>714</strong></span> <span class='ocrx_word' id='word_1_458' title='bbox 1138 3555 1180 3605; x_wconf 87' lang='lat' dir='ltr'><strong>ed.</strong></span> <span class='ocrx_word' id='word_1_459' title='bbox 1191 3554 1337 3606; x_wconf 85' lang='lat' dir='ltr'><strong>Blorniield.</strong></span> <span class='ocrx_word' id='word_1_460' title='bbox 1357 3556 1411 3606; x_wconf 87' lang='lat' dir='ltr'><strong>Vo-</strong></span> 
     </span>
     <span class='ocr_line' id='line_1_88' title="bbox 870 3617 1409 3690; baseline -0.002 -15"><span class='ocrx_word' id='word_1_461' title='bbox 870 3640 928 3675; x_wconf 88' lang='lat' dir='ltr'><strong>eem</strong></span> <span class='ocrx_word' id='word_1_462' title='bbox 944 3617 1144 3688; x_wconf 74' lang='grc' dir='ltr'><strong><em>ἀκρητοπότην</em></strong></span> <span class='ocrx_word' id='word_1_463' title='bbox 1156 3625 1297 3690; x_wconf 77' lang='lat' dir='ltr'><strong>(ebriosum,</strong></span> <span class='ocrx_word' id='word_1_464' title='bbox 1311 3626 1409 3689; x_wconf 82' lang='lat' dir='ltr'><strong>quime-</strong></span> 
     </span>
     <span class='ocr_line' id='line_1_89' title="bbox 870 3694 1411 3759; baseline -0.004 -15"><span class='ocrx_word' id='word_1_465' title='bbox 870 3711 922 3744; x_wconf 86' lang='lat' dir='ltr'><strong>rum</strong></span> <span class='ocrx_word' id='word_1_466' title='bbox 936 3703 1009 3757; x_wconf 81' lang='lat' dir='ltr'><strong>potat</strong></span> <span class='ocrx_word' id='word_1_467' title='bbox 1029 3694 1117 3759; x_wconf 80' lang='lat' dir='ltr'><strong>visura)</strong></span> <span class='ocrx_word' id='word_1_468' title='bbox 1137 3710 1169 3745; x_wconf 83' lang='lat' dir='ltr'><strong>ex</strong></span> <span class='ocrx_word' id='word_1_469' title='bbox 1189 3695 1327 3745; x_wconf 86' lang='lat' dir='ltr'><strong>Herodoto</strong></span> <span class='ocrx_word' id='word_1_470' title='bbox 1342 3695 1411 3744; x_wconf 89' lang='lat' dir='ltr'><strong>citat</strong></span> 
     </span>
     <span class='ocr_line' id='line_1_90' title="bbox 870 3763 1411 3828; baseline -0.004 -14"><span class='ocrx_word' id='word_1_471' title='bbox 870 3765 966 3815; x_wconf 83' lang='lat' dir='ltr'><strong>Pollux</strong></span> <span class='ocrx_word' id='word_1_472' title='bbox 982 3764 1034 3823; x_wconf 85' lang='lat' dir='ltr'><strong>VI,</strong></span> <span class='ocrx_word' id='word_1_473' title='bbox 1050 3765 1083 3813; x_wconf 81' lang='lat'><strong>25</strong></span> <span class='ocrx_word' id='word_1_474' title='bbox 1104 3763 1166 3813; x_wconf 86' lang='lat' dir='ltr'><strong>coll.</strong></span> <span class='ocrx_word' id='word_1_475' title='bbox 1182 3764 1280 3814; x_wconf 80' lang='lat' dir='ltr'><strong>Athen.</strong></span> <span class='ocrx_word' id='word_1_476' title='bbox 1296 3764 1330 3814; x_wconf 87' lang='lat' dir='ltr'><strong>X.</strong></span> <span class='ocrx_word' id='word_1_477' title='bbox 1349 3779 1411 3828; x_wconf 84' lang='lat' dir='ltr'><strong>pag.</strong></span> 
     </span>
     <span class='ocr_line' id='line_1_91' title="bbox 869 3832 1412 3884; baseline -0.006 0"><span class='ocrx_word' id='word_1_478' title='bbox 869 3834 959 3884; x_wconf 74' lang='lat'>4273.</span> <span class='ocrx_word' id='word_1_479' title='bbox 967 3834 997 3882; x_wconf 85' lang='lat' dir='ltr'><strong>C.</strong></span> <span class='ocrx_word' id='word_1_480' title='bbox 1010 3833 1100 3883; x_wconf 65' lang='lat'><strong>4363.</strong></span> <span class='ocrx_word' id='word_1_481' title='bbox 1109 3836 1140 3882; x_wconf 79' lang='lat' dir='ltr'><strong>F.</strong></span> <span class='ocrx_word' id='word_1_482' title='bbox 1167 3833 1233 3884; x_wconf 89' lang='lat' dir='ltr'><strong>lude</strong></span> <span class='ocrx_word' id='word_1_483' title='bbox 1243 3832 1356 3884; x_wconf 84' lang='lat' dir='ltr'><strong>ductum</strong></span> <span class='ocrx_word' id='word_1_484' title='bbox 1366 3849 1412 3882; x_wconf 90' lang='lat' dir='ltr'><strong>no·</strong></span> 
     </span>
     <span class='ocr_line' id='line_1_92' title="bbox 871 3894 1411 3966; baseline -0.002 -14"><span class='ocrx_word' id='word_1_485' title='bbox 871 3918 931 3952; x_wconf 89' lang='lat' dir='ltr'><strong>men</strong></span> <span class='ocrx_word' id='word_1_486' title='bbox 943 3894 1158 3966; x_wconf 75' lang='grc' dir='ltr'><strong><em>ἀκρητοποσίην</em></strong></span> <span class='ocrx_word' id='word_1_487' title='bbox 1169 3918 1230 3952; x_wconf 88' lang='lat' dir='ltr'><strong>cnm</strong></span> <span class='ocrx_word' id='word_1_488' title='bbox 1241 3903 1305 3953; x_wconf 87' lang='lat' dir='ltr'><strong>eliis</strong></span> <span class='ocrx_word' id='word_1_489' title='bbox 1316 3902 1411 3952; x_wconf 89' lang='lat' dir='ltr'><strong>simili·</strong></span> 
     </span>
     <span class='ocr_line' id='line_1_93' title="bbox 869 3972 1412 4022; baseline -0.004 0"><span class='ocrx_word' id='word_1_490' title='bbox 869 3973 919 4022; x_wconf 88' lang='lat' dir='ltr'><strong>bus</strong></span> <span class='ocrx_word' id='word_1_491' title='bbox 942 3972 1061 4022; x_wconf 87' lang='lat' dir='ltr'><strong>eiusdem</strong></span> <span class='ocrx_word' id='word_1_492' title='bbox 1085 3972 1258 4022; x_wconf 81' lang='lat' dir='ltr'><strong>formationis</strong></span> <span class='ocrx_word' id='word_1_493' title='bbox 1279 3974 1412 4021; x_wconf 88' lang='lat' dir='ltr'><strong>tractavit</strong></span> 
     </span>
     <span class='ocr_line' id='line_1_94' title="bbox 870 4041 1412 4106; baseline 0.004 -16"><span class='ocrx_word' id='word_1_494' title='bbox 870 4041 1323 4106; x_wconf 70' lang='lat' dir='ltr'><strong>Loheckadrhrynich.pagett.</strong></span> <span class='ocrx_word' id='word_1_495' title='bbox 1333 4041 1412 4104; x_wconf 84' lang='lat' dir='ltr'><strong>Quod</strong></span> 
     </span>
     <span class='ocr_line' id='line_1_95' title="bbox 870 4110 1411 4174; baseline 0.002 -15"><span class='ocrx_word' id='word_1_496' title='bbox 870 4111 905 4160; x_wconf 91' lang='lat' dir='ltr'><strong>ad</strong></span> <span class='ocrx_word' id='word_1_497' title='bbox 922 4119 1111 4174; x_wconf 82' lang='lat' dir='ltr'><strong>argumentum</strong></span> <span class='ocrx_word' id='word_1_498' title='bbox 1130 4112 1245 4173; x_wconf 82' lang='lat' dir='ltr'><strong>attinet,</strong></span> <span class='ocrx_word' id='word_1_499' title='bbox 1265 4110 1411 4161; x_wconf 90' lang='lat' dir='ltr'><strong>tenendum</strong></span> 
     </span>
     <span class='ocr_line' id='line_1_96' title="bbox 870 4182 1411 4245; baseline -0.004 -14"><span class='ocrx_word' id='word_1_500' title='bbox 870 4185 927 4243; x_wconf 90' lang='lat' dir='ltr'><strong>est,</strong></span> <span class='ocrx_word' id='word_1_501' title='bbox 953 4182 1073 4231; x_wconf 84' lang='lat' dir='ltr'><strong>Graecus</strong></span> <span class='ocrx_word' id='word_1_502' title='bbox 1088 4182 1180 4231; x_wconf 85' lang='lat' dir='ltr'><strong>vinum</strong></span> <span class='ocrx_word' id='word_1_503' title='bbox 1201 4182 1272 4245; x_wconf 73' lang='lat' dir='ltr'><strong>aqut</strong></span> <span class='ocrx_word' id='word_1_504' title='bbox 1296 4182 1411 4230; x_wconf 80' lang='lat' dir='ltr'><strong>mixtum</strong></span> 
     </span>
     <span class='ocr_line' id='line_1_97' title="bbox 870 4249 1410 4315; baseline 0.002 -15"><span class='ocrx_word' id='word_1_505' title='bbox 870 4266 929 4300; x_wconf 88' lang='lat' dir='ltr'><strong>cum</strong></span> <span class='ocrx_word' id='word_1_506' title='bbox 949 4249 1105 4315; x_wconf 88' lang='lat' dir='ltr'><strong>plerumque</strong></span> <span class='ocrx_word' id='word_1_507' title='bbox 1128 4254 1280 4311; x_wconf 87' lang='lat' dir='ltr'><strong>sumerent,</strong></span> <span class='ocrx_word' id='word_1_508' title='bbox 1300 4266 1317 4299; x_wconf 91' lang='lat' dir='ltr'><strong>a</strong></span> <span class='ocrx_word' id='word_1_509' title='bbox 1337 4266 1410 4301; x_wconf 89' lang='lat' dir='ltr'><strong>mero</strong></span> 
     </span>
     <span class='ocr_line' id='line_1_98' title="bbox 869 4319 1411 4385; baseline 0.004 -17"><span class='ocrx_word' id='word_1_510' title='bbox 869 4320 933 4370; x_wconf 83' lang='lat' dir='ltr'><strong>vino</strong></span> <span class='ocrx_word' id='word_1_511' title='bbox 945 4321 986 4371; x_wconf 86' lang='lat' dir='ltr'><strong>sic</strong></span> <span class='ocrx_word' id='word_1_512' title='bbox 997 4319 1167 4381; x_wconf 89' lang='lat' dir='ltr'><strong>abhoruisse,</strong></span> <span class='ocrx_word' id='word_1_513' title='bbox 1181 4325 1211 4369; x_wconf 89' lang='lat' dir='ltr'><strong>ut</strong></span> <span class='ocrx_word' id='word_1_514' title='bbox 1224 4320 1348 4370; x_wconf 85' lang='lat' dir='ltr'><strong>barbaris</strong></span> <span class='ocrx_word' id='word_1_515' title='bbox 1364 4336 1411 4385; x_wconf 92' lang='lat' dir='ltr'><strong>po-</strong></span> 
     </span>
     <span class='ocr_line' id='line_1_99' title="bbox 869 4389 1411 4454; baseline 0.002 -16"><span class='ocrx_word' id='word_1_516' title='bbox 869 4390 924 4440; x_wconf 88' lang='lat' dir='ltr'><strong>tius</strong></span> <span class='ocrx_word' id='word_1_517' title='bbox 941 4389 992 4438; x_wconf 90' lang='lat' dir='ltr'><strong>hoc</strong></span> <span class='ocrx_word' id='word_1_518' title='bbox 1008 4389 1159 4439; x_wconf 88' lang='lat' dir='ltr'><strong>tribuerent</strong></span> <span class='ocrx_word' id='word_1_519' title='bbox 1177 4396 1261 4454; x_wconf 89' lang='lat' dir='ltr'><strong>atque</strong></span> <span class='ocrx_word' id='word_1_520' title='bbox 1275 4389 1411 4440; x_wconf 87' lang='lat' dir='ltr'><strong>Zaleucus</strong></span> 
     </span>
     <span class='ocr_line' id='line_1_100' title="bbox 868 4457 1411 4526; baseline 0.002 -18"><span class='ocrx_word' id='word_1_521' title='bbox 868 4460 936 4509; x_wconf 88' lang='lat' dir='ltr'><strong>adeo</strong></span> <span class='ocrx_word' id='word_1_522' title='bbox 956 4464 1041 4509; x_wconf 89' lang='lat' dir='ltr'><strong>morte</strong></span> <span class='ocrx_word' id='word_1_523' title='bbox 1063 4460 1155 4522; x_wconf 88' lang='lat' dir='ltr'><strong>puniri</strong></span> <span class='ocrx_word' id='word_1_524' title='bbox 1175 4457 1258 4511; x_wconf 87' lang='lat' dir='ltr'><strong>vellet</strong></span> <span class='ocrx_word' id='word_1_525' title='bbox 1276 4474 1338 4522; x_wconf 88' lang='lat' dir='ltr'><strong>eos,</strong></span> <span class='ocrx_word' id='word_1_526' title='bbox 1363 4461 1411 4526; x_wconf 89' lang='lat' dir='ltr'><strong>qui</strong></span> 
     </span>
    </p>
   </div>
   <div class='ocr_carea' id='block_1_9' title="bbox 0 0 1572 5175">
    <p class='ocr_par' dir='ltr' id='par_1_9' title="bbox 0 0 1572 5175">
     <span class='ocr_line' id='line_1_101' title="bbox 0 0 1572 5175; baseline 0 0"><span class='ocrx_word' id='word_1_527' title='bbox 0 0 1572 5175; x_wconf 95' lang='lat' dir='ltr'><strong> </strong></span> 
     </span>
    </p>
   </div>
  </div>
 </body>
</html>
