3100 5175
1519 8 1533 230 l

181 531 184 538 ,
284 449 346 512 sse
721 443 990 505 nnaenorr
1526 331 1539 726 1

285 620 508 712 καταγνόντες
535 618 608 690 κατ’
632 624 731 707 {perh
759 617 825 706 ἐγώ
855 615 919 707 γὰρ
946 619 1002 687 καὶ
1030 614 1129 696 αὐτὸς
1148 619 1204 685 ἐπὶ
1224 614 1363 684 τοσοῦτό
1384 643 1421 701 γε

286 730 437 817 φρονέω,
457 733 516 795 καί
535 753 590 814 μοι
614 727 651 793 ἐκ
670 726 825 812 βασιλέος
847 711 913 792 ὦδε
932 724 1144 791 ἐπέσταλται·
1179 724 1216 788 ἐν
1236 709 1256 808 ᾖ
1279 720 1369 807 χώρη
1390 724 1424 787 oi

287 832 348 902 δύο
370 832 445 901 θεοὶ
466 832 638 917 ἐγένοντο,
659 827 786 915 ταύτην
805 827 911 915 μηδὲν
931 833 1105 910 σίνεσθαι,
1134 822 1215 912 μήτε
1235 819 1342 909 αὐτὴν
1361 821 1421 912 τὴν

286 935 400 1024 χώρην
419 934 502 1024 μήτε
522 931 600 1013 τούς
621 930 795 1019 οἰκήτορας
817 928 929 1017 αὐτῆς.
959 935 1024 998 νῦν
1048 921 1096 998 ὧν
1116 930 1172 996 καλ
1192 925 1288 996 ἄπιτε
1309 929 1362 996 ἐπὶ
1383 926 1422 994 τὰ

286 1037 431 1128 ὑμέτερα
445 1035 573 1122 αὐτῶν,
587 1037 642 1103 καὶ
656 1032 717 1122 τὴν
733 1040 838 1122 νῆσον
855 1036 1011 1121 νέμεσθε.
1057 1037 1167 1101 Ταῦτα
1182 1032 1243 1119 μὲν
1258 1036 1421 1118 ἐπεκηρυ-

286 1134 431 1213 κεύσατο
441 1157 525 1214 τοῖσι
540 1147 711 1229 Δηλίοισι·
733 1136 814 1228 μετὰ
830 1138 866 1207 δὲ
882 1143 1071 1225 λιβανωτοῦ
1086 1135 1258 1225 τριηκόσια
1273 1134 1415 1203 τάλαντα
1424 1142 1469 1192 483

287 1315 450 1362 consecrata
466 1307 598 1376 (Apollini
614 1312 698 1371 atque
711 1305 830 1370 Dianae)
883 1305 985 1357 Eodem
1014 1304 1093 1354 modo
1116 1304 1222 1354 locutus
1241 1302 1370 1354 Aeschin.
1397 1303 1422 1351 in

288 1375 786 1446 eaqueinsulaesanctitasnonaolum
796 1375 831 1424 ad
882 1376 996 1427 Axioch.
1015 1374 1048 1439 [ξ.
1062 1372 1115 1438 Ιῖ.]
1130 1389 1192 1439 pag.
1206 1372 1253 1422 160
1268 1371 1305 1437 [p.
1319 1369 1424 1435 3il.h]‚

289 1453 506 1516 ipsemecum,
526 1448 718 1499 verumetiam
732 1446 766 1496 ad
779 1452 831 1495 ter·
881 1462 961 1510 quem
981 1445 1061 1494 affert
1079 1442 1211 1494 Valcken.
1235 1442 1326 1493 citant
1350 1459 1425 1507 prae-

288 1538 335 1572 rae
350 1520 456 1572 incolas
473 1519 633 1584 spectabat,
648 1518 696 1581 qui
712 1515 775 1566 inde
793 1509 831 1564 ἵε·
883 1523 957 1567 terea
969 1515 1039 1564 hane
1052 1514 1079 1563 in
1094 1528 1148 1562 rem
1164 1512 1309 1577 spanhem.
1325 1513 1353 1562 in
1364 1512 1425 1561 Cal-

288 1585 335 1653 pol
357 1591 529 1641 vocabantur
546 1592 635 1651 tatque
658 1584 832 1636 inviolabiles
882 1583 991 1636 limach.
1004 1586 1038 1633 H.
1054 1584 1081 1632 in
1091 1582 1152 1633 Del.
1165 1583 1227 1644 255,
1240 1585 1286 1648 qui
1300 1582 1333 1631 de
1345 1580 1426 1646 Apol·

288 1660 468 1710 habebantur.
494 1659 617 1708 Pertinet
628 1657 681 1707 hue
693 1655 832 1719 Thucydi·
881 1655 936 1706 linc
952 1660 979 1706 et
994 1655 1087 1704 Diana
1103 1653 1131 1702 in
1145 1653 1227 1715 Delo,
1247 1657 1277 1701 ut
1290 1651 1366 1701 sama
1386 1652 1424 1700 te-

290 1731 332 1780 dis
346 1728 422 1778 locus
434 1728 486 1792 ΙΙΙ,
499 1728 678 1791 mittamque
690 1725 769 1787 alter,
786 1725 831 1789 qui
882 1726 974 1785 rebat,
992 1724 1020 1772 in
1031 1722 1118 1772 lucem
1139 1721 1220 1773 editis
1232 1721 1356 1786 pluribus
1374 1721 1426 1770 dis·

290 1804 381 1849 exstat
394 1799 425 1858 V,
444 1798 472 1858 1,
490 1798 536 1847 ubi
545 1791 692 1860 Ἀθηναῖοι
707 1790 833 1858 Δηλίους
882 1796 1006 1861 putarit:
1026 1792 1098 1843 unda
1110 1791 1214 1843 insulae
1228 1791 1376 1852 sanctitas,
1394 1791 1426 1840 de

289 1860 448 1933 ἀνέστησαν
470 1858 500 1915 ἐκ
524 1858 635 1930 Δήλου,
658 1856 833 1929 ἡγησάμενοι
883 1880 936 1930 qua
948 1863 1029 1928 paulo
1046 1865 1128 1912 antea
1141 1862 1304 1911 monuimus.
1326 1861 1369 1910 Ad
1385 1877 1425 1920 ea,

290 1934 361 1987 κατὰ
376 1931 503 1986 παλαιάν
520 1951 584 1985 τινα
602 1929 698 1984 αἰτίαν
718 1934 763 1997 (de
779 1949 833 1999 qna
885 1950 954 2001 quac
970 1933 1003 1984 de
1015 1933 1110 1982 Persis
1122 1930 1148 1980 h.
1165 1930 1183 1980 l.
1197 1936 1292 1981 narrat
1303 1931 1426 1982 llerodo·

290 2008 347 2058 rid.
362 2008 461 2058 ibidem
476 2006 533 2068 ΙΙΙ,
551 2005 610 2070 tor)
634 1996 668 2054 orl
683 1995 834 2065 καθαροὺς
882 2010 942 2066 tus,
957 2003 1064 2052 iaciunt
1078 2016 1186 2066 quoque
1201 2001 1361 2050 testimonia
1373 2002 1426 2050 Va-

290 2069 376 2134 ὅντας
390 2070 567 2137 tepeseat
589 2074 625 2139 (i.
643 2092 667 2126 e.
686 2075 733 2125 deo
746 2088 833 2124 conse·
884 2076 932 2125 ler.
950 2074 1064 2122 Maximi
1075 2073 1099 2134 1,
1117 2072 1129 2120 1
1144 2071 1238 2124 catti.
1256 2071 1379 2120 Pausan.
1393 2072 1426 2130 X,

290 2156 376 2197 οναεοε
391 2145 480 2209 essc);
507 2146 600 2195 cedern
618 2149 746 2210 spectant
763 2144 835 2192 Pau-
885 2145 927 2194 28.
943 2148 968 2205 §-
982 2142 1008 2192 3.
1030 2142 1116 2192 Cicer.
1141 2142 1168 2190 in
1180 2142 1257 2192 Verr.
1272 2140 1317 2202 11,
1337 2141 1366 2200 l,
1387 2141 1424 2190 ta.
1507 2167 1509 2172 ·

290 2218 384 2266 santae
407 2216 489 2265 rerba
510 2216 567 2277 ΙΙΙ,
584 2213 632 2271 23,
649 2216 682 2263 ’ὶι
707 2214 758 2272 τῆς
779 2204 833 2274 γὰρ

290 2278 386 2350 Δήλου
409 2275 472 2332 τότε
494 2275 633 2346 ἐμπορίου
655 2283 716 2339 τοῖς
737 2275 834 2345 Ἕλλη-

292 2369 338 2404 σιν
358 2344 445 2414 οὔσης
463 2350 510 2403 καὶ
527 2345 628 2401 ἄδειαν
644 2353 707 2409 τοῖς
723 2340 806 2414 iope?
824 2377 834 2385 ·

290 2418 388 2486 με’νοις
406 2415 455 2470 διαὶ
471 2416 522 2471 τὸν
540 2414 611 2470 θεὸν
626 2413 767 2484 δοκούσης
781 2436 834 2468 πα-

291 2487 383 2556 ρεχειν
400 2507 425 2543 κ.
446 2506 469 2539 τ.
488 2491 512 2543 λ.
543 2490 622 2541 conf.
642 2492 725 2540 etiarn
738 2491 834 2540 Livius

291 2563 395 2624 XLIV,
409 2561 444 2613 ‘ab
465 2566 493 2612 et
508 2577 578 2626 qnae
592 2560 647 2611 alia
660 2564 781 2611 veterum
797 2565 835 2611 te·

292 2634 421 2684 stimonia
441 2631 474 2683 de
486 2631 550 2682 Deli
569 2632 720 2682 sanctitate
738 2630 835 2681 attulit

292 2703 437 2766 Spanhern.
456 2703 492 2752 ad
505 2700 665 2752 Callimach.
679 2703 714 2751 H.
731 2702 759 2751 in
771 2699 834 2750 Del.

292 2775 325 2825 23
338 2772 400 2823 coll.
411 2773 471 2822 255.
479 2801 512 2809 --
523 2774 599 2835 Quae
612 2775 763 2837 sequuntur
775 2787 835 2821 rcr-

292 2843 343 2892 ba:
362 2831 415 2890 oria
427 2833 562 2905 ἐπιτήδεα
572 2837 759 2904 καταγνόντες
770 2830 834 2889 κατ’

292 2907 359 2974 ἐμεῦ
375 2910 405 2975 (i.
423 2929 445 2963 e.
463 2920 489 2961 ut
504 2912 546 2977 pri
555 2911 624 2961 λααιλ
637 2912 719 2974 proba
735 2928 756 2961 s.
772 2917 835 2975 apta

290 2984 432 3033 cecineritis
442 2984 467 3032 r'rr
478 2998 524 3042 mc,
540 2984 603 3033 reale
616 2983 648 3031 dc
662 2998 699 3032 me
709 2982 835 3030 irdr'care·

291 3051 379 3116 ritis),
395 3052 424 3100 in
438 3051 479 3101 hia
495 3043 745 3116 praepositiones&
758 3052 835 3116 geni·

292 3122 350 3173 tiro
364 3112 440 3183 ἐμεῦ,
449 3121 494 3185 qui
505 3120 578 3170 aolus
589 3122 672 3171 verbo
682 3112 835 3185 καταγνόν·

292 3205 337 3246 τες
353 3190 418 3241 addi
433 3195 554 3255 poterat,
577 3191 702 3241 consulte
720 3206 835 3255 praepo-

293 3261 348 3309 sita
360 3260 486 3321 ridetur,
500 3264 530 3308 ut
544 3260 597 3309 rim
617 3263 769 3311 sententiae
787 3276 836 3309 an-

292 3333 376 3391 geret.
409 3330 497 3392 Supra
516 3328 570 3390 VI,
589 3330 605 3378 2
623 3326 837 3392 καταγνωσθεὶς

293 3399 403 3456 dieitur,
420 3413 498 3462 quern
509 3413 593 3447 noras
606 3414 650 3449 res
664 3399 785 3449 molitum
796 3414 837 3448 es·

293 3485 323 3519 se
344 3467 529 3531 suspicantur.
558 3468 600 3517 De
619 3468 679 3532 ipsa
692 3484 759 3519 voca
777 3460 836 3517 ἔπι-

294 3530 397 3600 τήδεος
410 3536 457 3598 (nt
469 3535 577 3599 τέλεος)
593 3552 641 3601 pro
654 3538 725 3603 vulg.
742 3528 836 3601 lustri-

294 3604 373 3662 δειος
389 3605 457 3655 satis
471 3607 528 3670 egit
540 3607 656 3659 Bredor.
675 3624 701 3673 p.
719 3608 767 3659 loo
781 3609 836 3658 He-

294 3676 384 3727 rodoti
398 3674 467 3727 locis
481 3675 581 3725 allatis.

329 3735 503 3810 traiectensi
516 3736 602 3803 αὐτὸς
616 3736 662 3794 int
674 3737 796 3794 τοσοῦτό
807 3759 836 3809 γε

294 3812 420 3880 φρονέω]
440 3815 457 3866 i.
474 3831 497 3866 e.
511 3819 664 3879 epoerimet
677 3818 766 3879 ipsein
780 3824 836 3864 tan-

294 3895 342 3936 ιωιι
371 3893 441 3936 certe
470 3888 552 3949 sapie.
603 3887 743 3936 Revereri
776 3901 836 3934 curn

294 3954 444 4019 Schweigh.
463 3963 490 4006 et
503 3955 592 4007 Gaias.
610 3954 724 4006 Aldinae
742 3956 837 4006 lectio-

294 4043 353 4077 nem
379 4026 502 4091 pluribus
527 4026 605 4079 codd.
626 4028 768 4077 firmatam.
805 4028 836 4076 ln

293 4098 432 4159 hlediceo‚
448 4096 510 4146 aliis
525 4101 630 4147 enatat:
654 4090 693 4146 ἔτι
714 4094 837 4145 τοσαῦτα

294 4163 418 4229 φρονέω,
431 4167 459 4216 in
468 4166 628 4216 Florentino
644 4159 683 4215 ἔτι
696 4180 724 4229 γε
737 4165 837 4214 τοσαῦ-

293 4251 327 4283 τα
337 4231 458 4297 φρονέω.
486 4237 564 4299 Quod
577 4236 684 4288 Schaef.
699 4241 727 4287 et
737 4236 836 4285 Matth.

294 4305 474 4355 exhibuerunt
489 4300 528 4356 ἔτι
543 4303 662 4356 τοιαῦτα
672 4298 793 4368 φρονέω.
806 4306 838 4355 li-

293 4373 401 4423 brorum
417 4377 585 4426 auctoritate
603 4382 688 4426 earet.
711 4376 775 4425 Mox
790 4372 838 4440 βα·

295 4436 394 4491 certer
409 4445 540 4509 rescripsi
556 4461 604 4510 pro
619 4436 772 4507 doaetrina.

328 4503 358 4561 ἕν
375 4497 483 4579 ,ἧχιόρη
499 4506 529 4563 ολ
541 4505 595 4564 δύο
610 4509 676 4564 θεολ
692 4504 836 4579 ἐγένοντο]

886 2215 927 2263 Ex
943 2213 993 2263 hoc
1007 2217 1097 2262 autem
1111 2211 1244 2260 Herodoti
1260 2210 1322 2260 loco
1345 2210 1425 2274 siqui

886 2282 1001 2347 intelligi
1021 2297 1100 2346 posse
1114 2286 1229 2344 putant,
1247 2281 1296 2344 qni
1309 2279 1375 2330 olim
1388 2280 1426 2328 in-

886 2366 927 2403 rer
961 2352 1155 2416 antiquissima
1184 2350 1316 2400 Graeciae
1347 2356 1428 2415 atqne

885 2423 967 2472 Asiae
981 2421 1119 2471 interioris
1135 2425 1163 2471 et
1174 2421 1323 2481 superioria
1341 2420 1428 2470 numi-

885 2509 921 2541 na
934 2492 1017 2541 faerit
1030 2506 1177 2551 connexus,
1194 2493 1217 2540 si
1230 2491 1337 2557 quidem
1346 2488 1427 2554 Apol·

885 2560 948 2613 linis
962 2577 994 2612 ac
1011 2561 1117 2611 Dianae
1130 2559 1209 2625 (Solia
1221 2577 1255 2611 ac
1274 2561 1374 2626 Lanae)
1389 2558 1427 2609 lo-

886 2649 919 2683 ca
945 2631 1065 2691 natalia,
1086 2647 1155 2696 qnae
1177 2631 1353 2693 ferebantur,
1377 2631 1427 2680 hoc

887 2702 966 2752 modo
984 2701 1037 2751 coli
1054 2700 1189 2750 voluerint
1208 2703 1309 2751 Persae
1329 2707 1358 2751 et
1376 2700 1428 2764 ipsi

886 2772 1043 2823 coelestiam
1059 2770 1188 2820 luminum
1208 2771 1342 2821 cultores:
1363 2770 1429 2819 mihi

885 2858 996 2907 prorsus
1009 2842 1091 2891 alitor
1103 2841 1135 2891 de
1146 2839 1189 2889 bis
1201 2841 1377 2891 statuendum
1391 2841 1430 2889 vi·

886 2911 972 2962 detur.
1009 2913 1133 2975 Namque
1147 2911 1292 2974 prudentia
1309 2911 1428 2974 quadam

887 2987 914 3033 et
928 2981 1079 3031 calliditate
1098 2985 1260 3030 commotum
1277 2982 1318 3029 ita
1339 2981 1429 3045 egisse

887 3052 1049 3102 crediderim
1077 3052 1206 3111 Persam,
1239 3055 1270 3099 ut
1297 3049 1428 3111 Graecos,

887 3127 1020 3184 qnantum
1034 3119 1091 3170 fieri
1108 3125 1213 3185 posset,
1232 3120 1266 3169 nd
1286 3134 1352 3169 suas
1368 3136 1430 3183 par-

887 3197 928 3243 tes
945 3191 1082 3252 traheret,
1101 3189 1200 3240 blande
1221 3189 1364 3253 alloquens
1376 3189 1428 3239 De·

887 3263 955 3325 lios,
977 3276 1045 3325 quos
1065 3265 1177 3310 sanctos
1203 3267 1230 3309 et
1255 3258 1429 3309 inviolabiles

886 3331 969 3395 vulgo
988 3330 1083 3380 haberi
1099 3329 1258 3390 audiverat,
1276 3328 1395 3394 deosque
1410 3344 1427 3378 a

887 3400 1000 3452 Graecia
1016 3400 1114 3465 eximia
1130 3399 1220 3450 cultos
1235 3404 1263 3449 et
1275 3414 1381 3449 summo
1391 3397 1430 3448 lo·

888 3488 920 3522 co
937 3470 1045 3520 habitos
1056 3470 1200 3520 Persarum
1221 3471 1250 3518 in
1267 3484 1367 3519 rnorem
1383 3470 1430 3518 ho·

888 3556 998 3601 notans,
1012 3541 1117 3604 ingenti
1130 3540 1219 3590 thuris
1233 3539 1315 3603 copia
1329 3540 1357 3588 in
1373 3539 1430 3588 aris

888 3613 1015 3671 incensa,
1029 3626 1089 3660 cunr
1104 3610 1159 3659 alia
1171 3609 1319 3665 sacrificia,
1337 3615 1366 3659 at
1382 3624 1425 3657 aa·

888 3682 924 3731 tis
941 3684 1059 3741 constat,
1071 3684 1230 3744 respuerent
1238 3680 1349 3731 Persae.
1374 3679 1431 3727 lla·

888 3751 947 3800 buit
967 3755 1058 3799 autem
1081 3750 1161 3799 itatis
1183 3750 1210 3798 in
1237 3750 1359 3799 exercita
1381 3763 1431 3798 suo

889 3822 1024 3879 Graecos,
1053 3820 1134 3870 lones
1170 3824 1252 3884 atque
1284 3819 1432 3869 Aeolenses

889 3888 947 3953 (Vl,
958 3888 1014 3951 98),
1026 3891 1072 3953 qui
1087 3890 1175 3955 ipsum
1187 3890 1255 3937 satis
1265 3887 1297 3939 de
1311 3889 1355 3938 his
1369 3888 1432 3938 edo·

888 3975 949 4009 cere
965 3964 1102 4023 poterant.
1135 3958 1272 4008 Obserrat
1291 3958 1325 4007 ad
1342 3959 1431 4008 Hero-

889 4029 947 4079 doti
958 4028 1047 4078 lecnm
1056 4028 1234 4078 Broendated.
1245 4026 1332 4089 (Rcia.
1341 4029 1431 4077 11.Ιό-

889 4098 1008 4149 teraucb.
1025 4099 1048 4148 l.
1067 4115 1093 4163 p.
1107 4098 1141 4148 70
1154 4096 1215 4148 coll.
1230 4112 1255 4158 p.
1271 4098 1315 4150 oo,
1334 4102 1391 4146 not.
1403 4099 1431 4158 6)

888 4185 904 4217 a
919 4170 967 4219 Gr.
987 4169 1105 4224 citatas.
1124 4167 1204 4231 plane
1219 4166 1330 4215 diverso
1353 4167 1432 4216 modo

889 4255 920 4287 ac
946 4239 1044 4288 Persas
1070 4237 1248 4288 Athenienses
1279 4237 1307 4284 in
1334 4236 1431 4286 Delum

889 4308 979 4369 egisse
996 4308 1139 4363 senapinta
1160 4305 1302 4355 sexennis
1326 4311 1433 4369 postea,

889 4377 996 4442 olymp.
1012 4377 1166 4441 LXXXIX,
1185 4379 1202 4426 2
1223 4375 1282 4425 aire
1301 4376 1354 4427 423
1368 4380 1433 4427 ante

888 4446 951 4496 Chr.
967 4462 993 4496 n.

922 4512 1010 4564 ταῦτα
1028 4505 1271 4579 ἐπεκηρυκεύσατο
1288 4513 1363 4561 τοῖσι
1375 4514 1432 4576 Δη-
