<?xml version="1.0" encoding="UTF-8"?>
<!DOCTYPE html PUBLIC "-//W3C//DTD XHTML 1.0 Transitional//EN"
    "http://www.w3.org/TR/xhtml1/DTD/xhtml1-transitional.dtd">
<html xmlns="http://www.w3.org/1999/xhtml" xml:lang="en" lang="en">
 <head>
  <title>
</title>
<meta http-equiv="Content-Type" content="text/html;charset=utf-8" />
  <meta name='ocr-system' content='tesseract 3.04.00' />
  <meta name='ocr-capabilities' content='ocr_page ocr_carea ocr_par ocr_line ocrx_word'/>
</head>
<body>
  <div class='ocr_page' id='page_1' title='image "./herodotihalicar01unkngoog/herodotihalicar01unkngoog_0181.png"; bbox 0 0 3100 5175; ppageno 0'>
   <div class='ocr_carea' id='block_1_1' title="bbox 440 367 1001 436">
    <p class='ocr_par' dir='ltr' id='par_1_1' title="bbox 440 367 1001 436">
     <span class='ocr_line' id='line_1_1' title="bbox 440 367 1001 436; baseline 0.002 -6"><span class='ocrx_word' id='word_1_1' title='bbox 440 367 808 431; x_wconf 82' lang='lat' dir='ltr'>TERPSIOHORE.</span> <span class='ocrx_word' id='word_1_2' title='bbox 831 371 869 432; x_wconf 88' lang='lat' dir='ltr'>V.</span> <span class='ocrx_word' id='word_1_3' title='bbox 891 379 935 435; x_wconf 83' lang='lat'>90.</span> <span class='ocrx_word' id='word_1_4' title='bbox 957 380 1001 436; x_wconf 83' lang='lat'>91.</span> 
     </span>
    </p>
   </div>
   <div class='ocr_carea' id='block_1_2' title="bbox 1224 366 1284 433">
    <p class='ocr_par' dir='ltr' id='par_1_2' title="bbox 1224 366 1284 433">
     <span class='ocr_line' id='line_1_2' title="bbox 1224 366 1284 433; baseline 0.033 -2"><span class='ocrx_word' id='word_1_5' title='bbox 1224 366 1284 433; x_wconf 87' lang='grc'>169</span> 
     </span>
    </p>
   </div>
   <div class='ocr_carea' id='block_1_3' title="bbox 147 538 1329 1360">
    <p class='ocr_par' dir='ltr' id='par_1_3' title="bbox 147 538 1329 1360">
     <span class='ocr_line' id='line_1_3' title="bbox 147 538 1285 633; baseline 0.004 -21"><span class='ocrx_word' id='word_1_6' title='bbox 147 570 184 613; x_wconf 91' lang='grc' dir='ltr'>τε</span> <span class='ocrx_word' id='word_1_7' title='bbox 201 542 258 612; x_wconf 82' lang='grc' dir='ltr'>καὶ</span> <span class='ocrx_word' id='word_1_8' title='bbox 272 538 420 629; x_wconf 75' lang='grc' dir='ltr'><em>ἀνάρσια</em></span> <span class='ocrx_word' id='word_1_9' title='bbox 439 549 577 614; x_wconf 71' lang='grc' dir='ltr'><strong><em>ἔσεσθαι</em></strong></span> <span class='ocrx_word' id='word_1_10' title='bbox 598 540 728 614; x_wconf 75' lang='grc' dir='ltr'><strong><em>αὐτοῖσι</em></strong></span> <span class='ocrx_word' id='word_1_11' title='bbox 748 546 781 627; x_wconf 81' lang='grc' dir='ltr'>έξ</span> <span class='ocrx_word' id='word_1_12' title='bbox 808 540 1012 633; x_wconf 72' lang='grc' dir='ltr'><strong><em>Ἀθηναίων,</em></strong></span> <span class='ocrx_word' id='word_1_13' title='bbox 1035 548 1104 613; x_wconf 74' lang='grc' dir='ltr'><strong><em>τόν</em></strong></span> <span class='ocrx_word' id='word_1_14' title='bbox 1123 542 1285 633; x_wconf 78' lang='grc' dir='ltr'><strong><em>πρότερον</em></strong></span> 
     </span>
     <span class='ocr_line' id='line_1_4' title="bbox 147 636 1286 738; baseline 0.004 -25"><span class='ocrx_word' id='word_1_15' title='bbox 147 646 208 734; x_wconf 69' lang='grc' dir='ltr'><strong><em>μὲν</em></strong></span> <span class='ocrx_word' id='word_1_16' title='bbox 227 636 316 735; x_wconf 83' lang='grc' dir='ltr'><strong><em>ἦσαν</em></strong></span> <span class='ocrx_word' id='word_1_17' title='bbox 335 643 472 734; x_wconf 77' lang='grc' dir='ltr'><strong><em>ἀδαέες,</em></strong></span> <span class='ocrx_word' id='word_1_18' title='bbox 492 647 566 716; x_wconf 88' lang='grc' dir='ltr'><strong><em>τότε</em></strong></span> <span class='ocrx_word' id='word_1_19' title='bbox 587 648 623 716; x_wconf 80' lang='lat' dir='ltr'>dl</span> <span class='ocrx_word' id='word_1_20' title='bbox 637 651 842 736; x_wconf 91' lang='grc' dir='ltr'><strong><em>Κλεομένεος</em></strong></span> <span class='ocrx_word' id='word_1_21' title='bbox 861 656 1057 736; x_wconf 85' lang='grc' dir='ltr'><strong><em>κομίσαντος</em></strong></span> <span class='ocrx_word' id='word_1_22' title='bbox 1077 652 1110 728; x_wconf 88' lang='grc' dir='ltr'><strong><em>ές</em></strong></span> <span class='ocrx_word' id='word_1_23' title='bbox 1123 648 1286 738; x_wconf 76' lang='grc' dir='ltr'><em>Σπάρτην</em></span> 
     </span>
     <span class='ocr_line' id='line_1_5' title="bbox 149 746 1283 840; baseline 0.004 -22"><span class='ocrx_word' id='word_1_24' title='bbox 149 751 324 838; x_wconf 79' lang='grc' dir='ltr'><strong><em>ἐξέμαθον.</em></strong></span> <span class='ocrx_word' id='word_1_25' title='bbox 353 749 512 838; x_wconf 79' lang='grc' dir='ltr'><strong><em>ἐκτήσατο</em></strong></span> <span class='ocrx_word' id='word_1_26' title='bbox 534 751 570 820; x_wconf 77' lang='lat' dir='ltr'>di</span> <span class='ocrx_word' id='word_1_27' title='bbox 583 746 602 819; x_wconf 82' lang='grc' dir='ltr'>ὁ</span> <span class='ocrx_word' id='word_1_28' title='bbox 615 754 806 840; x_wconf 77' lang='grc' dir='ltr'><strong><em>Κλεομένης</em></strong></span> <span class='ocrx_word' id='word_1_29' title='bbox 820 755 856 820; x_wconf 87' lang='grc' dir='ltr'>ἐκ</span> <span class='ocrx_word' id='word_1_30' title='bbox 870 756 929 839; x_wconf 79' lang='grc' dir='ltr'>τῆς</span> <span class='ocrx_word' id='word_1_31' title='bbox 938 749 1127 840; x_wconf 79' lang='grc' dir='ltr'><strong><em>Ἀθηναίων</em></strong></span> <span class='ocrx_word' id='word_1_32' title='bbox 1140 750 1283 839; x_wconf 74' lang='grc' dir='ltr'><strong><em>ἀκροτό-</em></strong></span> 
     </span>
     <span class='ocr_line' id='line_1_6' title="bbox 147 852 1282 945; baseline 0.004 -24"><span class='ocrx_word' id='word_1_33' title='bbox 147 860 216 932; x_wconf 87' lang='grc' dir='ltr'><strong><em>λιος</em></strong></span> <span class='ocrx_word' id='word_1_34' title='bbox 228 852 309 933; x_wconf 82' lang='grc' dir='ltr'><strong><em>τοὺς</em></strong></span> <span class='ocrx_word' id='word_1_35' title='bbox 323 852 506 942; x_wconf 79' lang='grc' dir='ltr'><strong><em>χρησμοὺς,</em></strong></span> <span class='ocrx_word' id='word_1_36' title='bbox 521 852 598 934; x_wconf 81' lang='grc' dir='ltr'><strong><em>τούς</em></strong></span> <span class='ocrx_word' id='word_1_37' title='bbox 612 862 747 944; x_wconf 80' lang='grc' dir='ltr'><strong><em>ἔκτηντο</em></strong></span> <span class='ocrx_word' id='word_1_38' title='bbox 760 856 823 943; x_wconf 78' lang='grc' dir='ltr'><strong><em>μέν</em></strong></span> <span class='ocrx_word' id='word_1_39' title='bbox 836 854 998 943; x_wconf 78' lang='grc' dir='ltr'><strong><em>πρότερον</em></strong></span> <span class='ocrx_word' id='word_1_40' title='bbox 1011 861 1046 925; x_wconf 77' lang='lat' dir='ltr'>oi</span> <span class='ocrx_word' id='word_1_41' title='bbox 1052 864 1282 945; x_wconf 85' lang='grc' dir='ltr'><strong><em>Πεισιστρατί-</em></strong></span> 
     </span>
     <span class='ocr_line' id='line_1_7' title="bbox 149 955 1283 1049; baseline 0.004 -24"><span class='ocrx_word' id='word_1_42' title='bbox 149 961 220 1042; x_wconf 81' lang='grc' dir='ltr'><strong><em>δαι,</em></strong></span> <span class='ocrx_word' id='word_1_43' title='bbox 242 956 497 1045; x_wconf 80' lang='grc' dir='ltr'><strong><em>ἐξελαυνόμενοι</em></strong></span> <span class='ocrx_word' id='word_1_44' title='bbox 517 959 553 1027; x_wconf 77' lang='lat' dir='ltr'>dl</span> <span class='ocrx_word' id='word_1_45' title='bbox 568 965 683 1028; x_wconf 79' lang='grc' dir='ltr'><strong><em>ἔλιπον</em></strong></span> <span class='ocrx_word' id='word_1_46' title='bbox 703 961 740 1028; x_wconf 88' lang='grc' dir='ltr'>έν</span> <span class='ocrx_word' id='word_1_47' title='bbox 752 962 800 1049; x_wconf 71' lang='grc' dir='ltr'><strong><em>τῷ</em></strong></span> <span class='ocrx_word' id='word_1_48' title='bbox 820 963 897 1049; x_wconf 70' lang='grc' dir='ltr'><strong><em>ἱρῷ,</em></strong></span> <span class='ocrx_word' id='word_1_49' title='bbox 916 963 1201 1047; x_wconf 76' lang='grc' dir='ltr'><strong><em>καταλειφθέντας</em></strong></span> <span class='ocrx_word' id='word_1_50' title='bbox 1215 955 1283 1029; x_wconf 65' lang='lat' dir='ltr'>did</span> 
     </span>
     <span class='ocr_line' id='line_1_8' title="bbox 147 1057 1329 1152; baseline 0.008 -25"><span class='ocrx_word' id='word_1_51' title='bbox 147 1063 340 1148; x_wconf 82' lang='grc' dir='ltr'><strong><em>Κλεομένης</em></strong></span> <span class='ocrx_word' id='word_1_52' title='bbox 360 1057 512 1148; x_wconf 74' lang='grc' dir='ltr'><strong><em>ἀνέλαβε.</em></strong></span> <span class='ocrx_word' id='word_1_53' title='bbox 566 1060 646 1131; x_wconf 87' lang='grc' dir='ltr'><strong><em>Τότε</em></strong></span> <span class='ocrx_word' id='word_1_54' title='bbox 666 1062 703 1131; x_wconf 80' lang='lat' dir='ltr'>dl</span> <span class='ocrx_word' id='word_1_55' title='bbox 724 1057 768 1142; x_wconf 76' lang='grc' dir='ltr'><strong><em>ὡς</em></strong></span> <span class='ocrx_word' id='word_1_56' title='bbox 788 1059 953 1149; x_wconf 78' lang='grc' dir='ltr'><strong><em>ἀνέλαβον</em></strong></span> <span class='ocrx_word' id='word_1_57' title='bbox 973 1069 1007 1132; x_wconf 80' lang='lat' dir='ltr'>ol</span> <span class='ocrx_word' id='word_1_58' title='bbox 1023 1063 1329 1152; x_wconf 76' lang='lat' dir='ltr'>onedmpdettli</span> 
     </span>
     <span class='ocr_line' id='line_1_9' title="bbox 147 1161 1284 1255; baseline 0.004 -23"><span class='ocrx_word' id='word_1_59' title='bbox 147 1161 224 1243; x_wconf 75' lang='grc' dir='ltr'><strong><em>τοὺς</em></strong></span> <span class='ocrx_word' id='word_1_60' title='bbox 237 1162 422 1253; x_wconf 80' lang='grc' dir='ltr'><strong><em>χρησμοὺς,</em></strong></span> <span class='ocrx_word' id='word_1_61' title='bbox 445 1166 500 1232; x_wconf 79' lang='grc' dir='ltr'>καὶ</span> <span class='ocrx_word' id='word_1_62' title='bbox 514 1162 592 1244; x_wconf 81' lang='grc' dir='ltr'><strong><em>τοὺς</em></strong></span> <span class='ocrx_word' id='word_1_63' title='bbox 610 1162 808 1253; x_wconf 80' lang='grc' dir='ltr'><strong><em>Ἀθηναίους</em></strong></span> <span class='ocrx_word' id='word_1_64' title='bbox 822 1162 928 1253; x_wconf 76' lang='grc' dir='ltr'><strong><em>ὥρεον</em></strong></span> <span class='ocrx_word' id='word_1_65' title='bbox 941 1163 1143 1255; x_wconf 80' lang='grc' dir='ltr'><strong><em>αὐξομένους</em></strong></span> <span class='ocrx_word' id='word_1_66' title='bbox 1157 1171 1213 1237; x_wconf 86' lang='grc' dir='ltr'>καὶ</span> <span class='ocrx_word' id='word_1_67' title='bbox 1226 1166 1284 1237; x_wconf 79' lang='grc' dir='ltr'>οὐ·</span> 
     </span>
     <span class='ocr_line' id='line_1_10' title="bbox 148 1265 1283 1360; baseline 0.004 -25"><span class='ocrx_word' id='word_1_68' title='bbox 148 1271 261 1355; x_wconf 74' lang='grc' dir='ltr'><strong><em>δαμῶς</em></strong></span> <span class='ocrx_word' id='word_1_69' title='bbox 275 1269 427 1356; x_wconf 80' lang='grc' dir='ltr'><strong><em>ἑτοίμους</em></strong></span> <span class='ocrx_word' id='word_1_70' title='bbox 440 1265 554 1347; x_wconf 82' lang='grc' dir='ltr'><strong><em>ἐόντας</em></strong></span> <span class='ocrx_word' id='word_1_71' title='bbox 567 1276 753 1338; x_wconf 80' lang='grc' dir='ltr'><strong><em>πείθεσθαί</em></strong></span> <span class='ocrx_word' id='word_1_72' title='bbox 762 1290 823 1356; x_wconf 81' lang='grc' dir='ltr'>σφι</span> <span class='ocrx_word' id='word_1_73' title='bbox 831 1321 841 1354; x_wconf 87' lang='grc'>,</span> <span class='ocrx_word' id='word_1_74' title='bbox 855 1267 923 1360; x_wconf 76' lang='grc' dir='ltr'><strong><em>νόςο</em></strong></span> <span class='ocrx_word' id='word_1_75' title='bbox 937 1267 1113 1356; x_wconf 86' lang='grc' dir='ltr'><strong><em>λαβόντες,</em></strong></span> <span class='ocrx_word' id='word_1_76' title='bbox 1134 1265 1178 1350; x_wconf 74' lang='grc' dir='ltr'><strong><em>ὥς</em></strong></span> <span class='ocrx_word' id='word_1_77' title='bbox 1192 1270 1283 1341; x_wconf 70' lang='lat' dir='ltr'>tued-</span> 
     </span>
    </p>
   </div>
   <div class='ocr_carea' id='block_1_4' title="bbox 146 1423 693 2124">
    <p class='ocr_par' dir='ltr' id='par_1_4' title="bbox 146 1423 693 1706">
     <span class='ocr_line' id='line_1_11' title="bbox 146 1423 693 1498; baseline 0.004 -15"><span class='ocrx_word' id='word_1_78' title='bbox 146 1431 243 1498; x_wconf 82' lang='lat' dir='ltr'>supple</span> <span class='ocrx_word' id='word_1_79' title='bbox 257 1423 326 1489; x_wconf 77' lang='grc' dir='ltr'><strong><em>τούς</em></strong></span> <span class='ocrx_word' id='word_1_80' title='bbox 336 1426 488 1497; x_wconf 77' lang='grc' dir='ltr'><strong><em>χρησμούς.</em></strong></span> <span class='ocrx_word' id='word_1_81' title='bbox 516 1435 557 1484; x_wconf 79' lang='lat' dir='ltr'>Ad</span> <span class='ocrx_word' id='word_1_82' title='bbox 566 1433 693 1486; x_wconf 86' lang='lat' dir='ltr'>Heracli·</span> 
     </span>
     <span class='ocr_line' id='line_1_12' title="bbox 147 1501 691 1569; baseline 0 -16"><span class='ocrx_word' id='word_1_83' title='bbox 147 1504 195 1553; x_wconf 82' lang='lat' dir='ltr'>das</span> <span class='ocrx_word' id='word_1_84' title='bbox 211 1506 303 1553; x_wconf 90' lang='lat' dir='ltr'>terrae</span> <span class='ocrx_word' id='word_1_85' title='bbox 312 1504 423 1552; x_wconf 77' lang='lat' dir='ltr'>Atticae</span> <span class='ocrx_word' id='word_1_86' title='bbox 433 1501 501 1552; x_wconf 88' lang='lat' dir='ltr'>haec</span> <span class='ocrx_word' id='word_1_87' title='bbox 511 1505 622 1555; x_wconf 84' lang='lat' dir='ltr'>oracula</span> <span class='ocrx_word' id='word_1_88' title='bbox 631 1520 691 1569; x_wconf 91' lang='lat' dir='ltr'>per-</span> 
     </span>
     <span class='ocr_line' id='line_1_13' title="bbox 146 1569 692 1638; baseline 0.004 -16"><span class='ocrx_word' id='word_1_89' title='bbox 146 1573 266 1622; x_wconf 73' lang='lat' dir='ltr'>tinuisse</span> <span class='ocrx_word' id='word_1_90' title='bbox 279 1577 359 1636; x_wconf 88' lang='lat' dir='ltr'>putat</span> <span class='ocrx_word' id='word_1_91' title='bbox 373 1569 488 1622; x_wconf 89' lang='lat' dir='ltr'>Preller:</span> <span class='ocrx_word' id='word_1_92' title='bbox 510 1573 617 1625; x_wconf 84' lang='lat' dir='ltr'>Griech.</span> <span class='ocrx_word' id='word_1_93' title='bbox 632 1575 692 1638; x_wconf 84' lang='lat' dir='ltr'>My-</span> 
     </span>
     <span class='ocr_line' id='line_1_14' title="bbox 146 1641 418 1706; baseline -0.004 -14"><span class='ocrx_word' id='word_1_94' title='bbox 146 1641 251 1705; x_wconf 69' lang='lat' dir='ltr'>euolog.</span> <span class='ocrx_word' id='word_1_95' title='bbox 265 1643 303 1691; x_wconf 92' lang='lat'>11.</span> <span class='ocrx_word' id='word_1_96' title='bbox 318 1657 345 1706; x_wconf 81' lang='lat' dir='ltr'>p.</span> <span class='ocrx_word' id='word_1_97' title='bbox 359 1641 418 1692; x_wconf 82' lang='grc' dir='ltr'><strong><em>ιτο.</em></strong></span> 
     </span>
    </p>

    <p class='ocr_par' dir='ltr' id='par_1_5' title="bbox 147 1702 691 2124">
     <span class='ocr_line' id='line_1_15' title="bbox 180 1702 691 1775; baseline 0.006 -17"><span class='ocrx_word' id='word_1_98' title='bbox 180 1706 251 1767; x_wconf 67' lang='grc' dir='ltr'><strong><em>τοὺς</em></strong></span> <span class='ocrx_word' id='word_1_99' title='bbox 271 1703 389 1774; x_wconf 76' lang='grc' dir='ltr'><strong><em>ἔκτηντο</em></strong></span> <span class='ocrx_word' id='word_1_100' title='bbox 406 1702 457 1774; x_wconf 72' lang='grc' dir='ltr'><strong><em>μέν</em></strong></span> <span class='ocrx_word' id='word_1_101' title='bbox 471 1702 623 1775; x_wconf 81' lang='grc' dir='ltr'><strong><em>πρότερον]</em></strong></span> <span class='ocrx_word' id='word_1_102' title='bbox 646 1713 691 1761; x_wconf 88' lang='lat' dir='ltr'>Ita</span> 
     </span>
     <span class='ocr_line' id='line_1_16' title="bbox 147 1774 691 1845; baseline 0 -15"><span class='ocrx_word' id='word_1_103' title='bbox 147 1780 210 1830; x_wconf 88' lang='lat' dir='ltr'>dedi</span> <span class='ocrx_word' id='word_1_104' title='bbox 223 1796 286 1830; x_wconf 86' lang='lat' dir='ltr'>cum</span> <span class='ocrx_word' id='word_1_105' title='bbox 299 1779 361 1830; x_wconf 88' lang='lat' dir='ltr'>edd.</span> <span class='ocrx_word' id='word_1_106' title='bbox 373 1785 487 1830; x_wconf 89' lang='lat' dir='ltr'>recentt.</span> <span class='ocrx_word' id='word_1_107' title='bbox 507 1780 608 1845; x_wconf 82' lang='lat' dir='ltr'>Vulgo:</span> <span class='ocrx_word' id='word_1_108' title='bbox 623 1774 691 1842; x_wconf 76' lang='lat' dir='ltr'>apd-</span> 
     </span>
     <span class='ocr_line' id='line_1_17' title="bbox 148 1842 690 1912; baseline 0.006 -14"><span class='ocrx_word' id='word_1_109' title='bbox 148 1863 230 1910; x_wconf 87' lang='grc' dir='ltr'><strong><em>τερον</em></strong></span> <span class='ocrx_word' id='word_1_110' title='bbox 246 1843 308 1912; x_wconf 83' lang='grc' dir='ltr'><strong><em>μέν.</em></strong></span> <span class='ocrx_word' id='word_1_111' title='bbox 346 1851 400 1899; x_wconf 86' lang='grc' dir='ltr'><strong><em>Ρτο</em></strong></span> <span class='ocrx_word' id='word_1_112' title='bbox 421 1842 537 1912; x_wconf 74' lang='grc' dir='ltr'><strong><em>ἔκτηντο</em></strong></span> <span class='ocrx_word' id='word_1_113' title='bbox 549 1851 690 1901; x_wconf 85' lang='lat' dir='ltr'>Mediceos</span> 
     </span>
     <span class='ocr_line' id='line_1_18' title="bbox 147 1913 690 1983; baseline 0.006 -17"><span class='ocrx_word' id='word_1_114' title='bbox 147 1913 307 1981; x_wconf 70' lang='grc' dir='ltr'><strong><em>ἐκέκτηντο,</em></strong></span> <span class='ocrx_word' id='word_1_115' title='bbox 321 1919 355 1968; x_wconf 86' lang='lat' dir='ltr'>de</span> <span class='ocrx_word' id='word_1_116' title='bbox 368 1934 421 1983; x_wconf 92' lang='lat' dir='ltr'>quo</span> <span class='ocrx_word' id='word_1_117' title='bbox 431 1919 503 1969; x_wconf 87' lang='lat' dir='ltr'>coni.</span> <span class='ocrx_word' id='word_1_118' title='bbox 516 1919 552 1983; x_wconf 92' lang='lat'>11,</span> <span class='ocrx_word' id='word_1_119' title='bbox 565 1919 690 1983; x_wconf 82' lang='lat'>108.111,</span> 
     </span>
     <span class='ocr_line' id='line_1_19' title="bbox 148 1980 689 2044; baseline 0.004 -6"><span class='ocrx_word' id='word_1_120' title='bbox 148 1987 189 2038; x_wconf 77' lang='lat'>39.</span> <span class='ocrx_word' id='word_1_121' title='bbox 208 1988 432 2038; x_wconf 67' lang='lat' dir='ltr'>uncertainn</span> <span class='ocrx_word' id='word_1_122' title='bbox 442 1980 562 2044; x_wconf 80' lang='grc' dir='ltr'><strong><em>ἐκτέατο.</em></strong></span> <span class='ocrx_word' id='word_1_123' title='bbox 580 1990 624 2039; x_wconf 88' lang='lat' dir='ltr'>Tu</span> <span class='ocrx_word' id='word_1_124' title='bbox 633 1989 689 2040; x_wconf 83' lang='lat' dir='ltr'>vid.</span> 
     </span>
     <span class='ocr_line' id='line_1_20' title="bbox 148 2057 421 2124; baseline 0.007 -16"><span class='ocrx_word' id='word_1_125' title='bbox 148 2057 264 2111; x_wconf 79' lang='lat' dir='ltr'>Bredov.</span> <span class='ocrx_word' id='word_1_126' title='bbox 281 2073 345 2124; x_wconf 87' lang='lat' dir='ltr'>pag.</span> <span class='ocrx_word' id='word_1_127' title='bbox 360 2058 421 2110; x_wconf 75' lang='lat'><strong>287.</strong></span> 
     </span>
    </p>
   </div>
   <div class='ocr_carea' id='block_1_5' title="bbox 340 2227 499 2279">
    <p class='ocr_par' dir='ltr' id='par_1_6' title="bbox 340 2227 499 2279">
     <span class='ocr_line' id='line_1_21' title="bbox 340 2227 499 2279; baseline -0.013 0"><span class='ocrx_word' id='word_1_128' title='bbox 340 2228 408 2279; x_wconf 79' lang='lat' dir='ltr'>Car.</span> <span class='ocrx_word' id='word_1_129' title='bbox 427 2227 499 2278; x_wconf 83' lang='lat' dir='ltr'>xcl.</span> 
     </span>
    </p>
   </div>
   <div class='ocr_carea' id='block_1_6' title="bbox 146 2321 692 3093">
    <p class='ocr_par' dir='ltr' id='par_1_7' title="bbox 147 2321 690 2537">
     <span class='ocr_line' id='line_1_22' title="bbox 178 2321 690 2397; baseline -0.004 -16"><span class='ocrx_word' id='word_1_130' title='bbox 178 2322 269 2390; x_wconf 70' lang='grc' dir='ltr'><strong><em>αἵρεον</em></strong></span> <span class='ocrx_word' id='word_1_131' title='bbox 279 2326 469 2397; x_wconf 75' lang='grc' dir='ltr'><strong><em>αὐξομένους]</em></strong></span> <span class='ocrx_word' id='word_1_132' title='bbox 478 2331 566 2394; x_wconf 83' lang='lat' dir='ltr'>Vulgo</span> <span class='ocrx_word' id='word_1_133' title='bbox 577 2321 690 2391; x_wconf 79' lang='grc' dir='ltr'><strong><em>ἐτόρεον,</em></strong></span> 
     </span>
     <span class='ocr_line' id='line_1_23' title="bbox 148 2400 688 2470; baseline 0 -19"><span class='ocrx_word' id='word_1_134' title='bbox 148 2402 219 2467; x_wconf 85' lang='lat' dir='ltr'>quod</span> <span class='ocrx_word' id='word_1_135' title='bbox 229 2403 296 2453; x_wconf 84' lang='lat' dir='ltr'>ferri</span> <span class='ocrx_word' id='word_1_136' title='bbox 311 2417 365 2453; x_wconf 90' lang='lat' dir='ltr'>nou</span> <span class='ocrx_word' id='word_1_137' title='bbox 376 2418 457 2467; x_wconf 90' lang='lat' dir='ltr'>posse</span> <span class='ocrx_word' id='word_1_138' title='bbox 467 2401 560 2470; x_wconf 79' lang='lat' dir='ltr'>docuit</span> <span class='ocrx_word' id='word_1_139' title='bbox 570 2400 688 2451; x_wconf 87' lang='lat' dir='ltr'>Bredor.</span> 
     </span>
     <span class='ocr_line' id='line_1_24' title="bbox 147 2463 627 2537; baseline -0.002 -16"><span class='ocrx_word' id='word_1_140' title='bbox 147 2487 172 2536; x_wconf 93' lang='lat' dir='ltr'>p.</span> <span class='ocrx_word' id='word_1_141' title='bbox 189 2471 255 2532; x_wconf 80' lang='lat'><strong>313;</strong></span> <span class='ocrx_word' id='word_1_142' title='bbox 276 2473 372 2537; x_wconf 86' lang='lat' dir='ltr'>itaque</span> <span class='ocrx_word' id='word_1_143' title='bbox 386 2471 511 2535; x_wconf 75' lang='lat' dir='ltr'><strong>rescripsi</strong></span> <span class='ocrx_word' id='word_1_144' title='bbox 526 2463 627 2530; x_wconf 64' lang='grc' dir='ltr'><strong><em>αἵρεον.</em></strong></span> 
     </span>
    </p>

    <p class='ocr_par' dir='ltr' id='par_1_8' title="bbox 146 2532 692 3093">
     <span class='ocr_line' id='line_1_25' title="bbox 179 2532 691 2608; baseline 0 -18"><span class='ocrx_word' id='word_1_145' title='bbox 179 2532 237 2608; x_wconf 81' lang='grc' dir='ltr'>νόῳ</span> <span class='ocrx_word' id='word_1_146' title='bbox 249 2537 396 2607; x_wconf 82' lang='grc' dir='ltr'><strong><em>λαβόντες]</em></strong></span> <span class='ocrx_word' id='word_1_147' title='bbox 414 2540 492 2591; x_wconf 87' lang='lat' dir='ltr'>Coni.</span> <span class='ocrx_word' id='word_1_148' title='bbox 503 2539 536 2590; x_wconf 91' lang='lat' dir='ltr'>de</span> <span class='ocrx_word' id='word_1_149' title='bbox 551 2539 604 2591; x_wconf 88' lang='lat' dir='ltr'>hac</span> <span class='ocrx_word' id='word_1_150' title='bbox 615 2539 691 2590; x_wconf 85' lang='lat' dir='ltr'>locu-</span> 
     </span>
     <span class='ocr_line' id='line_1_26' title="bbox 147 2608 691 2675; baseline -0.002 -15"><span class='ocrx_word' id='word_1_151' title='bbox 147 2611 220 2662; x_wconf 89' lang='lat' dir='ltr'>tione</span> <span class='ocrx_word' id='word_1_152' title='bbox 231 2614 320 2661; x_wconf 87' lang='lat' dir='ltr'>citata</span> <span class='ocrx_word' id='word_1_153' title='bbox 329 2612 365 2660; x_wconf 90' lang='lat' dir='ltr'>ad</span> <span class='ocrx_word' id='word_1_154' title='bbox 375 2611 477 2671; x_wconf 80' lang='lat'>111,41.</span> <span class='ocrx_word' id='word_1_155' title='bbox 494 2610 534 2660; x_wconf 77' lang='lat' dir='ltr'>Ad</span> <span class='ocrx_word' id='word_1_156' title='bbox 546 2608 599 2659; x_wconf 92' lang='lat' dir='ltr'>loci</span> <span class='ocrx_word' id='word_1_157' title='bbox 609 2625 691 2675; x_wconf 86' lang='lat' dir='ltr'>argu-</span> 
     </span>
     <span class='ocr_line' id='line_1_27' title="bbox 147 2679 692 2744; baseline -0.004 -14"><span class='ocrx_word' id='word_1_158' title='bbox 147 2686 264 2731; x_wconf 83' lang='lat' dir='ltr'><strong>mentum</strong></span> <span class='ocrx_word' id='word_1_159' title='bbox 278 2682 347 2731; x_wconf 91' lang='lat' dir='ltr'>bene</span> <span class='ocrx_word' id='word_1_160' title='bbox 362 2680 511 2744; x_wconf 76' lang='lat' dir='ltr'><strong>adscripsit</strong></span> <span class='ocrx_word' id='word_1_161' title='bbox 526 2679 593 2729; x_wconf 92' lang='lat' dir='ltr'>haec</span> <span class='ocrx_word' id='word_1_162' title='bbox 612 2681 637 2729; x_wconf 92' lang='lat' dir='ltr'><em>V</em></span> <span class='ocrx_word' id='word_1_163' title='bbox 642 2683 674 2729; x_wconf 85' lang='lat' dir='ltr'>ol</span> <span class='ocrx_word' id='word_1_164' title='bbox 680 2708 692 2720; x_wconf 89' lang='lat'>-</span> 
     </span>
     <span class='ocr_line' id='line_1_28' title="bbox 147 2749 690 2814; baseline -0.002 -15"><span class='ocrx_word' id='word_1_165' title='bbox 147 2752 339 2801; x_wconf 80' lang='lat' dir='ltr'>ckenarius:</span> <span class='ocrx_word' id='word_1_166' title='bbox 369 2752 493 2813; x_wconf 86' lang='lat' dir='ltr'>„Veram</span> <span class='ocrx_word' id='word_1_167' title='bbox 521 2749 567 2798; x_wconf 87' lang='lat' dir='ltr'>hic</span> <span class='ocrx_word' id='word_1_168' title='bbox 592 2749 690 2814; x_wconf 77' lang='lat' dir='ltr'><strong>pandit</strong></span> 
     </span>
     <span class='ocr_line' id='line_1_29' title="bbox 146 2819 691 2883; baseline 0 -14"><span class='ocrx_word' id='word_1_169' title='bbox 146 2819 294 2871; x_wconf 86' lang='lat' dir='ltr'>historicus</span> <span class='ocrx_word' id='word_1_170' title='bbox 314 2835 438 2879; x_wconf 89' lang='lat' dir='ltr'>causam,</span> <span class='ocrx_word' id='word_1_171' title='bbox 463 2834 532 2883; x_wconf 89' lang='lat' dir='ltr'>quae</span> <span class='ocrx_word' id='word_1_172' title='bbox 551 2819 691 2869; x_wconf 87' lang='lat' dir='ltr'>Lacedae·</span> 
     </span>
     <span class='ocr_line' id='line_1_30' title="bbox 146 2888 689 2952; baseline -0.002 -13"><span class='ocrx_word' id='word_1_173' title='bbox 146 2891 250 2940; x_wconf 85' lang='lat' dir='ltr'>monins</span> <span class='ocrx_word' id='word_1_174' title='bbox 271 2894 410 2941; x_wconf 81' lang='lat' dir='ltr'>moveret:</span> <span class='ocrx_word' id='word_1_175' title='bbox 440 2888 617 2952; x_wconf 76' lang='lat' dir='ltr'>praecedenti</span> <span class='ocrx_word' id='word_1_176' title='bbox 645 2904 689 2938; x_wconf 89' lang='lat' dir='ltr'>ca·</span> 
     </span>
     <span class='ocr_line' id='line_1_31' title="bbox 146 2958 688 3023; baseline -0.002 -15"><span class='ocrx_word' id='word_1_177' title='bbox 146 2959 200 3023; x_wconf 88' lang='lat' dir='ltr'>pite</span> <span class='ocrx_word' id='word_1_178' title='bbox 219 2965 334 3009; x_wconf 87' lang='lat' dir='ltr'>narrata</span> <span class='ocrx_word' id='word_1_179' title='bbox 353 2958 420 3008; x_wconf 84' lang='lat' dir='ltr'>nihil</span> <span class='ocrx_word' id='word_1_180' title='bbox 442 2962 519 3009; x_wconf 90' lang='lat' dir='ltr'>eraut</span> <span class='ocrx_word' id='word_1_181' title='bbox 541 2958 615 3007; x_wconf 90' lang='lat' dir='ltr'>aliud</span> <span class='ocrx_word' id='word_1_182' title='bbox 634 2958 688 3007; x_wconf 91' lang='lat' dir='ltr'>nisi</span> 
     </span>
     <span class='ocr_line' id='line_1_32' title="bbox 147 3029 688 3093; baseline 0 -16"><span class='ocrx_word' id='word_1_183' title='bbox 147 3029 268 3093; x_wconf 86' lang='lat' dir='ltr'>specics,</span> <span class='ocrx_word' id='word_1_184' title='bbox 295 3045 376 3093; x_wconf 89' lang='lat' dir='ltr'>qnam</span> <span class='ocrx_word' id='word_1_185' title='bbox 402 3043 468 3078; x_wconf 88' lang='lat' dir='ltr'>suae</span> <span class='ocrx_word' id='word_1_186' title='bbox 492 3029 688 3090; x_wconf 74' lang='lat' dir='ltr'>praetexebant</span> 
     </span>
    </p>
   </div>
   <div class='ocr_carea' id='block_1_7' title="bbox 144 3166 688 4484">
    <p class='ocr_par' dir='ltr' id='par_1_9' title="bbox 144 3166 688 4484">
     <span class='ocr_line' id='line_1_33' title="bbox 146 3166 688 3231; baseline -0.002 -14"><span class='ocrx_word' id='word_1_187' title='bbox 146 3169 307 3225; x_wconf 68' lang='lat' dir='ltr'>acutiorem</span> <span class='ocrx_word' id='word_1_188' title='bbox 338 3167 409 3217; x_wconf 83' lang='lat' dir='ltr'>hano</span> <span class='ocrx_word' id='word_1_189' title='bbox 432 3167 527 3231; x_wconf 88' lang='lat' dir='ltr'>itaque</span> <span class='ocrx_word' id='word_1_190' title='bbox 549 3166 634 3217; x_wconf 88' lang='lat' dir='ltr'>solam</span> <span class='ocrx_word' id='word_1_191' title='bbox 659 3168 688 3216; x_wconf 92' lang='lat' dir='ltr'>iu</span> 
     </span>
     <span class='ocr_line' id='line_1_34' title="bbox 146 3239 685 3290; baseline -0.004 -2"><span class='ocrx_word' id='word_1_192' title='bbox 146 3239 280 3288; x_wconf 85' lang='lat' dir='ltr'>sociorum</span> <span class='ocrx_word' id='word_1_193' title='bbox 306 3241 442 3287; x_wconf 89' lang='lat' dir='ltr'>conventu</span> <span class='ocrx_word' id='word_1_194' title='bbox 466 3242 685 3290; x_wconf 85' lang='lat' dir='ltr'>commemorant.</span> 
     </span>
     <span class='ocr_line' id='line_1_35' title="bbox 145 3304 685 3370; baseline 0 -12"><span class='ocrx_word' id='word_1_195' title='bbox 145 3308 204 3358; x_wconf 82' lang='lat' dir='ltr'>Non</span> <span class='ocrx_word' id='word_1_196' title='bbox 218 3307 351 3358; x_wconf 76' lang='lat' dir='ltr'>debuerat</span> <span class='ocrx_word' id='word_1_197' title='bbox 370 3307 464 3370; x_wconf 90' lang='lat' dir='ltr'>itaque</span> <span class='ocrx_word' id='word_1_198' title='bbox 477 3304 640 3355; x_wconf 76' lang='lat' dir='ltr'>Plutarchus</span> <span class='ocrx_word' id='word_1_199' title='bbox 652 3307 685 3359; x_wconf 89' lang='lat' dir='ltr'>T.</span> 
     </span>
     <span class='ocr_line' id='line_1_36' title="bbox 146 3375 687 3441; baseline -0.004 -15"><span class='ocrx_word' id='word_1_200' title='bbox 146 3377 181 3426; x_wconf 87' lang='lat'>11.</span> <span class='ocrx_word' id='word_1_201' title='bbox 197 3392 263 3441; x_wconf 89' lang='lat' dir='ltr'>pag.</span> <span class='ocrx_word' id='word_1_202' title='bbox 278 3375 371 3427; x_wconf 73' lang='lat' dir='ltr'>Boou.</span> <span class='ocrx_word' id='word_1_203' title='bbox 389 3375 452 3425; x_wconf 87' lang='lat' dir='ltr'>hinc</span> <span class='ocrx_word' id='word_1_204' title='bbox 468 3375 551 3424; x_wconf 88' lang='lat' dir='ltr'>etiam</span> <span class='ocrx_word' id='word_1_205' title='bbox 566 3376 687 3426; x_wconf 86' lang='lat' dir='ltr'>occasio·</span> 
     </span>
     <span class='ocr_line' id='line_1_37' title="bbox 145 3445 688 3510; baseline -0.004 -16"><span class='ocrx_word' id='word_1_206' title='bbox 145 3461 203 3497; x_wconf 89' lang='lat' dir='ltr'>nem</span> <span class='ocrx_word' id='word_1_207' title='bbox 220 3452 338 3510; x_wconf 88' lang='lat' dir='ltr'>captare</span> <span class='ocrx_word' id='word_1_208' title='bbox 356 3445 524 3496; x_wconf 90' lang='lat' dir='ltr'>Herodotum</span> <span class='ocrx_word' id='word_1_209' title='bbox 542 3446 688 3495; x_wconf 89' lang='lat' dir='ltr'>criminan-</span> 
     </span>
     <span class='ocr_line' id='line_1_38' title="bbox 146 3513 688 3576; baseline -0.002 -12"><span class='ocrx_word' id='word_1_210' title='bbox 146 3514 179 3565; x_wconf 87' lang='lat' dir='ltr'>di.</span> <span class='ocrx_word' id='word_1_211' title='bbox 196 3544 226 3551; x_wconf 95' lang='lat'>-</span> <span class='ocrx_word' id='word_1_212' title='bbox 255 3513 357 3576; x_wconf 80' lang='lat' dir='ltr'>Quales</span> <span class='ocrx_word' id='word_1_213' title='bbox 376 3520 467 3564; x_wconf 88' lang='lat' dir='ltr'>autem</span> <span class='ocrx_word' id='word_1_214' title='bbox 481 3513 527 3563; x_wconf 83' lang='lat' dir='ltr'>hic</span> <span class='ocrx_word' id='word_1_215' title='bbox 545 3513 624 3564; x_wconf 90' lang='lat' dir='ltr'>nobis</span> <span class='ocrx_word' id='word_1_216' title='bbox 643 3529 688 3563; x_wconf 85' lang='lat' dir='ltr'>ex·</span> 
     </span>
     <span class='ocr_line' id='line_1_39' title="bbox 144 3584 688 3649; baseline -0.004 -16"><span class='ocrx_word' id='word_1_217' title='bbox 144 3585 232 3649; x_wconf 89' lang='lat' dir='ltr'>pingit</span> <span class='ocrx_word' id='word_1_218' title='bbox 262 3585 421 3635; x_wconf 87' lang='lat' dir='ltr'>Herodotus</span> <span class='ocrx_word' id='word_1_219' title='bbox 447 3584 688 3644; x_wconf 89' lang='lat' dir='ltr'>Lacedaemonios,</span> 
     </span>
     <span class='ocr_line' id='line_1_40' title="bbox 145 3652 687 3705; baseline -0.002 -2"><span class='ocrx_word' id='word_1_220' title='bbox 145 3653 211 3704; x_wconf 87' lang='lat' dir='ltr'>talea</span> <span class='ocrx_word' id='word_1_221' title='bbox 237 3659 313 3705; x_wconf 83' lang='lat' dir='ltr'>certe</span> <span class='ocrx_word' id='word_1_222' title='bbox 336 3652 446 3704; x_wconf 88' lang='lat' dir='ltr'>fuerunt</span> <span class='ocrx_word' id='word_1_223' title='bbox 468 3652 548 3703; x_wconf 87' lang='lat' dir='ltr'>rebus</span> <span class='ocrx_word' id='word_1_224' title='bbox 568 3653 687 3703; x_wconf 85' lang='lat' dir='ltr'>Graeco-</span> 
     </span>
     <span class='ocr_line' id='line_1_41' title="bbox 145 3721 686 3787; baseline -0.002 -14"><span class='ocrx_word' id='word_1_225' title='bbox 145 3739 199 3773; x_wconf 88' lang='lat' dir='ltr'>rum</span> <span class='ocrx_word' id='word_1_226' title='bbox 208 3723 380 3774; x_wconf 86' lang='lat' dir='ltr'>florentibus.</span> <span class='ocrx_word' id='word_1_227' title='bbox 398 3722 529 3773; x_wconf 87' lang='lat' dir='ltr'>Graeciae</span> <span class='ocrx_word' id='word_1_228' title='bbox 538 3721 686 3787; x_wconf 89' lang='lat' dir='ltr'>principes,</span> 
     </span>
     <span class='ocr_line' id='line_1_42' title="bbox 145 3791 686 3856; baseline -0.002 -14"><span class='ocrx_word' id='word_1_229' title='bbox 145 3808 222 3856; x_wconf 85' lang='lat' dir='ltr'>quam</span> <span class='ocrx_word' id='word_1_230' title='bbox 237 3792 355 3844; x_wconf 90' lang='lat' dir='ltr'>oderant</span> <span class='ocrx_word' id='word_1_231' title='bbox 370 3791 443 3842; x_wconf 89' lang='lat' dir='ltr'>domi</span> <span class='ocrx_word' id='word_1_232' title='bbox 456 3792 643 3856; x_wconf 84' lang='lat' dir='ltr'>tyrannidem,</span> <span class='ocrx_word' id='word_1_233' title='bbox 657 3791 686 3841; x_wconf 92' lang='lat' dir='ltr'>in</span> 
     </span>
     <span class='ocr_line' id='line_1_43' title="bbox 145 3861 686 3926; baseline -0.002 -15"><span class='ocrx_word' id='word_1_234' title='bbox 145 3862 235 3913; x_wconf 89' lang='lat' dir='ltr'>liberie</span> <span class='ocrx_word' id='word_1_235' title='bbox 250 3863 414 3914; x_wconf 88' lang='lat' dir='ltr'>civitatibus</span> <span class='ocrx_word' id='word_1_236' title='bbox 432 3861 534 3926; x_wconf 89' lang='lat' dir='ltr'>ubique</span> <span class='ocrx_word' id='word_1_237' title='bbox 549 3861 686 3911; x_wconf 86' lang='lat' dir='ltr'>conaban-</span> 
     </span>
     <span class='ocr_line' id='line_1_44' title="bbox 145 3930 687 3994; baseline 0 -15"><span class='ocrx_word' id='word_1_238' title='bbox 145 3938 185 3982; x_wconf 84' lang='lat' dir='ltr'>tur</span> <span class='ocrx_word' id='word_1_239' title='bbox 192 3932 350 3993; x_wconf 75' lang='lat' dir='ltr'>adfirmare3</span> <span class='ocrx_word' id='word_1_240' title='bbox 362 3930 480 3982; x_wconf 89' lang='lat' dir='ltr'>subditis</span> <span class='ocrx_word' id='word_1_241' title='bbox 491 3936 568 3980; x_wconf 86' lang='lat' dir='ltr'>erant</span> <span class='ocrx_word' id='word_1_242' title='bbox 577 3930 687 3994; x_wconf 79' lang='lat' dir='ltr'>superbi</span> 
     </span>
     <span class='ocr_line' id='line_1_45' title="bbox 146 3999 685 4065; baseline 0.002 -16"><span class='ocrx_word' id='word_1_243' title='bbox 146 3999 258 4060; x_wconf 87' lang='lat' dir='ltr'>domini;</span> <span class='ocrx_word' id='word_1_244' title='bbox 276 4002 393 4062; x_wconf 87' lang='lat' dir='ltr'>ricinis,</span> <span class='ocrx_word' id='word_1_245' title='bbox 405 4016 474 4065; x_wconf 89' lang='lat' dir='ltr'>quos</span> <span class='ocrx_word' id='word_1_246' title='bbox 483 4001 637 4060; x_wconf 83' lang='lat' dir='ltr'>vexabant,</span> <span class='ocrx_word' id='word_1_247' title='bbox 650 4000 685 4050; x_wconf 87' lang='lat' dir='ltr'>ab</span> 
     </span>
     <span class='ocr_line' id='line_1_46' title="bbox 146 4070 684 4137; baseline 0.002 -18"><span class='ocrx_word' id='word_1_248' title='bbox 146 4072 340 4137; x_wconf 85' lang='lat' dir='ltr'>antiquissimis</span> <span class='ocrx_word' id='word_1_249' title='bbox 373 4070 540 4134; x_wconf 86' lang='lat' dir='ltr'>temporibus</span> <span class='ocrx_word' id='word_1_250' title='bbox 576 4085 684 4135; x_wconf 57' lang='lat' dir='ltr'>gravem</span> 
     </span>
     <span class='ocr_line' id='line_1_47' title="bbox 145 4139 686 4204; baseline 0.002 -15"><span class='ocrx_word' id='word_1_251' title='bbox 145 4139 297 4201; x_wconf 83' lang='lat' dir='ltr'>Messeniis,</span> <span class='ocrx_word' id='word_1_252' title='bbox 306 4139 468 4201; x_wconf 78' lang='lat' dir='ltr'>Arcadibus,</span> <span class='ocrx_word' id='word_1_253' title='bbox 476 4139 587 4204; x_wconf 81' lang='lat' dir='ltr'>Argivis</span> <span class='ocrx_word' id='word_1_254' title='bbox 597 4143 686 4190; x_wconf 87' lang='lat' dir='ltr'>caete-</span> 
     </span>
     <span class='ocr_line' id='line_1_48' title="bbox 146 4208 684 4274; baseline -0.002 -15"><span class='ocrx_word' id='word_1_255' title='bbox 146 4210 246 4274; x_wconf 79' lang='lat' dir='ltr'>risque3</span> <span class='ocrx_word' id='word_1_256' title='bbox 267 4212 296 4260; x_wconf 90' lang='lat' dir='ltr'>in</span> <span class='ocrx_word' id='word_1_257' title='bbox 309 4209 391 4260; x_wconf 85' lang='lat' dir='ltr'>bellis</span> <span class='ocrx_word' id='word_1_258' title='bbox 409 4212 437 4258; x_wconf 87' lang='lat' dir='ltr'>et</span> <span class='ocrx_word' id='word_1_259' title='bbox 453 4208 631 4259; x_wconf 78' lang='lat' dir='ltr'>societatibus</span> <span class='ocrx_word' id='word_1_260' title='bbox 644 4209 684 4258; x_wconf 90' lang='lat' dir='ltr'>in·</span> 
     </span>
     <span class='ocr_line' id='line_1_49' title="bbox 147 4277 684 4345; baseline 0.002 -18"><span class='ocrx_word' id='word_1_261' title='bbox 147 4280 237 4331; x_wconf 89' lang='lat' dir='ltr'>eundis</span> <span class='ocrx_word' id='word_1_262' title='bbox 250 4280 318 4331; x_wconf 87' lang='lat' dir='ltr'>utile</span> <span class='ocrx_word' id='word_1_263' title='bbox 329 4278 488 4345; x_wconf 88' lang='lat' dir='ltr'>plerumque</span> <span class='ocrx_word' id='word_1_264' title='bbox 502 4277 625 4329; x_wconf 87' lang='lat' dir='ltr'>honestis</span> <span class='ocrx_word' id='word_1_265' title='bbox 636 4294 684 4328; x_wconf 88' lang='lat' dir='ltr'>an-</span> 
     </span>
     <span class='ocr_line' id='line_1_50' title="bbox 146 4346 684 4411; baseline 0 -13"><span class='ocrx_word' id='word_1_266' title='bbox 146 4350 317 4411; x_wconf 86' lang='lat' dir='ltr'>teponebant.</span> <span class='ocrx_word' id='word_1_267' title='bbox 347 4348 487 4400; x_wconf 76' lang='lat' dir='ltr'>Thebanis</span> <span class='ocrx_word' id='word_1_268' title='bbox 500 4347 630 4398; x_wconf 85' lang='lat' dir='ltr'>auxilium</span> <span class='ocrx_word' id='word_1_269' title='bbox 644 4346 684 4398; x_wconf 81' lang='lat' dir='ltr'>ie·</span> 
     </span>
     <span class='ocr_line' id='line_1_51' title="bbox 146 4416 683 4484; baseline 0.002 -18"><span class='ocrx_word' id='word_1_270' title='bbox 146 4418 248 4484; x_wconf 88' lang='lat' dir='ltr'>rebant,</span> <span class='ocrx_word' id='word_1_271' title='bbox 266 4426 298 4471; x_wconf 89' lang='lat' dir='ltr'>ut</span> <span class='ocrx_word' id='word_1_272' title='bbox 316 4417 416 4470; x_wconf 82' lang='lat' dir='ltr'>scribit</span> <span class='ocrx_word' id='word_1_273' title='bbox 434 4417 545 4467; x_wconf 85' lang='lat' dir='ltr'>Diodor.</span> <span class='ocrx_word' id='word_1_274' title='bbox 565 4416 619 4468; x_wconf 82' lang='lat' dir='ltr'>Sic.</span> <span class='ocrx_word' id='word_1_275' title='bbox 633 4417 683 4481; x_wconf 84' lang='lat' dir='ltr'>XI,</span> 
     </span>
    </p>
   </div>
   <div class='ocr_carea' id='block_1_8' title="bbox 738 1426 1284 2053">
    <p class='ocr_par' dir='ltr' id='par_1_10' title="bbox 738 1426 1284 2053">
     <span class='ocr_line' id='line_1_52' title="bbox 741 1426 1283 1501; baseline 0.007 -16"><span class='ocrx_word' id='word_1_276' title='bbox 741 1435 790 1496; x_wconf 83' lang='lat'>81,</span> <span class='ocrx_word' id='word_1_277' title='bbox 804 1432 967 1498; x_wconf 76' lang='grc' dir='ltr'><strong><em>νομίζοντες</em></strong></span> <span class='ocrx_word' id='word_1_278' title='bbox 979 1426 1030 1492; x_wconf 74' lang='grc' dir='ltr'>τὰς</span> <span class='ocrx_word' id='word_1_279' title='bbox 1042 1428 1154 1501; x_wconf 78' lang='grc' dir='ltr'><strong><em>Θήβας,</em></strong></span> <span class='ocrx_word' id='word_1_280' title='bbox 1169 1428 1219 1487; x_wconf 74' lang='grc' dir='ltr'>ἐὰν</span> <span class='ocrx_word' id='word_1_281' title='bbox 1232 1430 1283 1489; x_wconf 80' lang='grc' dir='ltr'>αὖ·</span> 
     </span>
     <span class='ocr_line' id='line_1_53' title="bbox 742 1495 1284 1572; baseline 0.011 -21"><span class='ocrx_word' id='word_1_282' title='bbox 742 1495 882 1565; x_wconf 75' lang='grc' dir='ltr'><strong><em>ξήσωτιν,</em></strong></span> <span class='ocrx_word' id='word_1_283' title='bbox 913 1498 1027 1553; x_wconf 77' lang='grc' dir='ltr'><strong><em>ἔσεσθαι</em></strong></span> <span class='ocrx_word' id='word_1_284' title='bbox 1055 1504 1090 1571; x_wconf 84' lang='grc' dir='ltr'><strong><em>τῇ</em></strong></span> <span class='ocrx_word' id='word_1_285' title='bbox 1115 1504 1173 1555; x_wconf 75' lang='grc' dir='ltr'><strong><em>τῶν</em></strong></span> <span class='ocrx_word' id='word_1_286' title='bbox 1203 1499 1284 1572; x_wconf 78' lang='grc' dir='ltr'>Ἀθη-</span> 
     </span>
     <span class='ocr_line' id='line_1_54' title="bbox 742 1561 1284 1635; baseline 0.015 -15"><span class='ocrx_word' id='word_1_287' title='bbox 742 1571 832 1620; x_wconf 81' lang='grc' dir='ltr'><strong><em>ναίων</em></strong></span> <span class='ocrx_word' id='word_1_288' title='bbox 849 1561 943 1635; x_wconf 72' lang='grc' dir='ltr'><strong><em>ὥσπερ</em></strong></span> <span class='ocrx_word' id='word_1_289' title='bbox 957 1566 1109 1624; x_wconf 76' lang='grc' dir='ltr'><strong><em>οἱντίττολίν</em></strong></span> <span class='ocrx_word' id='word_1_290' title='bbox 1124 1591 1196 1625; x_wconf 88' lang='grc' dir='ltr'><strong><em>τινα.</em></strong></span> <span class='ocrx_word' id='word_1_291' title='bbox 1236 1578 1284 1628; x_wconf 88' lang='lat' dir='ltr'>Se·</span> 
     </span>
     <span class='ocr_line' id='line_1_55' title="bbox 741 1642 1284 1710; baseline 0.011 -19"><span class='ocrx_word' id='word_1_292' title='bbox 741 1642 859 1692; x_wconf 88' lang='lat' dir='ltr'>cundum</span> <span class='ocrx_word' id='word_1_293' title='bbox 872 1642 1040 1693; x_wconf 87' lang='lat' dir='ltr'>Herodotum</span> <span class='ocrx_word' id='word_1_294' title='bbox 1053 1645 1227 1710; x_wconf 77' lang='lat' dir='ltr'>cogitabant,</span> <span class='ocrx_word' id='word_1_295' title='bbox 1238 1662 1284 1710; x_wconf 84' lang='lat' dir='ltr'>po-</span> 
     </span>
     <span class='ocr_line' id='line_1_56' title="bbox 738 1712 1283 1778; baseline 0.013 -18"><span class='ocrx_word' id='word_1_296' title='bbox 738 1714 823 1774; x_wconf 85' lang='lat' dir='ltr'>pulum</span> <span class='ocrx_word' id='word_1_297' title='bbox 836 1712 1024 1774; x_wconf 71' lang='lat' dir='ltr'>Atheniensem,</span> <span class='ocrx_word' id='word_1_298' title='bbox 1048 1730 1126 1778; x_wconf 87' lang='lat' dir='ltr'>quem</span> <span class='ocrx_word' id='word_1_299' title='bbox 1145 1721 1217 1766; x_wconf 86' lang='lat' dir='ltr'>certe</span> <span class='ocrx_word' id='word_1_300' title='bbox 1235 1733 1283 1766; x_wconf 91' lang='lat' dir='ltr'>uo-</span> 
     </span>
     <span class='ocr_line' id='line_1_57' title="bbox 740 1772 1283 1848; baseline 0.013 -18"><span class='ocrx_word' id='word_1_301' title='bbox 740 1781 834 1831; x_wconf 85' lang='lat' dir='ltr'>lebant</span> <span class='ocrx_word' id='word_1_302' title='bbox 852 1779 904 1831; x_wconf 73' lang='lat' dir='ltr'>s‘ibi</span> <span class='ocrx_word' id='word_1_303' title='bbox 922 1772 1112 1844; x_wconf 72' lang='grc' dir='ltr'><strong><em>ἀντίρροπον,</em></strong></span> <span class='ocrx_word' id='word_1_304' title='bbox 1137 1800 1283 1848; x_wconf 82' lang='lat' dir='ltr'>oppressum</span> 
     </span>
     <span class='ocr_line' id='line_1_58' title="bbox 742 1841 1283 1916; baseline 0.007 -16"><span class='ocrx_word' id='word_1_305' title='bbox 742 1867 759 1900; x_wconf 80' lang='lat' dir='ltr'>a</span> <span class='ocrx_word' id='word_1_306' title='bbox 768 1857 891 1916; x_wconf 75' lang='lat' dir='ltr'>tyranno,</span> <span class='ocrx_word' id='word_1_307' title='bbox 904 1849 1024 1901; x_wconf 77' lang='lat' dir='ltr'>futurum</span> <span class='ocrx_word' id='word_1_308' title='bbox 1035 1841 1214 1911; x_wconf 63' lang='lat' dir='ltr'>undeviceni</span> <span class='ocrx_word' id='word_1_309' title='bbox 1224 1870 1283 1905; x_wconf 85' lang='grc' dir='ltr'><strong><em>πει-</em></strong></span> 
     </span>
     <span class='ocr_line' id='line_1_59' title="bbox 741 1915 1284 1984; baseline 0.013 -17"><span class='ocrx_word' id='word_1_310' title='bbox 741 1916 918 1984; x_wconf 73' lang='grc' dir='ltr'><strong><em>θαρχέεσθαι</em></strong></span> <span class='ocrx_word' id='word_1_311' title='bbox 939 1915 1066 1984; x_wconf 78' lang='grc' dir='ltr'><strong><em>ἕτοιμον,</em></strong></span> <span class='ocrx_word' id='word_1_312' title='bbox 1090 1923 1232 1973; x_wconf 83' lang='lat' dir='ltr'>imbecillum</span> <span class='ocrx_word' id='word_1_313' title='bbox 1252 1941 1284 1974; x_wconf 84' lang='lat' dir='ltr'>uc</span> 
     </span>
     <span class='ocr_line' id='line_1_60' title="bbox 741 1989 1283 2053; baseline 0.011 -13"><span class='ocrx_word' id='word_1_314' title='bbox 741 1992 829 2049; x_wconf 78' lang='lat' dir='ltr'>talem,</span> <span class='ocrx_word' id='word_1_315' title='bbox 851 2005 920 2053; x_wconf 83' lang='lat' dir='ltr'>quern</span> <span class='ocrx_word' id='word_1_316' title='bbox 931 1990 980 2039; x_wconf 85' lang='lat' dir='ltr'>sibi</span> <span class='ocrx_word' id='word_1_317' title='bbox 987 1989 1066 2051; x_wconf 74' lang='lat' dir='ltr'>facile</span> <span class='ocrx_word' id='word_1_318' title='bbox 1080 1993 1147 2043; x_wconf 79' lang='lat' dir='ltr'>dicto</span> <span class='ocrx_word' id='word_1_319' title='bbox 1162 1993 1283 2046; x_wconf 82' lang='lat' dir='ltr'>haberent</span> 
     </span>
    </p>
   </div>
   <div class='ocr_carea' id='block_1_9' title="bbox 658 2059 1284 2124">
    <p class='ocr_par' dir='ltr' id='par_1_11' title="bbox 658 2059 1284 2124">
     <span class='ocr_line' id='line_1_61' title="bbox 658 2059 1284 2124; baseline 0.014 -19"><span class='ocrx_word' id='word_1_320' title='bbox 658 2109 664 2120; x_wconf 48' lang='grc'>,</span> <span class='ocrx_word' id='word_1_321' title='bbox 741 2059 909 2111; x_wconf 66' lang='lat' dir='ltr'>caecutientem.u</span> <span class='ocrx_word' id='word_1_322' title='bbox 922 2061 1011 2124; x_wconf 78' lang='lat' dir='ltr'>Atque</span> <span class='ocrx_word' id='word_1_323' title='bbox 1021 2063 1148 2112; x_wconf 83' lang='lat' dir='ltr'>convenit</span> <span class='ocrx_word' id='word_1_324' title='bbox 1157 2063 1284 2114; x_wconf 88' lang='lat' dir='ltr'>haecLa·</span> 
     </span>
    </p>
   </div>
   <div class='ocr_carea' id='block_1_10' title="bbox 734 2127 1283 4489">
    <p class='ocr_par' dir='ltr' id='par_1_12' title="bbox 734 2127 1283 4489">
     <span class='ocr_line' id='line_1_62' title="bbox 741 2127 1283 2184; baseline 0.007 -6"><span class='ocrx_word' id='word_1_325' title='bbox 741 2127 977 2178; x_wconf 87' lang='lat' dir='ltr'>cedaeinouiorum</span> <span class='ocrx_word' id='word_1_326' title='bbox 997 2133 1134 2182; x_wconf 87' lang='lat' dir='ltr'>sententia</span> <span class='ocrx_word' id='word_1_327' title='bbox 1150 2133 1183 2184; x_wconf 92' lang='lat' dir='ltr'>de</span> <span class='ocrx_word' id='word_1_328' title='bbox 1199 2134 1283 2183; x_wconf 79' lang='lat' dir='ltr'>Athe-</span> 
     </span>
     <span class='ocr_line' id='line_1_63' title="bbox 741 2198 1283 2267; baseline 0.011 -20"><span class='ocrx_word' id='word_1_329' title='bbox 741 2198 882 2247; x_wconf 84' lang='lat' dir='ltr'>nieneibus</span> <span class='ocrx_word' id='word_1_330' title='bbox 902 2213 963 2248; x_wconf 91' lang='lat' dir='ltr'>cum</span> <span class='ocrx_word' id='word_1_331' title='bbox 978 2199 1030 2261; x_wconf 94' lang='lat' dir='ltr'>iis,</span> <span class='ocrx_word' id='word_1_332' title='bbox 1053 2216 1123 2264; x_wconf 87' lang='lat' dir='ltr'>quae</span> <span class='ocrx_word' id='word_1_333' title='bbox 1141 2217 1226 2267; x_wconf 86' lang='lat' dir='ltr'>supra</span> <span class='ocrx_word' id='word_1_334' title='bbox 1244 2202 1283 2253; x_wconf 92' lang='lat' dir='ltr'>le·</span> 
     </span>
     <span class='ocr_line' id='line_1_64' title="bbox 740 2264 1283 2334; baseline 0.011 -19"><span class='ocrx_word' id='word_1_335' title='bbox 740 2271 841 2331; x_wconf 88' lang='lat' dir='ltr'>guntur</span> <span class='ocrx_word' id='word_1_336' title='bbox 854 2283 915 2331; x_wconf 91' lang='lat' dir='ltr'>cap.</span> <span class='ocrx_word' id='word_1_337' title='bbox 927 2266 970 2328; x_wconf 80' lang='lat'>78,</span> <span class='ocrx_word' id='word_1_338' title='bbox 984 2269 1031 2318; x_wconf 91' lang='lat' dir='ltr'>ubi</span> <span class='ocrx_word' id='word_1_339' title='bbox 1043 2271 1097 2319; x_wconf 84' lang='lat' dir='ltr'>vid.</span> <span class='ocrx_word' id='word_1_340' title='bbox 1107 2275 1177 2322; x_wconf 82' lang='lat' dir='ltr'>nott.</span> <span class='ocrx_word' id='word_1_341' title='bbox 1206 2264 1283 2334; x_wconf 81' lang='grc' dir='ltr'><strong><em>ἰσόρ-</em></strong></span> 
     </span>
     <span class='ocr_line' id='line_1_65' title="bbox 741 2336 1282 2405; baseline 0.018 -23"><span class='ocrx_word' id='word_1_342' title='bbox 741 2350 834 2397; x_wconf 82' lang='grc' dir='ltr'><strong><em>ροπον</em></strong></span> <span class='ocrx_word' id='word_1_343' title='bbox 843 2336 918 2387; x_wconf 84' lang='lat' dir='ltr'>valet</span> <span class='ocrx_word' id='word_1_344' title='bbox 927 2337 1034 2394; x_wconf 70' lang='lat' dir='ltr'>cimbris,</span> <span class='ocrx_word' id='word_1_345' title='bbox 1044 2340 1133 2404; x_wconf 83' lang='lat' dir='ltr'>opibus</span> <span class='ocrx_word' id='word_1_346' title='bbox 1141 2357 1208 2404; x_wconf 64' lang='lat' dir='ltr'>pom·</span> <span class='ocrx_word' id='word_1_347' title='bbox 1223 2342 1282 2405; x_wconf 91' lang='lat' dir='ltr'>plu·</span> 
     </span>
     <span class='ocr_line' id='line_1_66' title="bbox 740 2406 1281 2463; baseline 0.015 -8"><span class='ocrx_word' id='word_1_348' title='bbox 740 2420 772 2455; x_wconf 85' lang='lat' dir='ltr'>ra</span> <span class='ocrx_word' id='word_1_349' title='bbox 791 2406 824 2456; x_wconf 90' lang='lat' dir='ltr'>de</span> <span class='ocrx_word' id='word_1_350' title='bbox 846 2406 897 2455; x_wconf 91' lang='lat' dir='ltr'>hac</span> <span class='ocrx_word' id='word_1_351' title='bbox 919 2423 987 2456; x_wconf 83' lang='lat' dir='ltr'>voce</span> <span class='ocrx_word' id='word_1_352' title='bbox 1006 2409 1129 2460; x_wconf 82' lang='lat' dir='ltr'>iuvenies</span> <span class='ocrx_word' id='word_1_353' title='bbox 1151 2412 1179 2460; x_wconf 93' lang='lat' dir='ltr'>in</span> <span class='ocrx_word' id='word_1_354' title='bbox 1199 2411 1281 2463; x_wconf 87' lang='lat' dir='ltr'>Thes.</span> 
     </span>
     <span class='ocr_line' id='line_1_67' title="bbox 739 2475 1280 2541; baseline 0.013 -16"><span class='ocrx_word' id='word_1_355' title='bbox 739 2475 818 2541; x_wconf 89' lang='lat' dir='ltr'>Ling.</span> <span class='ocrx_word' id='word_1_356' title='bbox 833 2475 930 2527; x_wconf 84' lang='lat' dir='ltr'>Graec.</span> <span class='ocrx_word' id='word_1_357' title='bbox 942 2476 990 2525; x_wconf 89' lang='lat' dir='ltr'>IV.</span> <span class='ocrx_word' id='word_1_358' title='bbox 1001 2493 1028 2541; x_wconf 87' lang='lat' dir='ltr'>p.</span> <span class='ocrx_word' id='word_1_359' title='bbox 1037 2478 1089 2529; x_wconf 76' lang='lat'>678</span> <span class='ocrx_word' id='word_1_360' title='bbox 1100 2480 1142 2532; x_wconf 89' lang='lat' dir='ltr'>ed.</span> <span class='ocrx_word' id='word_1_361' title='bbox 1153 2481 1280 2534; x_wconf 81' lang='lat' dir='ltr'>Diodori.</span> 
     </span>
     <span class='ocr_line' id='line_1_68' title="bbox 739 2543 1282 2615; baseline 0.017 -22"><span class='ocrx_word' id='word_1_362' title='bbox 739 2543 780 2595; x_wconf 81' lang='lat' dir='ltr'>Ac</span> <span class='ocrx_word' id='word_1_363' title='bbox 790 2546 897 2596; x_wconf 90' lang='lat' dir='ltr'>monuit</span> <span class='ocrx_word' id='word_1_364' title='bbox 907 2548 1013 2612; x_wconf 84' lang='lat' dir='ltr'>quoque</span> <span class='ocrx_word' id='word_1_365' title='bbox 1022 2548 1055 2597; x_wconf 91' lang='lat' dir='ltr'>de</span> <span class='ocrx_word' id='word_1_366' title='bbox 1066 2548 1117 2599; x_wconf 90' lang='lat' dir='ltr'>hac</span> <span class='ocrx_word' id='word_1_367' title='bbox 1127 2565 1202 2611; x_wconf 84' lang='lat' dir='ltr'>voce,</span> <span class='ocrx_word' id='word_1_368' title='bbox 1213 2566 1282 2615; x_wconf 87' lang='lat' dir='ltr'>qnae</span> 
     </span>
     <span class='ocr_line' id='line_1_69' title="bbox 740 2614 1281 2682; baseline 0.013 -19"><span class='ocrx_word' id='word_1_369' title='bbox 740 2614 814 2677; x_wconf 89' lang='lat' dir='ltr'>apud</span> <span class='ocrx_word' id='word_1_370' title='bbox 829 2616 990 2679; x_wconf 75' lang='lat' dir='ltr'>Aeschylum</span> <span class='ocrx_word' id='word_1_371' title='bbox 1009 2621 1141 2682; x_wconf 70' lang='lat' dir='ltr'>poetasre</span> <span class='ocrx_word' id='word_1_372' title='bbox 1159 2621 1281 2670; x_wconf 84' lang='lat' dir='ltr'>crebrius</span> 
     </span>
     <span class='ocr_line' id='line_1_70' title="bbox 739 2684 1281 2747; baseline 0.011 -14"><span class='ocrx_word' id='word_1_373' title='bbox 739 2684 889 2747; x_wconf 88' lang='lat' dir='ltr'>reperitur,</span> <span class='ocrx_word' id='word_1_374' title='bbox 904 2684 1054 2738; x_wconf 84' lang='lat' dir='ltr'>Blomtield.</span> <span class='ocrx_word' id='word_1_375' title='bbox 1066 2688 1094 2736; x_wconf 92' lang='lat' dir='ltr'>iu</span> <span class='ocrx_word' id='word_1_376' title='bbox 1107 2687 1229 2743; x_wconf 84' lang='lat' dir='ltr'>Glossar.</span> <span class='ocrx_word' id='word_1_377' title='bbox 1246 2689 1281 2739; x_wconf 88' lang='lat' dir='ltr'>ad</span> 
     </span>
     <span class='ocr_line' id='line_1_71' title="bbox 739 2749 1281 2822; baseline 0.007 -19"><span class='ocrx_word' id='word_1_378' title='bbox 739 2752 868 2818; x_wconf 80' lang='lat' dir='ltr'>Aeschyli</span> <span class='ocrx_word' id='word_1_379' title='bbox 880 2754 957 2804; x_wconf 86' lang='lat' dir='ltr'>Pers.</span> <span class='ocrx_word' id='word_1_380' title='bbox 974 2754 1033 2806; x_wconf 80' lang='lat'>352.</span> <span class='ocrx_word' id='word_1_381' title='bbox 1052 2787 1087 2797; x_wconf 87' lang='lat'><em>-</em></span> <span class='ocrx_word' id='word_1_382' title='bbox 1107 2758 1148 2808; x_wconf 80' lang='lat' dir='ltr'>Ad</span> <span class='ocrx_word' id='word_1_383' title='bbox 1161 2755 1202 2822; x_wconf 77' lang='grc' dir='ltr'><strong><em>τῷ</em></strong></span> <span class='ocrx_word' id='word_1_384' title='bbox 1214 2749 1281 2809; x_wconf 74' lang='lat' dir='ltr'>dmo-</span> 
     </span>
     <span class='ocr_line' id='line_1_72' title="bbox 737 2820 1279 2890; baseline 0.013 -21"><span class='ocrx_word' id='word_1_385' title='bbox 737 2820 795 2870; x_wconf 80' lang='grc' dir='ltr'><strong><em>τῶν</em></strong></span> <span class='ocrx_word' id='word_1_386' title='bbox 810 2839 843 2872; x_wconf 86' lang='lat' dir='ltr'>ex</span> <span class='ocrx_word' id='word_1_387' title='bbox 857 2825 1083 2876; x_wconf 85' lang='lat' dir='ltr'>antecedentibus</span> <span class='ocrx_word' id='word_1_388' title='bbox 1098 2826 1185 2889; x_wconf 89' lang='lat' dir='ltr'>suppl.</span> <span class='ocrx_word' id='word_1_389' title='bbox 1197 2822 1279 2890; x_wconf 72' lang='grc' dir='ltr'><strong><em>γένεϊ.</em></strong></span> 
     </span>
     <span class='ocr_line' id='line_1_73' title="bbox 738 2892 1281 2958; baseline 0.017 -17"><span class='ocrx_word' id='word_1_390' title='bbox 738 2892 780 2941; x_wconf 90' lang='lat' dir='ltr'>De</span> <span class='ocrx_word' id='word_1_391' title='bbox 801 2892 901 2953; x_wconf 87' lang='lat' dir='ltr'>Sparta</span> <span class='ocrx_word' id='word_1_392' title='bbox 924 2895 1049 2958; x_wconf 84' lang='lat' dir='ltr'>tyrannis</span> <span class='ocrx_word' id='word_1_393' title='bbox 1073 2895 1184 2945; x_wconf 88' lang='lat' dir='ltr'>inimica</span> <span class='ocrx_word' id='word_1_394' title='bbox 1208 2896 1281 2949; x_wconf 87' lang='lat' dir='ltr'>conf.</span> 
     </span>
     <span class='ocr_line' id='line_1_74' title="bbox 739 2960 1281 3028; baseline 0.007 -17"><span class='ocrx_word' id='word_1_395' title='bbox 739 2960 853 3011; x_wconf 89' lang='lat' dir='ltr'>Sosiclis</span> <span class='ocrx_word' id='word_1_396' title='bbox 872 2963 956 3012; x_wconf 87' lang='lat' dir='ltr'>rerba</span> <span class='ocrx_word' id='word_1_397' title='bbox 969 2962 1008 3022; x_wconf 90' lang='lat' dir='ltr'>V,</span> <span class='ocrx_word' id='word_1_398' title='bbox 1022 2962 1064 3013; x_wconf 78' lang='lat'>92.</span> <span class='ocrx_word' id='word_1_399' title='bbox 1084 2963 1110 3025; x_wconf 61' lang='grc' dir='ltr'><strong><em>ς.</em></strong></span> <span class='ocrx_word' id='word_1_400' title='bbox 1131 2966 1142 3013; x_wconf 89' lang='lat' dir='ltr'>l</span> <span class='ocrx_word' id='word_1_401' title='bbox 1166 2969 1194 3013; x_wconf 89' lang='lat' dir='ltr'>et</span> <span class='ocrx_word' id='word_1_402' title='bbox 1211 2980 1281 3028; x_wconf 89' lang='lat' dir='ltr'>quae</span> 
     </span>
     <span class='ocr_line' id='line_1_75' title="bbox 738 3029 1280 3093; baseline 0.011 -14"><span class='ocrx_word' id='word_1_403' title='bbox 738 3030 771 3081; x_wconf 91' lang='lat' dir='ltr'>de</span> <span class='ocrx_word' id='word_1_404' title='bbox 794 3029 845 3079; x_wconf 90' lang='lat' dir='ltr'>hac</span> <span class='ocrx_word' id='word_1_405' title='bbox 865 3047 895 3080; x_wconf 92' lang='lat' dir='ltr'>re</span> <span class='ocrx_word' id='word_1_406' title='bbox 918 3031 1072 3093; x_wconf 86' lang='lat' dir='ltr'>disputavit</span> <span class='ocrx_word' id='word_1_407' title='bbox 1093 3033 1280 3086; x_wconf 89' lang='lat' dir='ltr'>Wachsmnth.</span> 
     </span>
     <span class='ocr_line' id='line_1_76' title="bbox 737 3098 1280 3167; baseline 0.007 -20"><span class='ocrx_word' id='word_1_408' title='bbox 737 3098 845 3148; x_wconf 84' lang='lat' dir='ltr'>Hellen.</span> <span class='ocrx_word' id='word_1_409' title='bbox 854 3099 1049 3150; x_wconf 80' lang='lat' dir='ltr'>Alterthumslr.</span> <span class='ocrx_word' id='word_1_410' title='bbox 1061 3102 1089 3163; x_wconf 91' lang='lat'>1,</span> <span class='ocrx_word' id='word_1_411' title='bbox 1106 3116 1130 3164; x_wconf 91' lang='lat' dir='ltr'>p.</span> <span class='ocrx_word' id='word_1_412' title='bbox 1146 3102 1201 3153; x_wconf 76' lang='grc'><strong>186.</strong></span> <span class='ocrx_word' id='word_1_413' title='bbox 1219 3103 1280 3167; x_wconf 82' lang='grc'><strong>607,</strong></span> 
     </span>
     <span class='ocr_line' id='line_1_77' title="bbox 737 3168 1282 3234; baseline 0.011 -17"><span class='ocrx_word' id='word_1_414' title='bbox 737 3168 785 3231; x_wconf 89' lang='lat' dir='ltr'>qui</span> <span class='ocrx_word' id='word_1_415' title='bbox 798 3168 949 3232; x_wconf 87' lang='lat' dir='ltr'>Spartanos</span> <span class='ocrx_word' id='word_1_416' title='bbox 962 3172 1086 3234; x_wconf 88' lang='lat' dir='ltr'>tyrannis</span> <span class='ocrx_word' id='word_1_417' title='bbox 1100 3171 1221 3222; x_wconf 82' lang='lat' dir='ltr'>infensos</span> <span class='ocrx_word' id='word_1_418' title='bbox 1238 3174 1282 3222; x_wconf 82' lang='lat' dir='ltr'>tu·</span> 
     </span>
     <span class='ocr_line' id='line_1_78' title="bbox 737 3237 1282 3305; baseline 0.007 -19"><span class='ocrx_word' id='word_1_419' title='bbox 737 3237 793 3286; x_wconf 89' lang='lat' dir='ltr'>isse</span> <span class='ocrx_word' id='word_1_420' title='bbox 807 3241 906 3289; x_wconf 88' lang='lat' dir='ltr'>statuit</span> <span class='ocrx_word' id='word_1_421' title='bbox 922 3244 978 3288; x_wconf 90' lang='lat' dir='ltr'>tum</span> <span class='ocrx_word' id='word_1_422' title='bbox 994 3241 1027 3289; x_wconf 93' lang='lat' dir='ltr'>ob</span> <span class='ocrx_word' id='word_1_423' title='bbox 1047 3240 1148 3304; x_wconf 88' lang='lat' dir='ltr'>regiam</span> <span class='ocrx_word' id='word_1_424' title='bbox 1161 3240 1282 3305; x_wconf 85' lang='lat' dir='ltr'>dignita·</span> 
     </span>
     <span class='ocr_line' id='line_1_79' title="bbox 738 3306 1281 3373; baseline 0.015 -18"><span class='ocrx_word' id='word_1_425' title='bbox 738 3312 791 3355; x_wconf 86' lang='lat' dir='ltr'>tem</span> <span class='ocrx_word' id='word_1_426' title='bbox 805 3306 969 3371; x_wconf 81' lang='lat' dir='ltr'>legitimam,</span> <span class='ocrx_word' id='word_1_427' title='bbox 989 3323 1060 3372; x_wconf 90' lang='lat' dir='ltr'>quae</span> <span class='ocrx_word' id='word_1_428' title='bbox 1073 3309 1189 3373; x_wconf 85' lang='lat' dir='ltr'>Spartae</span> <span class='ocrx_word' id='word_1_429' title='bbox 1201 3312 1281 3363; x_wconf 86' lang='lat' dir='ltr'>unice</span> 
     </span>
     <span class='ocr_line' id='line_1_80' title="bbox 738 3377 1281 3443; baseline 0.007 -17"><span class='ocrx_word' id='word_1_430' title='bbox 738 3383 849 3426; x_wconf 84' lang='lat' dir='ltr'>servata</span> <span class='ocrx_word' id='word_1_431' title='bbox 864 3378 907 3429; x_wconf 82' lang='lat' dir='ltr'>rel</span> <span class='ocrx_word' id='word_1_432' title='bbox 919 3377 989 3427; x_wconf 90' lang='lat' dir='ltr'>hanc</span> <span class='ocrx_word' id='word_1_433' title='bbox 1001 3379 1035 3427; x_wconf 92' lang='lat' dir='ltr'>ob</span> <span class='ocrx_word' id='word_1_434' title='bbox 1047 3394 1156 3429; x_wconf 90' lang='lat' dir='ltr'>causam</span> <span class='ocrx_word' id='word_1_435' title='bbox 1169 3379 1281 3443; x_wconf 82' lang='lat' dir='ltr'>illegiti-</span> 
     </span>
     <span class='ocr_line' id='line_1_81' title="bbox 737 3451 1280 3515; baseline 0.015 -22"><span class='ocrx_word' id='word_1_436' title='bbox 737 3460 798 3494; x_wconf 86' lang='lat' dir='ltr'>mae</span> <span class='ocrx_word' id='word_1_437' title='bbox 809 3451 986 3510; x_wconf 89' lang='lat' dir='ltr'>tyrannorum</span> <span class='ocrx_word' id='word_1_438' title='bbox 997 3451 1137 3511; x_wconf 89' lang='lat' dir='ltr'>potentiae</span> <span class='ocrx_word' id='word_1_439' title='bbox 1149 3465 1181 3499; x_wconf 90' lang='lat' dir='ltr'>eo</span> <span class='ocrx_word' id='word_1_440' title='bbox 1194 3452 1280 3515; x_wconf 88' lang='lat' dir='ltr'>magis</span> 
     </span>
     <span class='ocr_line' id='line_1_82' title="bbox 738 3516 1281 3582; baseline 0.011 -18"><span class='ocrx_word' id='word_1_441' title='bbox 738 3517 839 3578; x_wconf 90' lang='lat' dir='ltr'>opponi</span> <span class='ocrx_word' id='word_1_442' title='bbox 859 3516 966 3577; x_wconf 87' lang='lat' dir='ltr'>debuit,</span> <span class='ocrx_word' id='word_1_443' title='bbox 995 3522 1052 3567; x_wconf 91' lang='lat' dir='ltr'>tum</span> <span class='ocrx_word' id='word_1_444' title='bbox 1075 3518 1109 3567; x_wconf 90' lang='lat' dir='ltr'>ob</span> <span class='ocrx_word' id='word_1_445' title='bbox 1131 3520 1281 3582; x_wconf 88' lang='lat' dir='ltr'>periculum</span> 
     </span>
     <span class='ocr_line' id='line_1_83' title="bbox 737 3585 1281 3649; baseline 0.015 -17"><span class='ocrx_word' id='word_1_446' title='bbox 737 3585 858 3649; x_wconf 87' lang='lat' dir='ltr'>antiquis</span> <span class='ocrx_word' id='word_1_447' title='bbox 870 3587 972 3636; x_wconf 89' lang='lat' dir='ltr'>Dorum</span> <span class='ocrx_word' id='word_1_448' title='bbox 986 3588 1121 3638; x_wconf 90' lang='lat' dir='ltr'>institutis</span> <span class='ocrx_word' id='word_1_449' title='bbox 1134 3590 1281 3640; x_wconf 88' lang='lat' dir='ltr'>aristocra-</span> 
     </span>
     <span class='ocr_line' id='line_1_84' title="bbox 738 3654 1280 3715; baseline 0.011 -13"><span class='ocrx_word' id='word_1_450' title='bbox 738 3654 801 3702; x_wconf 87' lang='lat' dir='ltr'>ticia</span> <span class='ocrx_word' id='word_1_451' title='bbox 818 3671 851 3705; x_wconf 78' lang='lat' dir='ltr'>ex</span> <span class='ocrx_word' id='word_1_452' title='bbox 864 3656 974 3705; x_wconf 90' lang='lat' dir='ltr'>immani</span> <span class='ocrx_word' id='word_1_453' title='bbox 990 3662 1168 3715; x_wconf 79' lang='lat' dir='ltr'>tyrannorum</span> <span class='ocrx_word' id='word_1_454' title='bbox 1187 3660 1213 3709; x_wconf 87' lang='lat' dir='ltr'>vi</span> <span class='ocrx_word' id='word_1_455' title='bbox 1231 3661 1280 3708; x_wconf 91' lang='lat' dir='ltr'>im-</span> 
     </span>
     <span class='ocr_line' id='line_1_85' title="bbox 737 3724 1280 3792; baseline 0.009 -20"><span class='ocrx_word' id='word_1_456' title='bbox 737 3724 853 3775; x_wconf 88' lang='lat' dir='ltr'>minens.</span> <span class='ocrx_word' id='word_1_457' title='bbox 893 3727 953 3792; x_wconf 84' lang='lat' dir='ltr'>Quo</span> <span class='ocrx_word' id='word_1_458' title='bbox 975 3726 1058 3775; x_wconf 87' lang='lat' dir='ltr'>etiam</span> <span class='ocrx_word' id='word_1_459' title='bbox 1077 3726 1143 3778; x_wconf 90' lang='lat' dir='ltr'>illud</span> <span class='ocrx_word' id='word_1_460' title='bbox 1161 3729 1280 3792; x_wconf 86' lang='lat' dir='ltr'>accedit,</span> 
     </span>
     <span class='ocr_line' id='line_1_86' title="bbox 737 3793 1280 3863; baseline 0.009 -21"><span class='ocrx_word' id='word_1_461' title='bbox 737 3793 807 3857; x_wconf 87' lang='lat' dir='ltr'>quod</span> <span class='ocrx_word' id='word_1_462' title='bbox 827 3794 971 3858; x_wconf 88' lang='lat' dir='ltr'>Spartanis</span> <span class='ocrx_word' id='word_1_463' title='bbox 991 3795 1172 3860; x_wconf 87' lang='lat' dir='ltr'>Peloponnesi</span> <span class='ocrx_word' id='word_1_464' title='bbox 1199 3796 1280 3863; x_wconf 82' lang='lat' dir='ltr'>bege-</span> 
     </span>
     <span class='ocr_line' id='line_1_87' title="bbox 738 3864 1280 3917; baseline 0.015 -7"><span class='ocrx_word' id='word_1_465' title='bbox 738 3864 854 3912; x_wconf 90' lang='lat' dir='ltr'>moniam</span> <span class='ocrx_word' id='word_1_466' title='bbox 865 3865 1059 3915; x_wconf 87' lang='lat' dir='ltr'>affectantibus</span> <span class='ocrx_word' id='word_1_467' title='bbox 1074 3864 1142 3916; x_wconf 90' lang='lat' dir='ltr'>nihil</span> <span class='ocrx_word' id='word_1_468' title='bbox 1156 3882 1221 3917; x_wconf 90' lang='lat' dir='ltr'>sane</span> <span class='ocrx_word' id='word_1_469' title='bbox 1232 3883 1280 3917; x_wconf 91' lang='lat' dir='ltr'>an-</span> 
     </span>
     <span class='ocr_line' id='line_1_88' title="bbox 736 3933 1279 4000; baseline 0.015 -21"><span class='ocrx_word' id='word_1_470' title='bbox 736 3933 840 3996; x_wconf 86' lang='lat' dir='ltr'>tiquius</span> <span class='ocrx_word' id='word_1_471' title='bbox 855 3933 921 3995; x_wconf 84' lang='lat' dir='ltr'>luit,</span> <span class='ocrx_word' id='word_1_472' title='bbox 939 3949 1020 3998; x_wconf 91' lang='lat' dir='ltr'>quam</span> <span class='ocrx_word' id='word_1_473' title='bbox 1031 3938 1076 3995; x_wconf 92' lang='lat' dir='ltr'>ut,</span> <span class='ocrx_word' id='word_1_474' title='bbox 1092 3951 1279 4000; x_wconf 87' lang='lat' dir='ltr'>quaecumque</span> 
     </span>
     <span class='ocr_line' id='line_1_89' title="bbox 735 4002 1280 4068; baseline 0.011 -18"><span class='ocrx_word' id='word_1_475' title='bbox 735 4002 846 4052; x_wconf 91' lang='lat' dir='ltr'>Doricis</span> <span class='ocrx_word' id='word_1_476' title='bbox 861 4003 997 4052; x_wconf 87' lang='lat' dir='ltr'>institutis</span> <span class='ocrx_word' id='word_1_477' title='bbox 1009 4006 1191 4068; x_wconf 80' lang='lat' dir='ltr'>repugnantia</span> <span class='ocrx_word' id='word_1_478' title='bbox 1205 4006 1280 4056; x_wconf 87' lang='lat' dir='ltr'>inve·</span> 
     </span>
     <span class='ocr_line' id='line_1_90' title="bbox 735 4071 1277 4137; baseline 0.009 -18"><span class='ocrx_word' id='word_1_479' title='bbox 735 4071 874 4134; x_wconf 69' lang='lat' dir='ltr'>uitentur,</span> <span class='ocrx_word' id='word_1_480' title='bbox 895 4072 1023 4122; x_wconf 88' lang='lat' dir='ltr'>tollerent</span> <span class='ocrx_word' id='word_1_481' title='bbox 1037 4087 1124 4136; x_wconf 90' lang='lat' dir='ltr'>eoque</span> <span class='ocrx_word' id='word_1_482' title='bbox 1141 4072 1277 4137; x_wconf 81' lang='lat' dir='ltr'>Spartam,</span> 
     </span>
     <span class='ocr_line' id='line_1_91' title="bbox 736 4140 1279 4205; baseline 0.009 -17"><span class='ocrx_word' id='word_1_483' title='bbox 736 4154 806 4202; x_wconf 83' lang='lat' dir='ltr'>quae</span> <span class='ocrx_word' id='word_1_484' title='bbox 821 4140 907 4189; x_wconf 88' lang='lat' dir='ltr'>omnis</span> <span class='ocrx_word' id='word_1_485' title='bbox 923 4142 1025 4191; x_wconf 90' lang='lat' dir='ltr'>Dorum</span> <span class='ocrx_word' id='word_1_486' title='bbox 1040 4141 1206 4205; x_wconf 86' lang='lat' dir='ltr'>reipublicae</span> <span class='ocrx_word' id='word_1_487' title='bbox 1220 4159 1279 4193; x_wconf 88' lang='lat' dir='ltr'>car·</span> 
     </span>
     <span class='ocr_line' id='line_1_92' title="bbox 736 4207 1279 4274; baseline 0.013 -17"><span class='ocrx_word' id='word_1_488' title='bbox 736 4207 770 4257; x_wconf 91' lang='lat' dir='ltr'>do</span> <span class='ocrx_word' id='word_1_489' title='bbox 784 4208 863 4274; x_wconf 87' lang='lat' dir='ltr'>quasi</span> <span class='ocrx_word' id='word_1_490' title='bbox 876 4208 928 4259; x_wconf 83' lang='lat' dir='ltr'>tuit</span> <span class='ocrx_word' id='word_1_491' title='bbox 944 4225 978 4259; x_wconf 89' lang='lat' dir='ltr'>ac</span> <span class='ocrx_word' id='word_1_492' title='bbox 992 4208 1069 4260; x_wconf 89' lang='lat' dir='ltr'>sedes</span> <span class='ocrx_word' id='word_1_493' title='bbox 1084 4211 1221 4273; x_wconf 85' lang='lat' dir='ltr'>primaria,</span> <span class='ocrx_word' id='word_1_494' title='bbox 1234 4213 1279 4264; x_wconf 88' lang='lat' dir='ltr'>iir-</span> 
     </span>
     <span class='ocr_line' id='line_1_93' title="bbox 734 4280 1277 4346; baseline 0.011 -18"><span class='ocrx_word' id='word_1_495' title='bbox 734 4282 841 4328; x_wconf 88' lang='lat' dir='ltr'>mareut</span> <span class='ocrx_word' id='word_1_496' title='bbox 864 4282 891 4328; x_wconf 89' lang='lat' dir='ltr'>et</span> <span class='ocrx_word' id='word_1_497' title='bbox 908 4283 1050 4343; x_wconf 86' lang='lat' dir='ltr'>augerent.</span> <span class='ocrx_word' id='word_1_498' title='bbox 1085 4280 1164 4331; x_wconf 92' lang='lat' dir='ltr'>Unde</span> <span class='ocrx_word' id='word_1_499' title='bbox 1184 4284 1277 4346; x_wconf 86' lang='lat' dir='ltr'>etiam,</span> 
     </span>
     <span class='ocr_line' id='line_1_94' title="bbox 735 4346 1278 4412; baseline 0.011 -15"><span class='ocrx_word' id='word_1_500' title='bbox 735 4362 806 4412; x_wconf 89' lang='lat' dir='ltr'>quae</span> <span class='ocrx_word' id='word_1_501' title='bbox 818 4346 940 4399; x_wconf 90' lang='lat' dir='ltr'>hocloco</span> <span class='ocrx_word' id='word_1_502' title='bbox 953 4349 1115 4409; x_wconf 83' lang='lat' dir='ltr'>traduntur,</span> <span class='ocrx_word' id='word_1_503' title='bbox 1131 4356 1195 4402; x_wconf 89' lang='lat' dir='ltr'>sunt</span> <span class='ocrx_word' id='word_1_504' title='bbox 1209 4353 1278 4403; x_wconf 87' lang='lat' dir='ltr'>diiu-</span> 
     </span>
     <span class='ocr_line' id='line_1_95' title="bbox 735 4417 1277 4489; baseline 0.018 -23"><span class='ocrx_word' id='word_1_505' title='bbox 735 4417 869 4468; x_wconf 82' lang='lat' dir='ltr'>dicanda:</span> <span class='ocrx_word' id='word_1_506' title='bbox 886 4434 960 4486; x_wconf 87' lang='lat' dir='ltr'>com,</span> <span class='ocrx_word' id='word_1_507' title='bbox 976 4420 1023 4485; x_wconf 87' lang='lat' dir='ltr'>qui</span> <span class='ocrx_word' id='word_1_508' title='bbox 1033 4419 1277 4489; x_wconf 87' lang='lat' dir='ltr'>aliislocistyran·</span> 
     </span>
    </p>
   </div>
   <div class='ocr_carea' id='block_1_11' title="bbox 0 0 1554 5175">
    <p class='ocr_par' dir='ltr' id='par_1_13' title="bbox 0 0 1554 5175">
     <span class='ocr_line' id='line_1_96' title="bbox 0 0 1554 5175; baseline 0 1"><span class='ocrx_word' id='word_1_509' title='bbox 0 0 1554 5175; x_wconf 95' lang='lat' dir='ltr'> </span> 
     </span>
    </p>
   </div>
  </div>
 </body>
</html>
