3100 5175
258 408 318 473 182
688 410 961 473 HERODOTI

258 584 299 675 δὴ
321 587 376 654 ναί
401 587 542 674 ἐγένετο.
578 588 717 655 ἐλθοῦσι
747 586 784 656 δέ
807 587 863 655 καί
887 589 1088 675 διζημένοισι
1107 584 1237 657 αὐτοῖσι
1263 585 1307 669 ὡς
1331 585 1396 659 οὐκ

258 694 432 778 ἐφαίνετο,
452 689 567 759 ἐδόκεε
584 688 877 775 ἀπαλλάσσεσθαι,
903 694 958 760 καί
981 692 1091 777 λέγειν
1111 691 1194 781 πρὸς
1214 690 1290 772 τοὺς
1311 691 1394 762 ἆτο-

259 796 469 884 πέμψαντας,
493 789 537 873 ὡς
557 794 665 863 πάντα
687 796 877 883 ποιήσειαν,
907 792 947 862 τοὶ
966 797 1090 864 ἐκεῖνοι
1111 799 1328 865 ἐνετείλαντο.
1363 801 1399 866 οἱ

258 898 321 987 μέν
340 896 381 986 δὴ
401 896 607 979 ἀπελθόντες
628 904 745 985 ἔλεγον
762 903 877 967 ταῦτα.
916 895 1068 967 Ἠετίωνι
1090 899 1128 968 δὲ
1151 898 1233 988 μετὰ
1252 905 1357 969 ταῦτα
1377 895 1396 967 ὁ

260 1017 337 1081 παῖς
358 998 536 1085 αὐξάνετο·
566 1008 626 1071 καί
645 1006 680 1071 ol
696 1001 902 1089 διαφυγόντι
928 1007 1048 1070 τοῦτον
1069 1000 1129 1071 τδν
1148 1009 1312 1073 κίνδυνον
1329 1000 1397 1073 ιἰπδ

258 1111 316 1194 τῆς
329 1108 476 1194 κυψέλης
493 1107 690 1195 ἐπωνυμίην
705 1105 859 1187 Κύψελος
873 1102 999 1195 οὕνομα
1014 1109 1124 1193 ἐτέθη.
1168 1104 1396 1196 Ἀνδρωθέντι

260 1210 296 1278 δέ
318 1209 374 1277 καί
393 1212 629 1303 μαντευομένῳ
649 1211 796 1304 Κυψέλῳ
822 1212 954 1296 ἐγένετο
974 1206 1173 1299 ἇμφιδέξιον
1195 1211 1398 1300 χρηστήριον

260 1316 297 1382 έν
316 1321 500 1399 Δελφοῖσι,
529 1318 575 1405 τῷ
597 1322 738 1392 πίσυνος
765 1312 946 1403 γενόμενος
969 1315 1166 1403 ἐπεχείρησέ
1188 1317 1300 1384 τεκαὶ
1321 1321 1396 1402 ἔσχε

261 1413 445 1504 Κόρινθον.
473 1410 491 1484 ὁ
506 1415 544 1485 δὲ
557 1414 703 1507 χρησμὸς
718 1414 776 1486 ὅδε
790 1409 848 1507 ἦν·

261 1615 477 1668 Bacchiadarum
497 1621 579 1681 gente
603 1617 721 1667 nobilem
742 1633 803 1667 cnm
854 1618 896 1668 Ad
915 1619 999 1669 verba
1017 1631 1093 1681 seqq.
1115 1606 1280 1682 ἐπωνυμίην
1301 1610 1399 1683 Κύψε-

260 1687 334 1738 lside
347 1686 474 1736 luctuosa
487 1693 514 1736 et
527 1687 667 1738 deficiente
682 1688 803 1752 ndeoqne
854 1687 902 1745 λος
915 1677 1025 1748 οὕνομα
1037 1676 1122 1749 ἐτέθη
1135 1684 1173 1739 cs.
1190 1687 1242 1750 lv,
1259 1688 1305 1739 181
1321 1695 1349 1740 et
1364 1690 1399 1740 de

262 1755 362 1807 clauda
376 1754 405 1820 (i.
417 1773 441 1809 e.
457 1762 531 1806 terra
545 1763 687 1808 arescente
702 1763 728 1806 et
741 1772 804 1806 eon·
854 1774 921 1807 voce
934 1748 1100 1817 ἐπωνυμίην
1116 1756 1157 1817 V,
1174 1756 1217 1807 66.
1250 1759 1317 1809 Inde
1330 1761 1401 1811 Kor-

261 1827 387 1886 tristnta,
401 1826 437 1875 cf.
453 1826 592 1879 Plutarch.
608 1829 645 1879 11.
664 1842 726 1892 pag.
741 1826 803 1888 366,

262 1912 323 1961 pag.
335 1895 387 1946 499
397 1895 603 1960 Wyttenbucb.)
617 1901 803 1961 compararet:

261 1964 403 2031 parvulum
416 1972 506 2016 autern
518 1965 636 2017 eiusdem
647 1972 753 2018 erectae
764 1966 805 2015 in·

262 2035 333 2086 dolis
351 2039 379 2084 et
393 2036 439 2098 qui
453 2037 596 2100 expeditus
615 2054 629 2088 e
644 2034 806 2086 discrimini-

262 2105 313 2154 bus
333 2104 434 2154 virtute
452 2121 502 2155 sua
521 2122 597 2155 suam
611 2113 724 2158 matrem
739 2106 805 2155 inei-

262 2190 341 2239 gnem
363 2173 473 2236 feeerit,
500 2173 596 2225 Osirtdr'
616 2175 803 2238 anennoeto,

263 2250 402 2307 tamquam
419 2242 481 2304 Son,
498 2259 531 2294 ex
546 2259 626 2295 ureae
642 2246 761 2296 tenebris
775 2246 805 2294 in

262 2314 350 2364 lucem
364 2311 467 2363 enixo‘l
492 2315 528 2362 Et
547 2315 641 2379 quidni
660 2315 751 2379 potuit
765 2320 806 2363 et·

264 2384 318 2432 iam
331 2380 492 2446 religionum
502 2385 586 2433 canet
599 2400 660 2434 enm
671 2384 804 2448 Cypselus

263 2458 320 2501 tum
340 2451 545 2515 Cypselidarum
570 2454 684 2517 quilibet
706 2469 804 2518 pueru-

263 2523 306 2572 lus
325 2521 353 2569 in
374 2520 477 2571 Bucelri
494 2522 649 2574 Osiridisve
668 2539 733 2573 arce
752 2523 805 2572 rite

264 2591 410 2657 aliqnando
432 2592 546 2656 deponi,
568 2596 727 2658 praesertim
744 2609 805 2643 cum

264 2680 296 2712 ex
309 2662 537 2714 antecedentibus
554 2668 701 2728 appareat,
722 2678 805 2713 cuna-

261 2731 326 2782 bula
347 2730 482 2781 infantum
503 2749 520 2782 a
538 2735 634 2797 priscis
652 2733 806 2784 horninibus

263 2817 323 2859 cum
340 2816 405 2850 arca
420 2800 467 2850 illa
481 2803 588 2852 funebri
605 2821 653 2868 per
667 2802 807 2867 signifiea-

264 2873 364 2921 tionem
376 2873 529 2935 compositu
539 2873 643 2924 esse?“
659 2873 744 2923 Plane
755 2873 805 2922 uli-

263 2947 305 2991 ter
328 2940 362 2991 de
385 2940 427 2990 bis
455 2945 554 2992 statuit
575 2945 608 2993 A.
635 2943 751 2994 Schoell.
777 2944 805 2991 in

263 3010 465 3062 Schneidewini
483 3013 617 3077 Philolog.
630 3015 663 3064 X.
684 3029 746 3078 pag.
761 3013 804 3070 48,

263 3081 320 3145 qni,
336 3083 452 3131 caeteris
464 3083 607 3144 missis,ex
621 3082 805 3147 ipeoCypeelo

263 3150 290 3197 in
302 3148 474 3199 Bacchiadae
485 3157 626 3202 saeviente
635 3153 705 3202 hanc
719 3157 805 3202 toturn

265 3218 386 3267 tabulam
399 3219 431 3268 de
444 3236 509 3269 arca
526 3222 669 3285 postmodo
686 3222 804 3271 effictam

265 3304 324 3337 esse
337 3293 431 3352 putat,
445 3305 498 3352 qun
510 3290 678 3341 inevitabilis
699 3291 750 3339 fnti
763 3293 805 3339 ris

265 3361 292 3407 et
312 3361 412 3405 nature
432 3357 566 3422 insignem
592 3360 621 3409 in
634 3359 741 3409 modum
759 3377 805 3409 co·

268 3430 453 3491 gnosceretur.

299 3487 333 3542 τὰ
346 3487 382 3557 δὴ
396 3491 445 3543 καί
462 3487 582 3560 ἐγένετο]
608 3497 685 3558 Quod
699 3512 731 3547 ex
744 3497 804 3547 Ald.

265 3563 806 3630 etFlorent.libroreceperuntSclrweig-

264 3633 359 3683 haene.
382 3639 409 3682 et
422 3633 509 3685 Gaiss.
527 3625 648 3699 ἐγένετο,
667 3651 727 3686 cum
745 3636 807 3686 reli-

267 3702 328 3767 quis
343 3702 403 3752 edd.
419 3706 523 3753 mntnvi
536 3706 564 3754 in
581 3705 624 3769 id,
645 3705 716 3770 qnod
730 3708 807 3769 prius

264 3772 407 3835 legebatur
420 3765 576 3836 ἐγένετο,
591 3776 661 3840 qnod
674 3774 743 3825 idem
751 3777 807 3827 No·

265 3848 320 3893 ster
339 3844 431 3907 posuit
455 3843 549 3893 eadem
575 3845 602 3894 in
624 3845 762 3895 locutione
783 3847 806 3908 1,

264 3913 313 4033 3121,
328 3913 374 4034 φλέἰ
386 3913 441 3969 vid,
461 3918 531 3965 nott.
558 3916 593 3964 Et
612 3916 683 3966 coni.
700 3932 806 3981 qnoque

314 4020 320 4047 ,
368 4022 373 4033 .

504 4090 528 4150 η.
547 4087 572 4140 s.

299 4177 315 4237 ὁ
330 4189 398 4245 παῖς
412 4180 561 4255 αὖξανετο]
582 4191 634 4240 Pro
647 4185 716 4248 παίς
730 4208 808 4243 revo-

264 4258 326 4308 cavi
342 4259 417 4318 παῑς,
433 4264 464 4308 ut
479 4274 561 4324 supra
574 4262 606 4323 V,
620 4260 663 4313 30.
689 4263 741 4312 Pro
756 4254 807 4310 αὐ-

266 4318 381 4389 ξαντεο,
396 4328 466 4391 quod
478 4345 560 4378 unum
574 4345 666 4379 verum
685 4346 746 4381 esse
759 4331 806 4380 do-

263 4395 321 4444 cuit
331 4396 446 4445 Bredov.
458 4412 522 4462 pag.
536 4397 596 4457 310,
610 4399 680 4449 mele
694 4401 806 4463 quidum

264 4463 341 4515 codd.
358 4458 515 4528 ηὐξάνετο.
538 4467 578 4517 cf.
587 4469 609 4527 1,
620 4468 664 4522 58.
681 4471 727 4533 VI,
745 4470 804 4522 132.

854 1828 913 1878 tiirn
926 1826 944 1875 l.
960 1841 1022 1874 mox
1031 1824 1048 1874 l.
1061 1840 1159 1875 nomen
1171 1825 1281 1890 Cypseli
1294 1844 1401 1894 germa-

855 1898 916 1948 nice
934 1893 1012 1945 reddi
1028 1894 1101 1946 vult:
1124 1896 1244 1961 Kistuer,
1268 1899 1401 1951 Dunclrer

856 1965 966 2032 (Geseh.
984 1963 1009 2012 d.
1022 1964 1138 2016 Alterth.
1148 1966 1196 2017 lv.
1211 1981 1238 2030 p.
1251 1969 1278 2032 8)
1293 1969 1399 2020 reddit:

856 2038 1013 2086 Ladernanu.
1035 2034 1087 2083 Pro
1098 2032 1296 2103 μαντευομένῳ
1308 2039 1400 2103 plnres

855 2099 1399 2175 codd.spentope'vp‚qnodWeeselingio

856 2191 910 2225 non
920 2173 1071 2237 displicuit,
1083 2173 1340 2241 Schweighaeusero
1351 2195 1401 2229 eu-

857 2249 911 2295 tem
924 2243 1061 2308 glossema
1072 2245 1191 2296 videtur.
1205 2273 1237 2282 -
1251 2239 1400 2312 ἀμφιδέξι-

856 2329 890 2363 ον
912 2307 1086 2376 χρηατηοιον
1110 2314 1249 2366 oraculum
1272 2333 1332 2369 esse
1354 2336 1400 2369 an-

855 2399 929 2446 ceps,
945 2383 1089 2447 arrrbipnrnn,
1111 2388 1186 2433 reete
1208 2388 1313 2437 monuit
1330 2389 1400 2438 Ler-

856 2454 945 2513 chen,
969 2454 1059 2504 citans
1074 2452 1238 2505 Valckenar.
1258 2458 1293 2506 ad
1304 2459 1400 2523 Eurip.

856 2521 967 2586 Hippol.
987 2539 1049 2589 pag.
1065 2525 1126 2582 247,
1141 2523 1204 2575 alia.

892 2585 1054 2656 ἐπεχείρησέ
1067 2589 1153 2641 τεκαὶ
1166 2586 1226 2659 ἔσχε
1235 2589 1398 2663 Κόρινθον]

857 2664 917 2726 Quo
929 2667 1012 2726 pecto
1027 2662 1160 2728 Cypselus
1175 2680 1258 2730 regno
1277 2668 1313 2716 sit
1327 2668 1400 2731 poti-

856 2739 912 2791 tus,
926 2738 1000 2782 tacet
1013 2734 1177 2783 Herodotus.
1208 2736 1261 2785 Sed
1276 2736 1400 2799 pluribus

856 2802 924 2852 haec
951 2805 1125 2868 persequitur
1147 2805 1278 2856 Nicolaue
1299 2808 1400 2856 Dama-

857 2887 971 2923 scenus:
992 2889 1044 2937 quo
1060 2881 1171 2924 anctore
1187 2874 1320 2940 Cypselus
1339 2893 1401 2927 ora·

857 2942 946 2992 culum
967 2949 1065 2993 nactus
1083 2944 1140 2995 suis
1159 2946 1282 2995 consiliis
1305 2952 1401 3011 eptnm

858 3006 1080 3075 (συμφέρουσαν
1104 3009 1258 3076 δεξάμενος
1282 3009 1400 3080 φήμην)

857 3081 931 3130 nnlltr
948 3082 1093 3133 interiectu
1107 3086 1181 3134 rnorb
1193 3085 1353 3136 Corinthum
1369 3102 1399 3135 se

856 3152 960 3215 recepit
987 3157 1070 3217 atque
1091 3154 1170 3203 brevi
1190 3155 1296 3205 civibus
1319 3155 1401 3206 valdo

857 3229 952 3285 gratus
966 3223 1086 3285 exstitit,
1105 3227 1200 3289 utqui
1220 3225 1314 3286 tortis,
1336 3241 1400 3291 pru-

857 3292 923 3340 dens
948 3306 980 3341 nc
1009 3292 1149 3357 populeris
1173 3295 1310 3345 videretur
1334 3312 1401 3360 pree

856 3361 974 3410 caeteris
1004 3362 1164 3428 Bacchidis,
1194 3364 1319 3429 superbis
1347 3365 1400 3416 illis

858 3429 967 3493 quidem
983 3436 1011 3481 et
1023 3433 1160 3484 violentis.
1192 3435 1250 3483 Iam
1269 3435 1402 3498 polemsr·

857 3499 900 3547 chi
912 3515 1021 3550 munere
1031 3508 1145 3566 accepto
1157 3510 1185 3552 et
1195 3504 1328 3554 incivinm
1338 3521 1402 3570 gra-

859 3570 926 3617 tiam
948 3570 1139 3622 administrato
1165 3573 1258 3637 pepuli
1280 3591 1401 3626 amorem

857 3636 901 3687 vel
930 3641 1018 3703 magis
1042 3642 1095 3691 sibi
1121 3643 1293 3694 conciliavit:
1321 3661 1405 3709 quern

858 3723 919 3757 curn
934 3709 1116 3761 intellexisset
1131 3714 1222 3763 animo
1237 3714 1401 3765 Baecbiadis

859 3777 966 3828 infenso
979 3796 1050 3835 esse,
1061 3781 1156 3832 ducein
1169 3783 1232 3833 hnic
1242 3800 1270 3834 ee
1283 3784 1402 3847 praebu-

859 3848 883 3897 it
898 3851 981 3911 atque
999 3866 1063 3913 rege
1079 3852 1242 3915 Hippoclide
1255 3854 1401 3903 interfecto

859 3917 888 3966 in
903 3917 962 3967 eius
973 3917 1062 3969 locum
1075 3926 1184 3973 creatus
1200 3928 1253 3983 eet,
1267 3923 1401 3973 Bacchia-

858 3986 947 4036 disin
966 3989 1075 4040 exilium
1095 3992 1195 4044 missis.
1235 3994 1275 4042 Ac
1292 3992 1402 4042 videtur

858 4072 925 4106 sane
936 4056 1075 4123 Cypselus,
1088 4062 1154 4110 utin
1165 4061 1319 4112 huiusmodi
1328 4064 1401 4126 opti-

858 4127 971 4176 matium
990 4130 1103 4194 imperio
1122 4131 1178 4181 lieri
1202 4130 1286 4193 solet,
1312 4131 1401 4195 plebis

858 4196 1030 4260 potissimum
1049 4216 1101 4262 ope
1119 4200 1288 4250 Bacchiadas
1305 4203 1401 4252 eiecis-

858 4283 897 4327 se,
915 4266 1024 4318 luxuria
1038 4275 1066 4318 et
1078 4271 1326 4334 superbin010s0s3
1340 4274 1401 4336 qni·

858 4336 908 4385 bus
922 4335 1027 4387 demum
1041 4339 1126 4402 pulsis
1137 4345 1164 4389 et
1177 4340 1308 4391 Corintho
1323 4342 1401 4392 cede·

857 4421 886 4454 re
896 4408 1000 4457 coactis
1014 4408 1060 4458 ille
1069 4409 1177 4459 exstitit
1188 4415 1331 4475 tyrannus.
1357 4412 1397 4461 cf.

857 4475 886 4525 C.
905 4475 938 4528 Ο.
953 4478 1076 4530 Mueller.
1091 4480 1157 4529 Dor.
1171 4479 1193 4530 1.
1213 4496 1240 4545 p.
1256 4479 1314 4535 164.
1345 4481 1400 4544 Qui
