3100 5175
270 400 332 465 soi
705 360 974 460 nunonem

271 585 345 645 λετο
360 573 504 644 τούτοισι
519 578 676 662 ζημιοῦν,
699 575 754 641 καὶ
776 577 844 641 τῶν
867 567 1080 639 ἐπεστεώτων
1097 571 1137 659 τῇ
1157 566 1243 650 ζεύξι
1267 570 1330 633 τοῦ
1342 559 1417 632 ‘Et-

222 678 463 768 361ησπόντου
476 675 660 767 ἀποταμεῖν
674 676 731 757 τὰς
745 674 903 763 κεφαλάς.
946 675 1012 741 Καὶ
1026 676 1061 742 ol
1071 671 1250 760 plenariter
1267 673 1418 747 ἐποίεον,

273 799 358 854 τοῖσι
373 785 571 871 προσεκέετο
591 778 676 868 αὕτη
690 776 710 869 ἡ
724 777 841 866 ἄχαρις
854 774 941 865 τιμή.
975 773 1032 855 τὰς
1047 775 1084 844 δὲ
1100 772 1193 843 ἄλλοι
1209 770 1407 860 dexerim·
1418 793 1464 840 521

271 914 329 968 νες
355 886 573 972 ἐζεύγνυσαν·
609 884 814 971 ἐζεύγνυσαν
840 884 876 951 di
904 871 981 949 eide.
1035 880 1334 966 Πεντηκοντέρονς
1360 878 1418 943 καὶ

273 1059 365 1105 ctnum
383 1052 556 1104 vehementis
568 1049 721 1102 delabentis
736 1054 816 1100 nutu·
867 1048 1003 1097 cntionem
1018 1046 1105 1109 ipsein
1119 1043 1193 1092 cons.
1210 1043 1240 1106 1,
1256 1004 1308 1093 119
1327 1040 1421 1107 ibique

273 1139 332 1175 rsm
344 1125 390 1189 qui
401 1124 470 1173 setis
482 1122 668 1187 reputaverit,
681 1120 817 1171 neminem
869 1122 937 1166 nott.
955 1115 1017 1178 Vll,
1031 1114 1073 1163 39.
1088 1114 1148 1163 938.

275 1193 411 1245 offendere
422 1197 547 1258 possunt.
903 1176 1071 1249 ἐζεύγνυσαν
1083 1174 1114 1231 dl
1127 1170 1191 1247 der]
1209 1181 1261 1230 Vix
1277 1195 1351 1244 opus
1368 1180 1420 1229 crit

309 1272 468 1339 ἀποταμεῖν
486 1272 535 1336 τὰς
551 1270 689 1339 κεφαλὰς]
710 1274 771 1324 11„e
791 1273 818 1324 1„
868 1271 977 1331 monere
989 1255 1023 1304 de
1033 1255 1111 1315 eevi,
1126 1267 1196 1317 quoe
1210 1253 1284 1300 inest
1296 1251 1324 1298 in
1335 1250 1421 1299 verbo

274 1349 665 1414 honestioribusspudPerses
676 1344 818 1409 suppliciis
868 1316 1036 1389 lllvlvvw
1063 1322 1189 1373 c⁰¹¹⁸¹¹ll⁰
1215 1321 1354 1385 repetito,
1387 1319 1421 1368 de

275 1421 399 1470 liubitum
410 1435 479 1479 esse,
487 1434 538 1484 quo
548 1417 600 1467 viri
611 1415 757 1466 nobiliores
765 1413 821 1478 ple·

276 1505 390 1555 rumque
404 1504 437 1539 sc
455 1488 592 1552 dignitate
609 1483 725 1550 quodem
741 1499 820 1548 prse-

277 1561 329 1610 diti
345 1559 548 1620 efficiebantur,
567 1556 646 1620 plure
667 1554 765 1604 docent
781 1557 822 1604 te·

278 1631 406 1681 stimonie
425 1630 585 1693 ipsumque,
608 1625 717 1690 opinor,
740 1638 821 1672 vocs·

277 1699 369 1751 bulum
396 1690 462 1763 τιμὴ
492 1699 525 1747 de
547 1696 704 1748 cerniticum
730 1693 820 1742 officio

279 1785 340 1819 mox
353 1768 512 1818 adhibitum.
538 1765 617 1816 Coui.
631 1770 701 1815 nott.
712 1762 747 1811 ud
760 1763 822 1812 Cte-

279 1840 338 1890 siue
354 1839 479 1903 irrignum.
497 1852 558 1901 pug.
579 1834 636 1886 102.
652 1833 712 1883 203.
742 1831 822 1882 Unde

279 1924 333 1958 non
349 1923 458 1971 omues,
473 1910 520 1971 qui
531 1905 606 1971 ponti
617 1902 745 1954 struendo
757 1918 822 1965 ope·

279 1978 334 2027 reti
357 1983 452 2039 erent,
479 1974 526 2025 sed
551 1974 640 2038 operis
668 1972 823 2037 praefectos

280 2052 386 2097 tentum
398 2048 504 2098 occisos
520 2060 580 2095 esso
596 2043 712 2093 ererlsm.
738 2043 776 2092 Et
787 2040 824 2091 ei.

281 2132 388 2182 quoque
401 2115 481 2178 Vlll,
495 2114 537 2165 90.
557 2112 614 2192 itti.

447 2303 514 2355 Cur.
533 2301 660 2352 XXXVI.

316 2412 334 2484 ἡ
355 2400 456 2484 ellepis
468 2410 547 2484 τιμὴ]
572 2421 590 2468 1.
605 2436 627 2469 e.
643 2421 715 2498 τεῖνε
730 2434 826 2479 munire,

283 2491 399 2554 officitur.
418 2490 497 2541 Conf.
508 2489 571 2547 Vll,
584 2487 634 2539 190
645 2502 746 2551 αχαρις
759 2501 828 2550 oop-

200 2554 204 2560 ‘
283 2553 360 2625 φορὴ
373 2558 435 2612 coll.
450 2558 473 2618 Ι,
487 2561 530 2610 41.
545 2558 594 2620 Vl,
607 2557 624 2608 9
635 2557 725 2622 ibique
739 2562 808 2607 nott.

317 2639 369 2704 τὰς
386 2640 418 2697 dl
441 2634 523 2695 ἄλλοι
542 2635 738 2708 ἀρχιτέκτονες
759 2634 828 2702 ἐζεύ-

282 2714 404 2783 γνυσαν]
422 2717 482 2768 εα11.
496 2709 636 2781 γεφύρας,
651 2718 682 2764 ut
694 2713 763 2771 Vll,
778 2713 826 2763 34:

301 2803 361 2837 uem
376 2786 464 2838 locum
477 2786 530 2837 hue
543 2784 615 2835 trebi
628 2799 708 2850 posse
724 2797 828 2846 negans

277 2806 525 2922 dchweigliseuser
550 2854 688 2920 (quemvis
713 2844 826 2916 ζευγνύ·

284 2943 331 2976 ναι
342 2925 468 2991 γέφυραν
479 2925 604 2977 iurenius
615 2925 663 2984 IV,
675 2923 716 2973 85.
726 2921 771 2973 88.
782 2920 825 2970 ur.

285 2997 348 3057 118;
364 2996 420 3050 vid.
434 3002 502 3047 nott.
516 2995 551 3044 nd
564 2995 617 3055 111,
635 2991 708 3055 134.)
721 2991 827 3056 specio·

283 3082 341 3117 sum
357 3066 445 3117 videri
469 3069 510 3115 uit
526 3065 632 3122 Reislrii
652 3062 827 3120 sententium,

283 3136 330 3202 qui
349 3151 443 3187 rocem
465 3128 530 3192 νέας
551 3133 595 3184 vel
613 3125 700 3189 ἀκτὰς
721 3130 763 3182 rel
786 3143 829 3192 γε-

284 3197 378 3270 φύρας
390 3204 526 3257 excidisse
540 3205 713 3268 suspicetur,
727 3216 777 3251 nee
788 3203 831 3249 tu·

284 3289 346 3325 meu
358 3290 418 3325 esse
428 3274 619 3325 necessarium.
634 3273 658 3320 si
670 3270 787 3336 quidem,
798 3273 828 3319 ut

284 3342 366 3409 poulo
379 3351 459 3404 sote,
471 3343 518 3392 ubi
531 3340 566 3407 τῇ
576 3334 650 3401 ζεύξι
662 3341 732 3391 dixit
742 3340 828 3389 Hero·

285 3414 381 3476 dotus,
401 3411 515 3478 quilibet
530 3409 565 3475 τῇ
580 3405 655 3471 ζεύξι
671 3406 728 3458 τῶν
745 3422 828 3472 γεφυ·

285 3477 357 3543 ρέων
370 3480 548 3541 intellexerit,
563 3482 604 3528 sio
617 3479 699 3528 etium
714 3477 759 3528 bio
775 3478 829 3528 for·

285 3558 361 3601 tssse
375 3550 452 3600 'hnud
478 3550 517 3598 ite
540 3563 638 3613 magno
659 3548 827 3597 incommodo

285 3620 466 3685 praetermitti
479 3633 576 3669 nomeu
594 3610 720 3681 γεφύρας
733 3621 830 3680 potne-

869 1397 931 1458 ipss
949 1394 1070 1458 pontium
1090 1396 1230 1441 structura
1247 1390 1352 1440 dudum
1366 1405 1423 1437 ruo·

871 1463 1050 1514 nuitFolard:
1060 1462 1183 1511 Histoire
1193 1459 1342 1522 dePolybe
1354 1474 1422 1507 nou·

869 1533 1015 1583 veliement
1023 1531 1142 1582 treduite
1152 1530 1189 1580 du
1199 1532 1269 1581 Grec
1280 1535 1335 1580 etc.
1346 1530 1421 1591 (Am-

870 1603 954 1654 sterd.
971 1602 1048 1662 ¹730)
1060 1602 1092 1652 Τ.
1104 1603 1138 1652 V.
1149 1617 1175 1666 p.
1185 1599 1236 1650 307
1249 1615 1339 1665 seqq,
1354 1597 1421 1647 slie-

872 1690 923 1739 que
933 1673 1084 1723 attulerunt
1093 1670 1228 1720 Herodoti
1241 1671 1420 1733 interpretes,

871 1745 992 1808 itemque
1010 1740 1125 1791 liennel:
1150 1739 1209 1789 The
1222 1736 1420 1804 geogrsplricsl

873 1820 976 1877 system
996 1811 1025 1861 oi
1042 1809 1174 1862 Herodot.
1196 1823 1260 1874 ρας.
1280 1810 1329 1859 1·ὶ·ὶ
1344 1823 1421 1872 seqq.

873 1882 915 1933 ed.
927 1879 1092 1932 Londiuens.
1109 1879 1227 1930 Exstitit
1239 1884 1339 1944 postes
1350 1876 1420 1941 Gsil,

875 1953 922 2016 qui
937 1952 1050 2001 eandem
1064 1966 1119 2000 rem
1136 1950 1271 1998 tractavit
1284 1950 1330 1997 in:
1352 1946 1421 1997 (lefo-

876 2021 990 2087 grepliie
1006 2019 1172 2070 d'Herodote
1187 2020 1219 2068 T.
1235 2019 1274 2067 ll.
1291 2034 1357 2082 psg.
1376 2018 1419 2066 lb?

875 2108 951 2156 seqq.
965 2090 1066 2140 additis
1081 2087 1293 2138 returnabat.
1308 2104 1330 2139 s.
1343 2086 1420 2136 Atlss

874 2164 1023 2211 contenent
1043 2158 1083 2209 les
1100 2163 1191 2208 curtes
1212 2156 1340 2206 rolstiies
1362 2155 1420 2205 lsls

874 2227 1040 2295 geographie
1057 2228 1240 2287 d'Herodote,
1258 2224 1420 2290 Thucydide

875 2306 926 2349 etc.
944 2315 983 2348 nr.
999 2298 1039 2361 ll,
1053 2297 1100 2347 nbi
1116 2297 1329 2348 delineationem
1348 2296 1422 2345 dedit

876 2370 1018 2433 utriusque
1032 2367 1124 2432 pontis
1137 2369 1213 2416 rectis
1227 2366 1303 2416 linei
1319 2365 1353 2415 sb
1370 2379 1421 2414 uuo

876 2439 956 2488 litore
970 2438 1129 2487 adulterum
1143 2437 1218 2487 ducti
1230 2436 1270 2501 (id
1283 2435 1358 2500 quod
1371 2437 1422 2485 lle-

877 2507 967 2558 rodoti
978 2505 1144 2558 verbsuullo
1154 2506 1233 2555 modo
1245 2504 1419 2571 permittunt}

876 2579 1019 2645 ipsamque
1038 2576 1145 2627 eddidit
1164 2576 1256 2642 pontis
1277 2575 1421 2640 imaginem

878 2649 970 2698 auimo
993 2655 1153 2711 conceptum
1175 2648 1264 2711 mugio
1283 2660 1367 2709 quum
1388 2643 1421 2692 sd

878 2733 986 2779 rerum,
999 2718 1040 2767 uti
1055 2717 1165 2781 opinor,
1181 2731 1351 2780 expressum.
1378 2716 1423 2764 Se·

880 2789 972 2852 quitur
993 2788 1027 2837 D.
1046 2788 1076 2836 F.
1097 2788 1199 2842 lituse,
1228 2785 1274 2850 qui
1292 2791 1422 2835 accurate

879 2857 946 2905 liucc
959 2856 1114 2921 disquisivit
1127 2857 1155 2905 in
1168 2855 1252 2904 libro:
1272 2854 1362 2905 [leber
1373 2854 1423 2903 lle·

875 2926 980 2977 rodot's
990 2927 1177 2990 Ausmessnng
1189 2925 1238 2975 des
1251 2926 1358 2975 Pontus
1370 2925 1422 2973 Bu·

876 2996 971 3057 xinus,
990 2995 1038 3045 des
1052 2996 1188 3058 anporus
1207 2993 1344 3044 Thracius
1357 2999 1420 3054 etc,

877 3081 908 3115 so
929 3067 980 3114 wie
997 3065 1063 3114 iiber
1084 3064 1127 3115 die
1144 3062 1354 3115 Schiffbriieken
1374 3063 1420 3112 der

877 3136 974 3185 Perser
995 3139 1048 3184 etc.
1069 3132 1197 3198 (Breslsu
1214 3133 1293 3197 1818)
1312 3149 1375 3199 pag.
1391 3133 1422 3181 79

878 3220 954 3268 seqq.
982 3204 1052 3254 Add.
1065 3203 1171 3254 Leuke:
1190 3203 1243 3254 Die
1258 3204 1363 3253 Demeu
1377 3204 1421 3253 At·

880 3275 964 3324 tikn¹s
974 3288 1037 3338 pag.
1051 3273 1100 3324 lue
1110 3288 1185 3338 seqq.
1200 3289 1215 3322 e
1226 3289 1296 3322 vers.
1305 3274 1423 3324 Wester·

878 3343 982 3400 menni,
995 3344 1092 3393 Grote:
1109 3344 1222 3405 History
1235 3342 1266 3391 of
1275 3343 1380 3394 Greeee
1390 3342 1433 3392 V..

879 3429 941 3479 pag.
960 3414 993 3462 ’ὶό
1008 3428 1101 3477 seqq,
1124 3418 1152 3463 et
1171 3413 1263 3478 quiin
1287 3428 1422 3476 proprem-

878 3488 951 3532 mnto
961 3483 1171 3546 Stuttgsrticns.
1182 3482 1247 3531 enni
1259 3482 1321 3531 1851
1336 3481 1369 3531 de
1382 3481 1422 3531 bis

878 3552 1001 3617 scripsit:
1028 3552 1114 3601 Krsz:
1134 3550 1344 3616 „Abheudlung
1359 3552 1423 3602 iiber

879 3623 923 3672 die
943 3620 1067 3671 Briicken
1090 3622 1137 3673 des
1155 3622 1266 3671 Xerxes.
1290 3622 1418 3671 llerodot.

285 3692 337 3754 rit,
356 3693 451 3755 utpote
470 3687 616 3750 legentium
639 3686 828 3750 enimispree-
878 3693 941 3751 Vll,
956 3690 1098 3756 atrseqq.“
1123 3689 1229 3742 Retulit
1242 3690 1274 3739 de
1292 3690 1344 3740 hnc
1357 3692 1422 3740 scri·

285 3774 347 3810 sens
363 3764 391 3809 et
405 3775 422 3808 e
437 3756 558 3824 quolibet
576 3755 647 3806 ultro
663 3755 827 3806 suboudien·
879 3762 972 3825 ptione
987 3759 1109 3814 Dietsch.
1127 3762 1170 3810 in:
1190 3760 1306 3811 Jehrbb.
1325 3761 1345 3813 t.
1362 3760 1424 3810 Phi·

285 3831 356 3880 duru.
392 3830 427 3878 At
442 3842 582 3892 perperam
598 3824 733 3885 nonnulli,
757 3841 827 3890 quse
878 3829 961 3894 lolog.
984 3844 1012 3882 u.
1039 3829 1158 3895 Psedng.
1182 3831 1264 3881 bxv.
1289 3845 1352 3894 pue.
1373 3831 1424 3880 3⁴¹8

285 3897 451 3948 antecedunt
460 3895 557 3947 verbe:
573 3890 628 3945 Καὶ
641 3887 671 3942 ol
679 3889 730 3957 μὲν
740 3893 828 3944 ταῦτα
880 3914 955 3964 seqq.
968 3895 1030 3951 coll,
1045 3900 1145 3965 Campe
1159 3901 1201 3949 in:
1221 3899 1423 3950 Sclrneidewini

285 3959 461 4028 lustrense
473 3966 591 4029 priorum
604 3965 725 4030 pontium
739 3965 829 4016 srehi·
880 3967 1014 4032 Philolog.
1041 3969 1107 4031 Vll,
1134 3971 1158 4019 2.
1190 3984 1253 4033 ρας.
1272 3970 1324 4018 tm
1348 3984 1422 4032 seqq.

285 4041 376 4088 tectos
393 4036 446 4086 ium
462 4035 611 4086 decollatos
629 4034 766 4097 referum,
789 4035 829 4084 ite
881 4036 1017 4103 Equidem
1036 4038 1132 4088 horum
1149 4039 1268 4088 virorum
1283 4038 1423 4088 doctorum

285 4111 316 4157 ut
337 4101 426 4154 ταῦτα
449 4106 481 4158 de
499 4106 647 4184 ⁸prioribus
674 4103 832 4169 intelligunt
882 4107 1116 4171 disputationibus
1136 4113 1217 4172 etque
1236 4108 1424 4157 sunotstioni·

285 4176 414 4240 pontibus
429 4180 457 4225 et
474 4190 526 4232 τας
539 4170 571 4225 δὲ
589 4177 616 4225 in
630 4190 705 4240 seqq.
720 4173 752 4223 de
767 4174 831 4224 aliis
882 4177 933 4226 bus
946 4178 987 4226 its
1000 4193 1065 4228 usus
1080 4192 1153 4236 suus,
1175 4182 1221 4240 ut,
1241 4179 1264 4228 si
1280 4177 1345 4241 quid
1362 4177 1425 4227 inde

286 4245 416 4309 pontibus
429 4248 482 4295 ism
498 4244 645 4296 struendis.
674 4247 744 4294 Sunt
760 4245 830 4294 enim
882 4245 952 4297 lucis
968 4249 1126 4312 acciperent
1140 4247 1274 4298 Herodoti
1286 4247 1383 4305 verbs,
1397 4246 1424 4295 id

287 4314 334 4363 illu
348 4314 482 4366 Herodoti
495 4316 579 4365 verbe
592 4314 685 4380 procul
700 4313 783 4364 dubio
797 4314 831 4363 de
883 4331 970 4366 meum
989 4319 1017 4366 iu
1036 4332 1116 4367 usum
1133 4321 1333 4376 converterem,
1359 4314 1424 4365 illud

285 4385 320 4433 iis
340 4383 516 4448 recipiendis,
541 4399 644 4450 quorum
669 4398 756 4432 munus
782 4384 832 4443 suit
881 4386 1054 4448 potissimum
1070 4390 1210 4451 speetsns,
1226 4392 1257 4436 ut
1272 4386 1359 4434 omnis
1372 4386 1425 4435 lle·

285 4470 364 4504 soron
377 4456 447 4519 repis
457 4456 578 4505 mandute
591 4455 706 4517 exsequi.
735 4452 776 4503 Ad
789 4451 830 4502 lo·
881 4456 971 4506 rodoti
983 4456 1106 4508 narratio
1118 4456 1152 4507 de
1163 4456 1292 4520 pontibus
1304 4471 1321 4504 e
1334 4455 1424 4504 Xerxe
