3100 5175
285 399 348 460 774
722 405 995 468 HERODO'PI
1041 444 1042 447 =

274 577 451 668 Ἕλληνες,
474 586 532 650 καί
543 604 660 668 σφεων
676 584 843 669 ἐσχίζοντο
857 585 894 650 αί
905 586 1046 669 γνῶμαι.
1080 585 1114 649 oi
1124 578 1187 667 μέν
1202 576 1267 667 γάρ
1282 575 1346 647 οὐκ
1359 584 1418 647 ε’ων

285 684 347 772 την
360 684 455 768 τάξιν
470 687 638 767 έκλιπεῑν,
660 690 694 754 oi
712 687 749 754 δὲ
772 683 974 756 ἀντέτεινον.
1009 682 1092 772 μετά
1112 684 1150 753 δὲ
1170 689 1269 753 τοῦτο
1294 688 1418 767 διακρι-

288 791 406 868 θέντες
427 792 461 856 ol
479 789 541 877 μὲν
560 786 813 859 ἀπαλλάσσοντο
833 791 889 859 καί
910 792 1212 868 διασκεδασθέντες
1227 785 1313 857 κατά
1333 786 1419 866 πόλις

290 897 422 963 ἕκαστοι
443 894 641 978 ἐτράποντο,
673 898 706 961 cl
725 894 762 963 δέ
784 891 898 963 αὐτων
920 891 987 982 άμα
1008 897 1163 981 Λεωνίδη
1183 894 1302 980 μένειν
1323 889 1421 960 αὐτοῦ

221 998 577 1083 λῖθπαρρσκευάδατο.
613 999 754 1084 Λέγεται
770 998 818 1083 δὲ,
838 994 881 1078 ὡς
895 997 994 1079 αὐτός
1014 1019 1119 1084 σφεας
1132 993 1310 1084 ἀπέπεμψε
1325 1006 1461 1069 Are-uu

289 1107 403 1188 νίδης,
424 1099 469 1189 μὴ
491 1099 698 1186 ἀπόλωνται,
720 1102 920 1191 κηδόμενος·
953 1098 1045 1194 αὐτῷ
1061 1102 1168 1170 δὲκαὶ
1183 1101 1421 1187 Σπαρτιητέων

289 1222 375 1275 τοῖσι
389 1211 552 1290 παρεοῦσι
565 1201 628 1274 οὐκ
642 1212 732 1294 ἔχειν
746 1203 941 1293 εὐπρεπέως
954 1210 1104 1275 ἐκλιπεῖν
1117 1202 1178 1293 τὴν
1189 1204 1303 1288 τάξιν,
1319 1208 1352 1283 ἐς
1365 1204 1422 1291 τὴν

289 1302 398 1400 ἦλθον
424 1309 628 1396 φυλάξοντες
658 1308 775 1399 ἀρχήν.
826 1308 937 1399 Ταάτη
968 1310 1175 1399 καὶμᾶλλον
1204 1308 1268 1397 τὴν
1291 1308 1424 1396 γνώμην

291 1412 445 1492 πλεῖστός
463 1419 547 1502 είμι,
563 1420 758 1502 Λεωνίδην,
775 1417 896 1484 ἐπείτε
910 1412 1035 1505 ᾔσθετο
1049 1409 1127 1493 τοὺς
1145 1412 1341 1502 συμμάχους
1356 1412 1424 1482 ἐόν·

291 1624 348 1674 dor.
367 1620 422 1682 xl,
440 1620 470 1681 8,
495 1622 540 1687 qui
563 1638 635 1671 anum
658 1621 736 1673 modo
755 1624 834 1674 novit
884 1626 960 1686 (Quae
975 1623 1059 1671 rerba
1076 1636 1141 1671 vere
1160 1619 1235 1669 dicta
1251 1634 1315 1669 essa
1335 1619 1425 1668 aLeo-

292 1692 472 1755 transfugam.
512 1691 553 1741 Ad
584 1684 614 1739 οί
640 1685 833 1755 ἡμεροσκόποι
884 1693 949 1743 nida
974 1692 1091 1756 probare
1114 1690 1206 1740 studet
1230 1691 1290 1739 lac.
1318 1690 1424 1740 Grimm.

292 1763 347 1814 vid.
366 1769 436 1812 nott.
452 1761 489 1812 ad
504 1762 572 1821 vn,
591 1763 639 1812 182
655 1770 683 1813 et
702 1763 736 1813 ad
750 1765 834 1815 verba
884 1762 952 1827 (rid.
968 1765 1000 1812 A.
1014 1761 1149 1812 Schmidt:
1172 1758 1335 1810 zeitschrift
1347 1759 1367 1809 f.
1380 1760 1427 1810 Ge-

293 1824 503 1895 διαφαινούσης
519 1824 625 1896 ἡμέρης
641 1838 711 1885 nott.
723 1834 758 1884 ad
771 1834 834 1897 vll,
885 1831 1079 1883 echichtswiss.
1103 1832 1168 1882 ture
1193 1845 1218 1883 s.
1238 1829 1300 1892 ΙΙΙ,
1319 1831 1346 1879 4.
1368 1844 1425 1894 pag.

291 1903 352 1953 217.
885 1904 937 1953 348
948 1902 1036 1966 seqq.)
1049 1899 1184 1951 similibus
1195 1899 1362 1964 quibusdam
1372 1914 1427 1950 sen·

327 1968 378 2019 καί
396 1984 492 2033 σφεων
510 1961 651 2035 ἐσχίζοντο
666 1963 698 2018 ori
711 1967 832 2039 γνιόμαι]
887 1976 970 2022 tentia
982 1971 1076 2021 allatis
1085 1988 1117 2021 cx
1130 1970 1300 2035 antiquitate
1312 1971 1426 2034 gentium

294 2045 309 2091 i.
326 2060 349 2092 e.
363 2043 459 2092 divim
477 2051 550 2093 eraut
565 2045 675 2101 ipsorum
686 2046 833 2093 sententiae.
886 2044 1122 2094 Germanicarum.

292 2112 382 2175 Supra
403 2113 457 2172 vl,
482 2114 543 2163 109:
571 2103 699 2175 έγίνοντο
718 2109 785 2175 δίχα
805 2107 838 2161 uf
915 2103 968 2160 oria
979 2102 1225 2175 ἕχεινεόπρεπέως
1237 2098 1368 2157 ἐκλιπεῖν
1378 2103 1426 2170 την

293 2178 411 2245 ηνιδμαι.
436 2181 469 2229 lu
482 2198 556 2246 seqq.
569 2174 767 2244 διακριθέντες
779 2182 838 2232 vul·

293 2267 328 2316 go
342 2251 458 2301 reddunt
476 2252 639 2311 dissidentes;
658 2253 749 2301 malim
762 2253 837 2317 equi·

294 2323 353 2371 dem
367 2336 427 2369 cum
441 2320 594 2385 Schweigh.
610 2323 637 2370 iu
650 2323 715 2372 Lex.
732 2320 835 2376 Herod.

294 2391 315 2440 Ι.
330 2406 356 2453 p.
374 2392 419 2439 157
434 2390 558 2441 reddere:
578 2392 710 2453 Λίμναισιν
723 2394 836 2453 concilio,

293 2463 373 2510 solutu
391 2463 509 2522 concilio,
531 2465 562 2509 ut
579 2460 662 2517 Vlll,
678 2463 709 2512 l8
728 2459 838 2524 διακρι·

294 2529 394 2585 θέντες
406 2521 435 2578 ἐκ
449 2527 500 2593 τῆς
513 2527 685 2594 ναυμαχίης,
703 2532 838 2596 Λίρνιοεία

291 2616 378 2666 ρκροο
394 2602 485 2651 travali.
518 2599 560 2650 cf.
575 2601 688 2651 eundem
702 2602 838 2668 Schweig-

294 2671 388 2723 haeus.
405 2670 438 2720 ad
453 2669 548 2734 Polyb.
564 2671 591 2730 1,
602 2671 649 2732 28,
663 2671 689 2721 6.
719 2673 835 2736 Appian.

295 2742 324 2790 B.
339 2741 392 2790 eir.
406 2742 435 2798 1,
456 2740 547 2790 eufln.
564 2741 664 2798 1v‚u·2
678 2742 715 2792 iu.
730 2771 764 2782 -
783 2744 837 2793 Pro

295 2803 403 2860 αὐτέων
419 2812 447 2861 in
462 2809 514 2861 fine
527 2825 587 2875 cap.
605 2810 668 2861 dedi
682 2803 786 2860 αάτοίν.

475 2982 541 3034 Car.
561 2981 664 3033 CCXX.

330 3072 409 3146 αάτῷ
420 3074 451 3131 δέ
461 3081 508 3134 καλ
522 3082 724 3149 Σπαρτιητέων
734 3102 759 3135 κ.
767 3102 792 3137 τ.
800 3084 835 3152 λ.]

296 3154 373 3204 Haec
387 3153 470 3202 verba
486 3157 605 3220 pendent
619 3157 655 3206 ab
670 3157 770 3207 omisso
791 3172 838 3206 νο-

295 3221 382 3300 μίζων
396 3237 418 3274 a.
434 3216 505 3288 φάς,
527 3226 599 3291 ηυοδ
617 3241 649 3277 ex
663 3227 837 3277 antecedenti

296 3289 454 3355 κηδόμενος
463 3303 552 3346 mente
562 3297 663 3347 assumi
672 3296 761 3345 debet.
775 3298 838 3346 Vrd.

296 3362 423 3412 Kuehuer
439 3364 484 3414 Gr.
500 3367 544 3415 Gr.
559 3371 583 3430 5.
597 3369 658 3416 att.
673 3373 728 3416 uot.
745 3368 768 3417 1.
795 3368 837 3416 De

295 3438 457 3496 argumento
471 3434 523 3485 loci
540 3435 612 3488 conf.
628 3437 711 3485 etiam
723 3437 836 3487 Diodor.

296 3504 345 3562 XI,
355 3503 380 3550 9.
392 3502 491 3553 lustin.
503 3504 540 3562 ΙΙ,
553 3505 581 3556 ll
594 3506 655 3556 coll.
667 3506 744 3556 Oros.
756 3509 794 3566 11,
804 3507 836 3556 u:

296 3588 366 3637 quae
380 3572 474 3623 attulit
484 3574 647 3628 Valckenar.
669 3577 708 3625 Ac
720 3578 839 3641 pertinet

296 3641 363 3698 huc,
382 3643 453 3707 quod
468 3645 569 3696 dixisse
583 3645 674 3696 ferunt
687 3646 837 3696 Leonidam

296 3713 447 3777 Spartanos
468 3714 672 3766 adhortantem:
704 3717 838 3781 „Pergite

296 3785 387 3832 animo
405 3783 485 3846 forti,
506 3786 733 3848 Lacedaemonii,
757 3787 838 3836 hodie

296 3853 368 3918 apud
383 3852 485 3904 inferos
500 3855 617 3906 fortasse
631 3857 837 3916 coenabimus,“

296 3928 328 3973 ut
346 3922 434 3974 reddit
452 3923 548 3976 Cicero
561 3926 659 3976 'rrrscc
678 3926 705 3986 1,
721 3929 770 3988 42,
790 3927 837 3976 ubi

296 3995 350 4042 iarn
374 3994 506 4045 Davisius
532 3996 646 4046 aliorum
672 3998 837 4061 scriptorum

296 4064 391 4113 attulit
404 4062 478 4114 locos
493 4064 563 4116 idem
576 4067 751 4129 testantium,
772 4067 838 4116 Dio·

297 4134 356 4184 dori
371 4133 388 4186 l.
401 4133 430 4194 1.,
447 4134 586 4185 Plutarchi
599 4136 836 4202 (Apophthcgrum.

887 2177 968 2242 τάξιν
985 2196 1012 2229 κ.
1029 2197 1053 2230 τ,
1072 2179 1109 2246 λ.]
1128 2180 1173 2229 lta
1195 2179 1299 2229 Noster
1322 2179 1426 2243 scripsit

886 2252 1079 2303 convenienter
1100 2253 1148 2313 iis,
1172 2263 1244 2314 quae
1263 2264 1351 2314 supra
1372 2249 1427 2309 vll,

889 2326 937 2375 ldl
961 2321 1132 2385 cloquentem
1157 2318 1226 2368 facit
1250 2320 1426 2369 Demaratum

887 2394 1083 2452 Spartanorum
1097 2389 1239 2440 instituta:
1261 2381 1387 2452 ,ἀνοίγει
1400 2384 1428 2436 δὲ

887 2458 914 2523 (δ
931 2454 1033 2578 νόμοςη
1044 2475 1133 2510 ructo
1144 2452 1197 2507 αίει
1209 2496 1216 2519 ,
1230 2472 1286 2506 ουκ
1300 2451 1356 2507 fera
1367 2450 1427 2522 qrru'·

887 2547 947 2598 γειν
966 2522 1020 2578 οὐδ
1036 2546 1052 2578 ν
1071 2527 1183 2593 πλῆθος
1207 2518 1381 2589 ἀνθρώπων
1402 2521 1428 2577 is

887 2595 989 2667 μάχης,
997 2594 1066 2649 ἀλλά
1073 2601 1212 2662 μένοντας
1220 2591 1250 2647 ἐν
1260 2597 1297 2664 τῇ
1308 2593 1372 2659 τάξι
1380 2588 1431 2647 fat·

887 2669 1015 2735 κρατέειν
1032 2664 1049 2735 ἢ
1067 2663 1257 2719 ἀπόλλυσθαι.
1267 2671 1285 2695 “
1326 2671 1427 2734 Exque

887 2744 947 2806 ipso
963 2744 1032 2790 satis
1045 2741 1197 2806 explicatur
1211 2740 1356 2791 Leonidae
1370 2756 1428 2790 con·

887 2811 994 2863 silium:
1026 2812 1073 2876 qui
1091 2825 1230 2860 remanere
1251 2809 1355 2859 maluit
1378 2824 1429 2859 cer·

887 2889 944 2933 tarn
957 2886 1069 2930 mortem
1084 2880 1155 2929 haud
1173 2880 1334 2930 detrectans
1348 2895 1429 2945 eoque

888 2952 1024 3017 egregium
1034 2950 1150 3002 caeteris
1157 2949 1272 3001 Graecis
1282 2949 1429 3015 exemplum

885 3022 1021 3088 praebens
1042 3020 1136 3071 mortis
1152 3035 1201 3084 pro
1216 3022 1329 3084 patriae
1344 3019 1429 3070 salute

888 3091 1045 3142 obeundae:
1070 3088 1142 3157 quod
1164 3088 1272 3139 facinus
1292 3090 1428 3155 egregium

888 3163 960 3211 omui
980 3162 1062 3211 laude
1084 3167 1168 3226 atque
1191 3159 1376 3209 admiratione
1394 3160 1429 3207 di·

887 3247 969 3296 gnum
985 3231 1057 3280 haud
1070 3245 1199 3280 revocare
1211 3229 1306 3279 licebit
1322 3231 1357 3279 sd
1376 3227 1428 3278 rul-

887 3316 978 3366 garem
993 3299 1127 3366 quandam
1145 3303 1212 3350 artis
1227 3299 1355 3351 militaris
1373 3314 1428 3363 pru·

888 3371 1023 3432 dentiam,
1044 3385 1098 3435 qua
1111 3370 1210 3420 ductus
1220 3371 1360 3419 Leonidas
1370 3371 1428 3420 Per·

888 3442 925 3492 sis
939 3457 998 3491 earu
1016 3441 1050 3490 ob
1064 3455 1176 3490 oausam
1191 3443 1343 3501 restiterit,
1361 3437 1426 3504 quod

887 3511 1001 3562 Graecis
1037 3509 1240 3561 discedentibus
1280 3510 1426 3561 faciliorem
1485 3545 1487 3550 ⁴

888 3581 1016 3646 praebere
1032 3580 1147 3631 voluerit
1164 3595 1317 3643 recessum,
1340 3579 1425 3630 Persis

888 3649 1294 3701 succedentibusdifficiliorem
1323 3655 1353 3701 et
1375 3657 1426 3698 tar·

887 3721 989 3770 diorem
1002 3735 1157 3776 accessum:
1174 3720 1248 3773 conf.
1262 3722 1390 3770 Ruestow
1402 3723 1426 3769 et

888 3790 1024 3853 Koechly:
1044 3790 1209 3840 Geschichte
1225 3791 1250 3841 d.
1265 3787 1425 3855 griechisetr.

888 3862 1089 3924 liriegsweseus
1110 3875 1173 3925 pag.
1186 3860 1219 3909 ut
1239 3875 1296 3924 seq.
1313 3865 1341 3910 et
1360 3873 1426 3925 quae

888 3936 984 3980 contra
1003 3929 1074 3979 hanc
1091 3933 1254 3980 seutentiam
1277 3929 1351 3980 haud
1372 3929 1424 3979 scic

888 4005 1009 4051 annecte
1022 4001 1158 4050 monuerit
1167 3999 1297 4051 Visoher:
1316 4001 1424 4049 Eriuue·

888 4085 991 4136 rnngcu
1010 4085 1060 4120 aus
1075 4069 1276 4120 Griechenlaud
1296 4084 1359 4135 pag.
1377 4069 1424 4119 64²

888 4156 944 4206 seq.
983 4139 1201 4191 Delineatiouem
1223 4154 1373 4204 pugnarum
1393 4137 1425 4187 ad

296 4205 378 4253 Laoc.
395 4219 457 4268 pag.
472 4207 646 4270 225D.,ubi
660 4207 697 4256 cf.
711 4209 837 4270 ll'ytteu-
887 4209 1085 4275 Thermopylas
1114 4211 1319 4260 commissarum
1351 4208 1425 4259 dede·

296 4274 375 4324 bech.
397 4275 601 4329 Animadversa.
629 4292 691 4341 pag.
718 4280 784 4327 1182
810 4283 838 4328 et
889 4285 952 4330 runt
965 4281 1095 4330 Ruestow
1108 4286 1135 4330 et
1149 4279 1270 4344 Koechly
1283 4278 1301 4328 l,
1311 4278 1329 4333 l.
1340 4280 1394 4328 tab.
1404 4278 1423 4326 1.

296 4343 352 4396 vid,
369 4358 475 4406 quoque
494 4347 606 4396 eundem
619 4347 794 4398 Plutarchum
809 4364 836 4411 p.
926 4341 1022 4413 Ταάτη
1046 4344 1095 4399 καὶ
1115 4347 1220 4413 μᾶλλον
1237 4340 1292 4411 την
1314 4342 1424 4413 γνοόμην

295 4412 406 4474 auum),
425 4413 527 4464 Valerii
539 4417 651 4466 Maximi
665 4416 734 4480 (111,
750 4421 766 4467 ‘2
782 4424 836 4468 est.
889 4412 1019 4476 πλεῖστός
1036 4413 1104 4484 είμι]
1125 4421 1201 4470 Haec
1221 4417 1338 4482 locutio,
1359 4432 1424 4484 quse

296 4483 333 4546 3),
345 4483 466 4532 Senecae
477 4484 577 4550 (Epist.
590 4485 779 4551 82)‚01·0su(l
795 4488 837 4552 1.).
889 4490 1004 4541 docente
1017 4489 1146 4540 Valcken.
1167 4490 1238 4541 idem
1256 4489 1331 4541 valet
1346 4496 1424 4554 atque
