3100 5175
288 378 349 441 762
717 380 985 444 HERODOTI

288 556 359 643 ἐμοὶ
373 552 437 644 γὰρ
457 553 520 644 τῇν
538 554 704 646 ἀληθείην
717 553 852 627 ἀσκέειν
871 554 969 626 ἀντία
989 561 1066 641 σεῦ,
1093 546 1120 624 ὦ
1141 559 1296 643 βασιλεῦ,
1318 550 1400 642 dede

288 661 439 748 μέγιστός
453 663 531 731 ἐστι.
560 659 705 733 ἀκονσον
724 662 761 732 δὲ
775 663 832 730 καλ
849 666 923 731 νῦν.
962 665 1007 730 Ol
1018 658 1139 747 ἄνδρες
1152 650 1243 729 οὗτοι
1257 655 1402 728 ἀπίκαται

287 764 505 853 μαχεσόμενοι
526 761 607 854 ῇμίν
626 767 703 854 περὶ
717 764 925 855 τῇςέσόδου,
949 767 1124 834 καὶταῦτα
1144 761 1409 850 znuentebaldus

288 878 352 937 ται.
389 868 489 958 νόμος
509 870 573 957 γάρ
593 891 655 958 σφι
676 866 764 939 οὕτω
786 875 872 957 έχων
892 871 971 937 ἐστί.
1007 864 1111 938 έπεάν
1128 870 1273 957 μέλλωσι
1294 872 1400 936 medv-

288 970 403 1041 νεύειν
423 979 464 1063 τῇ
484 979 591 1062 ψυχῇ,
611 973 685 1044 τότε
706 971 764 1054 τὰς
784 969 932 1061 κεφαλὰς
953 975 1158 1060 κοσμέονται.
1195 976 1350 1041 ἐπίστασο
1362 969 1403 1053 dl,

289 1080 320 1144 εί
335 1076 475 1156 τούτους
493 1079 600 1148 τεκαὶ
618 1076 655 1146 τὸ
669 1074 838 1167 ὑπομένον
858 1079 896 1146 έν
909 1074 1049 1165 Σπάρτη
1063 1079 1323 1162 καταστρέψεαι,
1344 1080 1404 1142 ἔστι

288 1175 390 1251 οὐδὲν
403 1179 484 1250 ἀλλο
498 1188 599 1262 ἔθνος
610 1178 821 1269 ἀνθρώπων,
843 1178 881 1250 τὸ
894 1180 948 1265 σὲ,
969 1185 1127 1268 βασιλεῦ,
1150 1176 1326 1269 ὑπομενέει
1345 1193 1403 1264 χει-

288 1311 348 1370 ρας
367 1281 637 1373 ἀνταειρόμενον.
673 1289 738 1355 νῦν
759 1281 825 1372 γὰρ
846 1282 929 1371 πρὸς
949 1290 1127 1372 βασιληίην
1146 1311 1181 1353 τε
1203 1286 1282 1369 [καὶ]
1302 1286 1404 1350 καλλί-

288 1407 371 1475 στην
386 1388 508 1472 [πόλιν]
527 1395 597 1457 τοῖν
617 1392 654 1458 ἐν
665 1386 800 1477 Ἕλλησι
814 1390 1019 1475 προσφέρεαι
1041 1390 1097 1456 καὶ
1109 1385 1237 1474 ἄνδρας
1251 1385 1406 1475 ἀρίστους.

288 1490 404 1578 Κάρτα
426 1520 460 1561 τε
482 1491 524 1581 δῇ
544 1489 666 1562 ἀπιστα
686 1495 792 1581 Ξέρξη
815 1494 971 1579 ἐφαίνετο
991 1489 1031 1561 τὰ
1053 1490 1215 1581 λεγόμενα
1238 1490 1339 1573 εἶναι,
1359 1490 1407 1558 καὶ

288 1594 429 1684 δεύτερα
444 1594 623 1684 ἐπειρώτα,
638 1592 753 1665 ὅντινα
766 1594 909 1684 τρόπον,
924 1601 1076 1664 τοσοῦτοι
1090 1595 1217 1680 ἐόντες,
1237 1599 1279 1684 τῇ
1293 1596 1409 1663 ἑωυτοῦ

288 1705 427 1789 στρατιῇ
448 1702 656 1788 μαχέσοντοιι.
697 1695 733 1769 ‘0
754 1700 791 1769 δὲ
818 1697 907 1768 εἶπε·
939 1690 979 1768 Ὦ
994 1704 1152 1787 βασιλεῦ,
1179 1700 1252 1786 ἐμοὶ
1275 1702 1409 1786 χρᾶσθαι

289 1798 333 1882 ὡς
347 1799 446 1890 ἀνδρί
462 1804 609 1893 ψεύστῃ,
626 1799 727 1893 ἦνμὴ
740 1803 907 1872 ταῦτάτοι
922 1802 1025 1895 ταύτῇ
1040 1806 1140 1894 ἐκβῇ,
1159 1809 1200 1892 τῇ
1214 1802 1283 1891 ἐμοὶ
1299 1805 1387 1887 λέγω.
1506 1786 1507 1811 ¹

219 1905 280 1967 210
371 1912 481 1976 Ταῦτα
500 1909 608 1995 λέγων
627 1905 689 1976 οὐκ
708 1913 825 1976 ἔπειθε
843 1900 901 1976 τὸν
914 1909 1048 1995 Ξέρξεα.
1096 1909 1260 1994 Τέσσερας
1289 1906 1349 1993 μὲν
1368 1899 1446 1990 δῇῦθλ

288 2013 453 2100 παρεξῇκε
469 2007 608 2100 ἡμέρας,
631 2014 772 2094 ἐλπίζων
786 2016 855 2080 αίεί
865 2032 970 2099 σφεας
987 2006 1248 2100 ἀποδρήσεσθαι.
1289 2011 1409 2097 πέμπτη

286 2234 346 2269 sero
356 2219 482 2285 quodque
491 2220 519 2269 in
530 2223 633 2270 textum
643 2219 746 2284 recepit
755 2218 826 2270 Bek·
875 2213 1016 2269 Plutarchi
1030 2218 1106 2269 locun
1127 2219 1155 2266 in
1173 2219 1293 2283 Lyeurg.
1314 2218 1346 2267 22
1359 2217 1409 2266 inin

239 2322 242 2329 ·
284 2289 381 2351 kerue‚
397 2304 476 2355 quern
489 2289 785 2340 seculieuntDindorl'.
797 2294 825 2339 et
875 2304 939 2354 pag.
956 2288 1036 2345 531).
1057 2289 1101 2339 eui
1120 2286 1236 2338 similem
1253 2289 1368 2352 iungere
1384 2285 1410 2335 li·

285 2359 394 2409 Bekker
417 2360 549 2424 probante
574 2359 685 2410 Struvio
709 2360 825 2421 Qneeet.
876 2366 920 2410 eet
939 2359 1030 2409 Troili
1055 2358 1144 2408 locum
1167 2358 1200 2408 de
1224 2357 1371 2407 Germanis
1388 2357 1410 2404 in

285 2431 364 2493 Spee.
373 2429 395 2480 Ι.
404 2444 429 2493 p.
438 2428 471 2481 32
485 2446 506 2481 ε.
517 2429 634 2494 Opueee.
646 2428 682 2480 11.
693 2443 754 2493 peg.
763 2429 824 2479 298.

284 2499 360 2549 Libri
371 2498 466 2564 eeripti
475 2514 530 2549 non
540 2498 732 2564 suffragentur,
740 2513 757 2546 ο.
767 2499 827 2562 qui-

284 2569 335 2619 bue
349 2568 490 2620 discedere
502 2567 593 2632 nolui,
608 2567 632 2619 ei
643 2566 752 2633 quidem
764 2565 825 2619 vul-

284 2644 351 2704 gate
369 2645 397 2689 et
417 2639 480 2703 ipee
497 2655 557 2690 eum
576 2640 603 2689 in
618 2639 726 2689 modum
741 2636 827 2703 expli·

284 2710 344 2759 ceri
361 2710 475 2773 poterit:
500 2709 659 2773 „dicentem
675 2724 721 2759 eur
739 2725 783 2758 ree
802 2723 824 2757 e.

284 2795 331 2838 ea,
356 2795 421 2843 quae
439 2778 502 2830 inde
521 2783 654 2830 eventurn
675 2794 735 2830 eeee
750 2776 828 2830 vide·

283 2850 376 2899 bnm.“
401 2849 519 2900 Verbum
534 2838 685 2914 ἐκβαίνειν,
698 2850 825 2909 accidere,

283 2921 397 2980 evenire,
417 2919 591 2979 exstarvl1‚
606 2921 667 2973 221.
685 2918 823 2980 vl11‚60.

323 3026 384 3124 έμολ
405 3049 458 3123 γὰρ
476 3050 530 3122 τὴν
550 3051 692 3122 ἀληθείην
713 3046 826 3105 ἀσκέειν

280 3120 366 3178 ἀντία
389 3128 439 3177 σεῦ
456 3155 489 3164 -
503 3117 581 3190 αἠοὸν
605 3118 733 3189 μέγιστός
758 3117 825 3191 ἐστι]

282 3200 301 3255 i.
315 3216 339 3250 e.
353 3215 425 3265 ριιαιιι
440 3201 546 3249 maxiem
559 3200 622 3247 euim
639 3196 696 3247 ιιιίίιί
713 3203 751 3246 eei
764 3211 824 3259 pro-

280 3272 399 3333 positum,
411 3270 520 3318 οιαπίιιια
531 3267 590 3318 mili
600 3274 637 3316 eet
649 3268 771 3316 eontentio
784 3281 826 3315 ve-

282 3356 337 3389 rum
355 3339 449 3390 dicere.
485 3339 545 3400 Quo
560 3337 643 3386 etium
663 3335 824 3400 respiciunt,

282 3423 352 3474 quae
373 3408 500 3472 leguntur
517 3408 545 3456 in
564 3411 683 3457 extreme
712 3404 763 3455 hoe
781 3420 827 3454 ee-

283 3480 353 3544 pite:
380 3468 439 3541 ίμολ
459 3473 584 3540 χρᾶσθαι
603 3468 641 3532 ὥς
655 3467 739 3537 ἀνδρί
754 3467 827 3534 ψεύ-

284 3562 334 3613 στη
347 3562 373 3598 κ.
389 3563 412 3597 τ,
427 3546 450 3596 λ.
478 3547 570 3596 Persis
583 3545 670 3606 enim,
692 3543 764 3610 quod
776 3546 825 3593 mi-

282 3619 355 3670 nime
374 3617 419 3668 bie
438 3616 509 3681 fugit
529 3616 707 3676 Valckennr„
732 3611 824 3676 αίοχι-

283 3702 351 3739 κτον
364 3680 396 3736 τὸ
409 3679 570 3748 ψεύδεσθαι
584 3691 655 3735 leste
667 3685 725 3750 ipen
738 3684 824 3734 Hero·

280 3757 346 3811 dote
361 3759 384 3821 Ι,
403 3756 463 3807 138.

315 3820 511 3894 μαχεσόμενοι]
531 3823 721 3875 Florentium:
740 3837 824 3871 κοιτα-

280 3889 482 3964 μοιχησόμενοι,
496 3896 549 3945 duo
559 3894 607 3945 elii
618 3885 822 3958 μαχησόμενοι.

280 3968 414 4050 Equidem
434 3967 564 4018 revocavi
583 3963 724 4030 vulgebem
740 3975 823 4028 μαχε-

280 4052 395 4101 σομενοι
414 4042 442 4087 el
461 4038 488 4086 in
502 4034 554 4086 fine
568 4050 629 4116 cap.
642 4027 821 4097 μαχέσονται,

279 4109 327 4162 ubi
354 4108 408 4159 duo
431 4106 508 4157 codd.
533 4117 720 4169 μαχησονται.
758 4101 822 4154 Vid.

280 4184 350 4230 nott.
364 4180 398 4228 ud
412 4177 482 4238 Vll,
502 4175 559 4226 102.
575 4202 608 4211 —
625 4175 658 4224 In
676 4190 751 4238 seqq.
769 4164 824 4237 την

876 2428 1002 2480 German.
1012 2443 1074 2493 nep.
1085 2426 1118 2479 38
1130 2425 1176 2476 fin.
1202 2427 1286 2489 Quod
1296 2442 1360 2477 vero
1370 2441 1410 2490 pro

875 2495 1043 2563 κοσμέονται
1051 2495 1183 2547 Velekeu.
1194 2497 1313 2548 coniicit
1325 2490 1411 2561 epioe-

875 2584 935 2688 ταηι,
953 2584 1008 2689 (ΙηηιΙο
1023 2567 1106 2689 elegio
1116 2568 1215 2652 Neeler
1228 2569 1319 2619 utitur
1331 2564 1411 2686 lviiii

876 2655 939 2690 eo.
1091 2653 1323 2696 ‚eovrxoun
1383 2650 1411 2685 ox

877 2725 926 2774 pre
940 2677 1055 2757 έπίσάαο
1068 2709 1180 2758 restitui
1192 2653 1346 2766 ίπίσξασος
1363 2706 1409 2756 vid.

876 2783 946 2829 nott.
958 2777 994 2828 ed
1005 2778 1070 2839 VII,
1084 2777 1126 2829 29.
1160 2777 1193 2827 ln
1212 2792 1291 2842 eeqq.
1306 2768 1338 2826 τὰ
1350 2766 1411 2825 ἀπο·

876 2847 963 2911 με’νον
983 2848 1104 2912 intellige
1123 2842 1191 2905 τούς
1212 2838 1412 2910 ὑπομένοντας,

876 2925 906 2969 ut
918 2923 997 2968 notet
1010 2917 1108 2969 Metth.
1121 2917 1168 2969 Gr.
1183 2916 1231 2969 Gr.
1243 2919 1269 2979 §-
1285 2917 1346 2968 446.

910 2978 1059 3049 ὑπομενέει
1076 2987 1172 3051 χεῖρας
1184 2980 1411 3051 ἀνταειρόμενον]

877 3057 940 3112 Vid.
958 3059 1027 3120 vn,
1047 3057 1094 3108 101
1114 3055 1175 3107 cell.
1196 3057 1249 3119 VI,
1267 3059 1303 3107 44
1328 3055 1411 3121 ibique

876 3129 938 3179 eim,
949 3155 982 3164 -
994 3128 1058 3177 Mox
1068 3125 1221 3191 Sehiveigb.
1234 3132 1261 3176 el
1273 3125 1361 3177 Gaias.
1373 3125 1411 3174 de·

876 3197 976 3249 derunt
987 3193 1036 3245 καλ
1049 3194 1199 3259 καλλίστην
1217 3190 1305 3244 πόλιν
1317 3192 1372 3244 τῶν
1386 3184 1412 3241 lv

865 3258 982 3332 Ἕλλησι
1000 3266 1188 3329 προσφέρεαι,
1209 3266 1256 3316 ubi
1270 3264 1355 3332 vulgo
1370 3264 1412 3314 eb·

877 3342 919 3386 eet
932 3332 980 3385 καλ
995 3341 1023 3385 et
1036 3327 1135 3396 πόλιν,
1151 3334 1222 3400 quod
1234 3341 1378 3400 utrumque
1387 3335 1411 3382 in
1506 3367 1507 3370 ,

877 3405 1016 3458 Seuerosti
1028 3406 1124 3456 codiee
1139 3404 1328 3464 desideretur,
1344 3403 1412 3454 inde·

876 3493 928 3543 que
938 3493 954 3526 ι
962 3476 1097 3539 Bekkero,
1106 3475 1232 3525 Diudorf.
1240 3481 1268 3526 et
1277 3474 1411 3524 Dietschie

877 3549 994 3614 eiectum
1016 3552 1072 3596 eet:
1099 3545 1222 3610 equidem
1245 3547 1315 3596 entis
1336 3542 1412 3594 hebui

873 3618 952 3667 uneie
963 3615 1100 3665 includere
1109 3630 1191 3665 voces
1203 3620 1358 3679 suspectae.
1372 3614 1411 3663 De

873 3688 956 3738 verbo
975 3684 1190 3749 προσφέρεσθαι
1205 3686 1281 3736 enni.
1298 3686 1351 3744 v1,
1371 3684 1411 3734 96.

874 3783 907 3793 -
920 3757 951 3806 In
961 3756 1013 3806 fine
1024 3771 1086 3821 eep.
1100 3754 1214 3805 eundem
1224 3754 1375 3820 Schweigb.
1387 3758 1411 3802 el

873 3825 1010 3877 Geielord.
1025 3830 1136 3876 secutus
1155 3825 1244 3876 abieci
1257 3840 1340 3876 voees
1359 3815 1414 3872 οίοί

873 3910 902 3946 τε
912 3890 964 3945 είοι
979 3902 1043 3961 poet
1054 3891 1185 3944 τοσοῦτοι
1196 3884 1292 3953 ἐόντες
1304 3893 1373 3945 mele
1382 3907 1411 3943 ex

873 3982 928 4017 une
942 3966 1042 4017 Aldine
1059 3966 1187 4017 ineerlee.

1063 4137 1129 4189 Cur.
1149 4136 1228 4188 CCX.

279 4242 377 4313 ψυχὴν
390 4249 552 4312 interpretor
565 4248 649 4305 οἰιοιιι,
662 4251 693 4295 ut
705 4244 767 4304 Vll,
779 4243 823 4293 32.
907 4238 1049 4306 παρεξῆκε
1061 4234 1178 4307 ἡμέρας]
1193 4242 1211 4292 i.
1223 4257 1247 4292 e.
1258 4242 1411 4306 quatriduum

314 4310 376 4367 τότε
387 4312 438 4374 τὰς
448 4308 574 4374 κεφαλὰς
586 4310 765 4379 κοσμέονται]
780 4313 822 4363 De
870 4312 1187 4375 praeterlabipaesueeet.
1213 4311 1343 4361 lterecte
1353 4308 1410 4359 Vel·

280 4404 347 4441 eure
362 4386 525 4452 capillorum
544 4386 600 4437 vid.
618 4389 687 4434 uolt.
709 4383 743 4434 ed
758 4383 822 4444 Vll,
872 4383 982 4434 ekener.
999 4383 1074 4432 Idem
1084 4383 1196 4434 verbnm
1206 4382 1234 4431 in
1244 4382 1325 4432 Dion.
1336 4381 1407 4430 Caes.

279 4458 340 4511 208.
365 4459 405 4511 Δο
416 4457 537 4522 pertinet
547 4456 600 4508 hue
609 4469 690 4520 quem
705 4454 823 4504 maxime
872 4453 934 4517 XL,
951 4455 977 4506 2.
998 4453 1093 4516 L‚3l.
1133 4452 1211 4513 Quae
1230 4451 1358 4516 deineeps
1374 4449 1410 4500 le·
