3100 5175
542 450 722 513 ERATO.
746 453 801 514 VI.
827 465 866 516 ll·
891 462 932 516 12.
1242 454 1303 515 239

164 624 218 691 ἐπὶ
239 624 341 709 κέρας
359 617 417 702 τός
436 624 531 708 νέας,
556 620 642 703 όκως
663 641 750 694 τοῖσι
773 628 904 715 ἐρέτῃσι
923 625 1097 713 χρήσαιτο,
1125 628 1304 696 διέκπλοον

164 723 364 815 ποιεόμενος
381 732 457 815 τῇσι
470 728 572 814 νηυσὶ
593 724 639 797 δι’
656 725 845 817 ἀλληλέων,
867 730 924 797 καὶ
942 726 1020 808 τοὺς
1034 730 1192 816 ἐπιβάτας
1206 726 1302 799 ὁπλί-

163 851 250 916 σειε,
278 827 316 897 τό
339 828 459 898 λοιπόν
486 835 544 919 τῆς
565 826 690 919 ἡμέρης
715 830 773 911 τὰς
794 835 871 912 νέας
898 838 1012 919 ἔχεσκε
1039 829 1092 900 ἐπ’
1116 829 1302 922 ἀγκυρέων,

164 935 303 1019 παρεῖχέ
321 959 358 1000 τε
378 948 465 1001 τοῖσι
475 929 566 1002 Ἴωσι
589 935 697 1030 πόνον
715 931 760 1003 δι’
778 930 911 1024 ἡμέρης.
947 939 1042 1024 μέχρι
1064 938 1126 1023 μέν
1141 965 1206 1006 νυν
1222 932 1301 1024 ἡμε-

165 1038 252 1123 ρέων
267 1034 349 1104 ἑπτὰ
363 1036 541 1105 ἐπείθοντό
555 1064 591 1106 τε
604 1042 661 1106 καί
676 1040 811 1107 ἐποίευν
824 1036 861 1108 τό
875 1040 1116 1127 κελευόμενον·
1143 1045 1184 1129 τῇ
1197 1040 1235 1108 δὲ
1249 1042 1304 1109 έπλ

17 1195 18 1236 ,
114 1154 164 1204 444
172 1139 311 1227 ταύτῃσι
324 1143 360 1208 οί
372 1137 504 1226 Ἴωνες,
520 1135 574 1209 οἷα
588 1137 736 1220 ἀπαθέες
751 1141 863 1222 ἐόντες
876 1142 990 1212 πόνων
1010 1142 1171 1213 τοιούτων
1184 1170 1301 1229 τετρυ-

17 1245 18 1316 l
164 1245 258 1330 μένοι
272 1268 309 1310 τε
323 1250 571 1332 ταλαιπωρίῃσί
581 1270 616 1312 τε
628 1245 683 1312 καὶ
693 1241 811 1339 ἠελίω,
827 1249 943 1328 ἔλεξαν
958 1244 1040 1334 πρὸς
1049 1244 1196 1354 ἑωυτοὺς
1205 1249 1302 1317 τάδε·

170 1353 253 1414 Τίνα
274 1344 446 1434 δαιμόνων
464 1347 677 1437 παραβάντες
692 1348 772 1417 τάδε
793 1345 1071 1438 ἀναπίμπλαμεν;
1102 1355 1223 1431 οἵτινες
1238 1378 1302 1421 πα-

166 1512 277 1562 daretur
291 1511 399 1564 locus.“
424 1514 544 1563 Devoce
559 1507 710 1570 διέκπλους

796 1503 840 1563 δι’
856 1506 979 1581 ἡμέρης]
1000 1515 1018 1565 i,
1033 1532 1056 1566 e.
1074 1533 1123 1580 per
1136 1525 1215 1568 totam
1230 1520 1302 1580 diem,

168 1584 207 1631 ita
220 1582 314 1646 Poppo
326 1581 362 1644 ad
375 1580 500 1647 I'hucyd.
513 1583 541 1644 Ι,
555 1581 604 1633 49τ
632 1586 710 1645 „sei-

760 1577 801 1629 n’
816 1575 923 1648 ἡμέρην
936 1574 1018 1648 ὅλης,
1034 1592 1065 1635 ιιι
1081 1587 1109 1648 1,
1123 1586 1166 1636 οι.
1185 1587 1227 1649 11,
1245 1587 1302 1639 ιιι.

167 1667 208 1700 ern
229 1650 351 1701 hostium
368 1667 540 1716 perrumpere
559 1657 587 1701 et
603 1652 632 1700 in
651 1669 711 1718 per·

166 1721 322 1786 navigando
334 1723 431 1771 rostris
442 1737 526 1772 naves
538 1720 657 1786 loedere,
670 1737 710 1772 rc-

166 1807 223 1841 mcs
239 1791 394 1855 detergere,
415 1785 567 1847 διέκπλους
588 1789 709 1858 appella·

63 1907 69 1926 ‚
166 1865 219 1910 tur.
246 1860 325 1922 Quod
336 1860 419 1910 fiebat
431 1860 494 1910 dum
509 1860 588 1910 modo
606 1862 711 1911 accele-

167 1935 228 1979 rent
236 1928 376 1994 propulsis
388 1932 502 1995 remigio
510 1931 640 1991 navibus,
653 1947 710 1981 mo·

166 2000 200 2050 do
225 1998 359 2049 recedunt
376 2005 404 2051 et
424 2015 439 2049 e
459 2011 568 2050 recessu
592 2005 674 2065 atque
694 2016 709 2051 o

165 2068 315 2134 longinquo
332 2068 360 2117 in
374 2069 468 2121 hostes
490 2070 626 2119 irruunt.·‘
657 2072 711 2121 Ne·

165 2139 219 2225 pris
236 2139 277 2188 sic
292 2141 419 2203 exponit:
437 2135 589 2196 διέκπλους
605 2128 662 2187 ἐστὶ
676 2131 710 2188 τὸ

169 2205 298 2273 εμβαλείν
311 2203 358 2256 καὶ
371 2202 458 2257 πόλιν
468 2198 649 2272 ἀποστρέψαι
662 2204 711 2258 καλ

166 2265 253 2334 αὖθις
266 2268 406 2341 ἐμβαλεῖν.

198 2337 272 2403 ὅκως
294 2349 369 2395 τοῖσι
387 2336 498 2410 ἐρέτῃσι
522 2338 658 2410 χρήσαιτο
682 2362 708 2398 κ.

760 1652 824 1715 Vll,
835 1654 895 1703 210.
909 1653 1008 1705 Athon.
1022 1654 1070 1706 1v.
1080 1670 1105 1719 p.
1118 1655 1202 1706 1680.
1216 1672 1241 1720 p.
1251 1657 1301 1706 417

760 1718 791 1772 O.
805 1722 853 1774 XI.
869 1739 931 1788 pag.
947 1723 1040 1784 4631),
1056 1739 1127 1788 quac
1140 1725 1304 1774 attulitVal-

760 1790 839 1842 oken.
865 1793 957 1842 Minus
972 1794 1041 1842 bene
1059 1794 1129 1843 Miot
1141 1795 1304 1860 interpreta-
1349 1827 1352 1832 »

761 1866 820 1911 tur:
840 1871 896 1912 tous
908 1864 946 1911 les
953 1865 1039 1925 jaare.

795 1923 844 1979 οία
853 1922 980 1988 ἀπαθεες
992 1922 1085 1986 έόντες
1097 1922 1196 1980 πόνων
1209 1923 1304 1981 rorori-

760 1998 828 2065 των]
850 2001 867 2050 i.
882 2016 905 2052 e.
925 2004 1016 2065 quippe
1029 1999 1166 2050 ιἐλίιιιυιοιίὶ
1175 2001 1304 2052 laboriose

759 2071 855 2120 minime
877 2072 976 2120 adsrreti
985 2108 994 2137 ,Ι
1012 2072 1123 2122 laborum
1136 2072 1301 2134 impatientes.

760 2139 801 2188 Of.
820 2139 847 2201 Ι,
860 2140 920 2190 207.
935 2139 992 2200 ΙΙΙ,
1008 2140 1057 2190 160
1071 2147 1099 2189 et
1111 2139 1239 2190 Kuehner
1256 2141 1302 2191 tlr.

760 2208 807 2259 Gr.
822 2212 845 2272 ξ.
858 2209 920 2262 513.
931 2220 988 2260 not.
996 2209 1020 2262 3.
1047 2210 1089 2259 Ad
1101 2226 1195 2260 vocem
1208 2226 1302 2273 τετρυ-

759 2272 839 2342 μένοι
856 2279 920 2329 ofni
931 2317 937 2341 ,
948 2282 981 2327 22
997 2278 1055 2343 (ubi
1072 2278 1128 2328 vid.
1142 2287 1223 2342 nott,
1244 2282 1302 2344 qui-

759 2348 811 2398 bus
824 2349 887 2397 add.
898 2348 1025 2411 Aeschyl.
1039 2347 1174 2396 Prometh.
1190 2351 1221 2397 27
1235 2349 1301 2412 ibiq.

166 2432 189 2468 τ.
212 2412 249 2481 λ.]
284 2416 304 2464 i.
327 2428 349 2464 c.
378 2431 426 2480 ραν
449 2418 555 2480 remipes
575 2424 710 2467 eceroerer
738 2416 967 2480 'Blomfield).ll,
983 2415 1039 2466 129.
1053 2418 1167 2479 Appias.
1180 2418 1209 2467 B.
1222 2418 1301 2479 0.11,

165 2486 304 2537 istiusmodi
325 2487 526 2537 transcursiones
551 2490 649 2535 navium
671 2487 710 2534 in·
760 2473 815 2536 30?
835 2500 906 2550 quae
925 2485 1105 2548 Wcsselingio
1128 2486 1228 2549 debeo,
1256 2487 1302 2551 qni

165 2556 302 2617 stituendo,
315 2555 450 2621 simulque
465 2555 549 2606 etiam
561 2556 710 2606 classiarios
759 2555 831 2605 idem
847 2555 933 2606 verbs
958 2551 1022 2604 τίνα
1048 2548 1195 2617 δαιμόνων
1214 2571 1304 2619 παρα·

166 2629 189 2676 in
209 2627 288 2675 armis
308 2632 451 2676 exerceret.
494 2624 527 2673 ld
553 2626 624 2674 enim
648 2639 710 2674 cnm
760 2617 861 2690 βάντες
882 2624 941 2690 (quo
955 2625 1145 2690 οκωὶντλαειο)
1167 2641 1200 2675 ex
1218 2628 1302 2691 poeta

167 2693 317 2759 Schweigb.
338 2700 366 2744 et
380 2694 508 2744 Schneid.
524 2694 640 2744 indicari
654 2695 711 2744 eni·
759 2694 870 2744 finxisse
884 2698 957 2744 recte
972 2694 1117 2743 admonere
1131 2696 1247 2755 vdetnr,
1265 2698 1301 2744 ci-

167 2767 272 2817 stimem
288 2764 369 2815 verbo
383 2755 522 2824 όπλίζειν;
541 2763 639 2828 dequo
652 2779 713 2814 ver·
761 2768 824 2813 tens
836 2763 944 2813 Heliod.
953 2764 1080 2826 Aethiop.
1093 2763 1154 2816 VII.
1173 2767 1197 2827 ξ.
1209 2765 1243 2814 28
1256 2763 1302 2814 fin.

167 2835 200 2885 bo
216 2835 253 2885 τί.
272 2832 356 2885 Thes.
373 2834 453 2897 Ling.
475 2833 571 2884 Graec.
591 2836 623 2884 V.
644 2849 708 2898 pag.
761 2823 824 2896 έμολ
845 2826 957 2895 μελήσει
971 2829 1059 2880 ταῦτα
1078 2828 1126 2880 καλ
1145 2824 1243 2896 ὅρκοις
1255 2830 1303 2907 ιρκλ

167 2904 236 2955 2094
256 2902 299 2952 ed.
319 2902 459 2961 Dindori.;
483 2894 551 2958 τούς
577 2891 712 2967 έπιβότας

167 2975 316 3023 classiarios
328 2973 399 3023 dixit
413 2971 522 3030 milites,
536 2972 585 3037 qui
598 2973 632 3021 ab
642 2974 711 3036 ipsis

167 3044 260 3093 nantis
273 3042 333 3091 sive
345 3042 493 3106 remigibus
506 3041 711 3100 discernuntur3

168 3112 221 3163 vid.
238 3115 310 3161 nott.
325 3112 360 3161 ad
372 3112 421 3173 lV,
442 3111 499 3161 145.
512 3111 576 3173 VII,
589 3111 631 3161 96.
660 3113 712 3161 Eo·

168 3183 227 3233 dein
246 3182 368 3245 pertinet
386 3180 498 3234 verbnm
525 3170 712 3245 ἐπιβατεύειν,

169 3267 221 3316 qno
248 3251 350 3301 Noster
374 3251 462 3300 utitur
486 3249 543 3310 VI,
570 3250 611 3303 15.
649 3250 712 3299 Vid.

168 3320 366 3371 Wacbsmuth:
389 3319 496 3370 Hellen.
514 3318 711 3369 Altcrtbnmslr.

71 3402 75 3413 ·
169 3386 355 3455 11.pag.31u
379 3389 419 3439 Αδ
430 3388 582 3452 imperfecti
597 3388 711 3439 formem

169 3454 262 3525 ἔχεσκε
282 3458 319 3508 cf.
338 3458 439 3519 1,186.
471 3458 515 3507 lta
533 3458 604 3509 inira
621 3450 712 3507 ἔθελε-

170 3544 247 3579 τκυν.
287 3528 410 3577 Plurima
433 3526 488 3576 alia
509 3526 589 3577 huius
609 3528 712 3577 formae

170 3597 294 3663 exempla
307 3598 468 3663 suppeditst
479 3595 597 3648 Bredov.
620 3614 645 3661 p.
661 3598 712 3647 285

170 3685 227 3735 seq.
252 3668 296 3718 Ad
310 3673 500 3731 argumentum
513 3666 585 3731 qnod
604 3668 714 3727 attinet,

169 3737 324 3789 Larcherns
336 3738 464 3788 observat
474 3736 588 3787 Graecis
601 3737 629 3786 in
640 3750 714 3787 more

170 3809 273 3871 inisse,
291 3812 322 3857 ut
333 3822 419 3858 naves
435 3806 528 3857 ordine
540 3806 575 3856 ad
588 3822 663 3856 oram
678 3806 715 3856 si-

171 3882 276 3930 sterent
294 3878 402 3942 ipsique
419 3879 447 3926 in
468 3882 568 3927 terram
588 3877 717 3927 escende-

171 3952 240 4007 rent,
253 3947 415 3997 custodibus
425 3946 540 4009 relictis,
553 3947 633 4010 quisi
645 3961 715 4011 quas

171 4018 293 4068 bostium
315 4032 401 4067 neves
415 4015 578 4066 accedentes
594 4015 716 4065 animad-

173 4089 320 4149 verterent,
336 4086 443 4150 signnm
455 4086 567 4149 darent,
584 4100 637 4151 quo
652 4100 716 4136 con-

174 4164 267 4223 specto
279 4155 378 4220 reliqui
389 4155 520 4206 citissime
532 4155 567 4205 nd
579 4171 664 4206 naves
675 4170 715 4204 re-

174 4227 230 4279 dire
249 4226 399 4291 hostesque
423 4225 458 4275 ad
480 4240 599 4290 pugnam
623 4223 716 4290 parati

175 4299 300 4362 excipere
335 4300 457 4360 possent.
501 4295 579 4345 Unde
611 4310 716 4345 ornnem

176 4365 383 4416 Atheniensium
397 4363 502 4414 cladem
518 4364 552 4414 sd
563 4365 654 4429 Aegos
666 4365 718 4413 Po·

175 4440 262 4486 tsmcs
288 4450 369 4500 qnam
388 4433 520 4494 tulerunt,
542 4432 718 4500 repetendam

177 4521 235 4559 esse
245 4504 317 4556 idem
328 4505 397 4555 bene
406 4504 512 4556 adiicit.

760 2900 843 2957 θεοῖς
856 2903 916 2958 τοῖς
927 2899 1132 2966 aucupamur.

796 2966 863 3019 τόδε
876 2966 1108 3035 ἀναπίμπλαμεν]
1135 2970 1303 3021 Haeoverba

761 3055 893 3091 unacum
914 3039 1139 3090 antecedentibus
1157 3038 1222 3088 τίνα
1241 3037 1303 3088 δαι-

762 3103 860 3175 μόνων
881 3102 1059 3175 παραβάντες
1075 3109 1223 3173 sdscripsit
1242 3113 1303 3175 quis

763 3180 799 3230 ad
814 3178 975 3243 explendem
988 3179 1128 3239 lacunam,
1149 3194 1219 3243 quac
1232 3195 1304 3230 nunc

763 3254 856 3300 exstat
881 3250 908 3298 in
927 3250 1051 3313 Longino
1077 3250 1124 3313 qui
1142 3249 1243 3298 dicitur
1260 3250 1303 3299 De

763 3318 894 3370 sublimit.
905 3333 966 3383 cap.
979 3318 1047 3367 XIII
1057 3332 1078 3371 s¹
1090 3334 1151 3382 cap.
1164 3318 1266 3371 XVIII.
1277 3321 1302 3381 ς.

762 3392 787 3451 2,
803 3388 851 3437 ubi
866 3388 998 3439 Herodoti
1014 3403 1080 3439 sane
1094 3389 1178 3439 verba
1189 3388 1305 3439 afferen-

762 3460 799 3507 da
817 3463 904 3511 crant,
938 3451 1155 3522 ἀναπιμπλάναι
1173 3457 1303 3522 (explere)

763 3528 857 3577 eodem
869 3525 928 3578 iore
939 3543 1030 3589 sensu,
1047 3543 1101 3592 quo
1115 3522 1243 3591 πάσχειν,
1257 3526 1304 3591 φέ-

763 3611 825 3660 ρειν
835 3597 873 3653 V.
885 3601 916 3651 4.
929 3599 976 3647 ubi
991 3597 1046 3649 vid.
1058 3602 1130 3648 nott.
1154 3598 1195 3647 Ad
1208 3598 1305 3648 locuti·

762 3683 839 3717 onem
857 3659 1051 3723 ἐκπλώσαντες
1066 3658 1095 3715 ἐκ
1112 3664 1164 3716 τοῦ
1184 3661 1253 3716 νόου
1267 3667 1304 3718 cs.

763 3742 833 3786 nott.
850 3737 885 3786 ad
897 3737 950 3800 Ill,
967 3738 1025 3799 155,
1035 3752 1088 3802 quo
1101 3737 1162 3787 loco
1175 3728 1306 3802 (teissim

765 3819 816 3863 σας
827 3804 885 3854 τόν
899 3804 1025 3873 φρενῶν)
1049 3807 1121 3872 quod
1135 3808 1305 3871 praepositio

764 3882 830 3927 ante
847 3877 996 3941 genitivum
1015 3880 1116 3926 iterata
1134 3877 1228 3935 abest,
1246 3892 1305 3927 eam

764 3946 816 3996 boc
826 3961 935 4011 quoquc
949 3947 1009 3996 1οοο
1025 3945 1084 3995 tolli
1096 3945 1155 3994 vult
1169 3946 1260 3995 Naber
1271 3946 1305 3994 'iu

765 4017 935 4078 Mnemosyn.
950 4016 997 4065 IV.
1012 4030 1073 4079 pag.
1088 4014 1114 4078 b,
1123 4015 1306 4078 praepositio·

765 4100 841 4147 nem,
858 4085 881 4133 si
895 4084 1006 4134 verbum
1022 4082 1205 4148 metaphorice
1221 4100 1306 4148 pons·

765 4159 823 4214 tur,
843 4168 981 4217 nunqnam
999 4154 1092 4203 iterari
1115 4157 1305 4216 pronuntians.

766 4225 809 4274 Dc
822 4238 875 4288 quo
889 4223 953 4273 mibi
966 4223 1083 4273 nondum
1098 4223 1138 4272 ita
1149 4228 1253 4274 certum
1266 4227 1306 4275 vi·

768 4294 860 4355 detor,
878 4298 910 4342 ut
925 4293 975 4344 hoo
994 4293 1053 4343 loco
1067 4293 1307 4359 praepositionem,

769 4378 851 4428 quam
861 4378 953 4413 omnes
964 4367 1058 4414 tenent
1069 4363 1131 4413 libri
1143 4366 1248 4430 scripti,
1259 4366 1307 4416 ab·

769 4433 868 4483 iiciam.
889 4434 967 4496 Quod
976 4434 1100 4500 sequitur
1108 4423 1309 4499 έπιτρὲψαντες

771 4495 871 4569 ἔχομεν
889 4519 938 4571 pro
958 4494 1164 4572 ἐπετρέψαμεν,
1188 4505 1309 4559 illustra·
