3100 5175
101 1868 169 1889 l

676 305 684 332 l

282 383 343 445 611
716 380 984 442 ΗΕΒΟΒΟΤΙ
1029 412 1037 421 =

283 561 339 629 καὶ
360 556 519 647 στρατιὴν
537 555 791 646 παρελάμβανε,
823 536 1000 645 Τορώνην,
1029 549 1206 643 Γαληψὸν,
1227 550 1434 641 Σερμύλην,

285 775 356 811 nuuc
374 773 472 809 nornen
491 757 638 824 Dbre'peno
660 764 688 809 et
706 758 828 808 lr'ortolr‘:
878 763 986 824 ptorum
999 757 1075 808 locos
1089 753 1197 817 attulit,
1213 755 1286 806 bene
1302 769 1436 815 monens,

286 829 357 897 quod
370 845 429 878 cum
440 829 573 878 Herodoti
586 829 676 879 verbis
686 831 773 878 miuus
783 843 829 876 co-

286 901 394 950 haeret:
420 914 490 963 quse
511 900 581 948 idem
603 899 696 950 Leuke
717 901 829 948 secutus

287 973 314 1020 iu
331 983 431 1034 mepps
448 968 627 1019 Macedoniae
646 967 755 1019 adiectu
768 969 831 1016 Am·

286 1040 376 1106 polum
395 1040 466 1087 inter
479 1038 584 1087 Derrim
603 1044 632 1089 et
644 1040 771 1089 Toronen
789 1051 831 1085 re-

287 1116 332 1161 cte
351 1107 469 1158 collocet
486 1122 570 1171 prope
592 1108 678 1172 ipssur
692 1110 830 1167 Toronen,

289 1179 502 1244 promontorium
509 1177 618 1227 Kertsli
627 1178 662 1228 ed
672 1180 780 1228 Sortem
790 1190 832 1224 re-

288 1250 388 1299 ferens.
426 1249 522 1297 Torone
537 1248 602 1297 urbs
616 1250 687 1299 inter
699 1247 781 1303 urbes
795 1244 831 1294 sd

289 1334 365 1369 orem
378 1316 537 1381 peninsulee
549 1315 746 1367 occidentalem
760 1317 831 1363 sites

288 1386 408 1438 maxime
421 1385 537 1436 eminuit
546 1401 696 1453 nomenque
710 1386 786 1435 dedit
797 1384 833 1433 si-

288 1457 336 1508 oni
352 1455 507 1516 ediscenti,
529 1459 606 1506 cuins
626 1458 654 1506 in
668 1455 737 1506 bello
754 1453 832 1504 Pelo·

288 1529 455 1593 ponnesisco
469 1524 615 1589 aliquoties
629 1526 659 1576 lit
676 1527 778 1575 mentio
792 1531 833 1572 st·

290 1612 342 1662 que
356 1597 438 1645 etism
451 1602 548 1659 postes
558 1596 736 1645 Macedonum
750 1595 779 1643 iu
791 1607 834 1642 re·

290 1668 350 1716 bus.
376 1665 438 1715 vid.
455 1665 608 1730 Thucydid.
624 1667 676 1725 lv,
695 1666 743 1715 110
756 1678 832 1728 seqq.

878 830 949 879 banc
959 827 1092 877 Threciae
1102 825 1195 876 urbem
1206 825 1242 874 sb
1253 841 1287 875 ee
1298 824 1370 874 urbe
1379 826 1438 873 Ge·

878 899 971 963 lepso‚
987 897 1066 948 euius
1081 896 1105 945 li.
1121 895 1140 945 l.
1153 896 1258 946 mentio
1275 894 1326 955 lit,
1346 895 1437 958 probe

880 966 1085 1019 discernendum
1107 980 1184 1025 esse,
1205 970 1235 1014 et
1252 963 1379 1015 efferens
1395 970 1438 1013 te-

880 1040 1037 1088 stimoninm
1050 1035 1182 1100 Stephani
1195 1035 1367 1099 Byzantiui‚
1388 1035 1438 1099 qni

880 1110 950 1159 dues
969 1106 1074 1172 profert
1094 1104 1216 1155 eiusdem
1235 1105 1360 1154 nomine
1376 1103 1438 1152 Γα·

881 1170 975 1241 inodo
991 1177 1086 1227 nrbes:
1106 1174 1139 1225 de
1153 1189 1208 1239 qus
1218 1173 1318 1224 eedem
1332 1189 1362 1223 re
1375 1173 1438 1223 rid.

882 1261 989 1313 quoque
1002 1244 1126 1295 Bocchb:
1145 1242 1392 1294 Stestshenebslt.
1409 1242 1437 1293 d.

880 1317 979 1368 Athen.
993 1316 1029 1366 ll.
1042 1331 1067 1379 p.
1078 1313 1131 1365 616
1139 1330 1197 1378 seq.
1225 1313 1369 1363 Herodoti
1379 1313 1438 1363 Ga-

882 1388 986 1452 lepsum
1003 1386 1073 1434 inter
1085 1385 1212 1435 Toronen
1230 1389 1260 1433 et
1274 1383 1437 1446 Sermylam

882 1457 987 1522 quaerit
999 1454 1095 1504 Leuke
1107 1453 1126 1502 l.
1140 1453 1157 1502 l.
1171 1468 1234 1518 pag.
1253 1454 1304 1503 155
1324 1468 1357 1503 eo
1374 1452 1437 1501 iere

882 1526 958 1586 loco,
986 1525 1030 1574 cui
1051 1527 1148 1589 postes
1172 1538 1271 1572 nomen
1294 1522 1438 1589 Physcellc

883 1596 954 1661 spud
973 1594 1091 1644 Plinium
1112 1593 1145 1643 H.
1161 1594 1196 1642 N.
1212 1593 1268 1651 IV,
1287 1592 1330 1644 10.
1345 1595 1373 1654 ξ.
1390 1593 1437 1651 31,

883 1667 931 1715 nbi
941 1669 1050 1731 Μ
1080 1676 1153 1712 nunc
1178 1662 1270 1712 editur
1298 1662 1435 1711 Moecha.

291 1738 323 1795 V,
337 1737 354 1784 2
368 1750 426 1799 seq.
442 1739 470 1783 et
484 1735 577 1801 Poppo
591 1734 938 1795 Thucydi-w·
952 1782 965 1800 ν
974 1738 1005 1793 ζ,
1017 1748 1097 1798 quarn
1107 1732 1142 1781 sd
1152 1733 1370 1796 septentrionem
1381 1733 1439 1780 To-

265 1805 430 1866 W,
455 1805 614 1854 insonuere
637 1798 964 1854 mmffrones
986 1804 1066 1854 sitem
1078 1801 1165 1852 fuisse
1180 1802 1334 1862 coniicias,
1356 1800 1436 1865 spnd

291 1890 355 1939 pag.
371 1874 417 1924 161
433 1880 503 1925 nott.
520 1890 614 1940 esegg.
645 1875 705 1923 Non
721 1871 801 1935 longe
816 1886 834 1919 s

291 1943 372 1994 Derri
388 1957 410 1991 s.
423 1943 569 2008 Dhrepeno
585 1942 769 2007 promontorio
793 1942 833 1989 in·

291 2014 413 2071 venitur,
433 2018 464 2062 nt
477 2014 569 2063 Leslre
587 2015 684 2063 scribit
701 2013 719 2062 l.
734 2010 750 2061 l.
767 2025 832 2074 pag.

294 2082 358 2143 1111,
383 2084 594 2145 septentrionem
613 2097 707 2133 versus
727 2086 833 2145 portus,

292 2153 335 2202 cui
346 2150 436 2201 adhue
449 2167 545 2203 nomen
558 2153 640 2216 Knso',
652 2157 680 2203 et
694 2165 779 2215 prope
791 2150 834 2198 is·

292 2227 357 2271 cent
368 2221 464 2270 ruinae
475 2223 614 2283 ‘l'oroues‚
633 2221 730 2287 quibus
745 2218 833 2268 adbuc

292 2292 362 2340 idem
384 2305 491 2340 nornen.
530 2293 570 2341 Ac
588 2306 655 2342 sene
671 2290 742 2354 apud
756 2290 833 2338 Stro-

292 2361 388 2409 bonem
399 2358 460 2409 v11.
475 2364 499 2421 ς.
510 2360 544 2410 32
553 2359 668 2424 legitor:
687 2351 749 2422 -ἡ
763 2354 834 2419 Δέο-

293 2443 337 2492 pro
349 2418 519 2489 1οτ1νᾶκμα,
535 2428 656 2492 πλησίον
673 2425 782 2490 Kepos
796 2426 835 2475 λι-

292 2492 377 2561 μένος
387 2490 436 2543 καὶ
448 2487 463 2545 ὁ
479 2497 644 2559 Τορωναῐος
657 2491 763 2553 κόλπος
774 2487 833 2546 dno·

292 2558 402 2617 τούτων
422 2555 595 2628 ἀφορίζεται.
633 2569 723 2632 Atque
742 2581 837 2618 receu-

294 2641 349 2689 tius
363 2652 459 2687 nornen
473 2638 544 2702 Kuso
558 2638 620 2688 inde
632 2637 743 2688 ductum
756 2640 836 2702 putet

293 2706 386 2759 Leuke
401 2708 544 2759 conferens
560 2708 708 2758 Zenobinrn
725 2708 780 2769 IV,
801 2706 835 2758 68

295 2777 354 2843 (ubi
367 2778 535 2841 proverbium
547 2769 709 2840 κωφότερος
718 2772 769 2825 τοῦ
782 2775 837 2823 To·

295 2845 420 2911 ρωναίνυ
430 2843 554 2913 λιμένος)
567 2854 594 2898 et
603 2846 756 2910 Thucydid.
769 2846 836 2910 Μ,

295 2921 323 2967 in
337 2918 413 2966 cuius
425 2917 532 2968 vorbis:
551 2913 737 2966 κατέπλευσεν
748 2905 836 2971 dordr

295 2984 491 3046 Κολοφωνίων
522 2985 620 3051 λιμένα
649 2983 706 3035 τῶν
740 2984 835 3045 Τορω-

295 3053 385 3103 ναίων
407 3045 550 3120 ἀπέχοντα
569 3049 602 3105 οό
623 3048 697 3104 πολό
717 3051 767 3118 τῆς
785 3044 836 3101 πό-

296 3126 376 3182 λεως,
400 3128 528 3190 proponit
546 3122 660 3188 Kmoeir
679 3141 727 3189 pro
748 3121 837 3174 Καλο-

296 3190 428 3258 φωνίων,
446 3196 518 3260 quod
538 3195 601 3245 lieet
619 3195 760 3245 Strabonis
778 3207 837 3243 ver·

296 3265 339 3314 bis
365 3264 433 3314 sutis
461 3265 677 3316 commendatum
702 3264 837 3323 videntur,

295 3339 459 3397 respuerunt
472 3335 693 3386 temeueditores
703 3333 836 3384 recentio-

297 3418 356 3458 res,
383 3403 446 3467 quio
465 3406 518 3454 iste
538 3411 630 3468 portus
649 3419 703 3453 non
722 3394 839 3464 Κωφοῖν

297 3463 397 3534 λιμήν,
421 3473 469 3521 sed
486 3467 591 3536 Κωφὸς
610 3469 695 3537 λιμὴν
719 3473 838 3532 dicetur,

297 3541 370 3606 quod
396 3540 462 3590 mibi
486 3543 560 3593 houd
592 3544 682 3608 magni
711 3542 839 3592 momenti

299 3625 360 3661 erse
374 3610 497 3666 videtur:
516 3615 542 3661 in
557 3613 681 3677 Scylnois
695 3611 797 3676 Peripl.
813 3613 839 3672 ξ.

298 3681 332 3731 66
344 3680 454 3744 legitur:
476 3675 596 3745 Tooor'rq
613 3674 697 3739 πόλις
710 3673 839 3745 Ἑλληνὶς

299 3744 347 3798 καὶ
360 3742 454 3813 λιμήν.
480 3752 540 3801 Non
553 3751 633 3817 longe
645 3768 662 3801 e
671 3753 780 3801 Torone
794 3766 840 3814 po·

298 3821 373 3869 nitur
382 3821 518 3885 Lecytbus
529 3837 587 3884 urs,
598 3826 668 3873 teste
678 3821 840 3886 Thucydide

298 3890 347 3944 lv,
366 3887 426 3939 113:
446 3906 526 3955 quern
541 3891 695 3941 Herodotus
710 3892 839 3955 ignorsns

217 3975 219 3979 ¹
300 3958 379 4007 nllert
398 3958 545 4024 Galepsum,
571 3962 650 4010 euius
670 3960 745 4011 nulls
767 3960 840 4025 opud

300 4027 488 4092 Thucydidem
518 4031 636 4090 mentio;
671 4045 742 4094 quse
768 4031 839 4081 enim

300 4097 373 4161 opud
393 4114 453 4148 euni
468 4100 519 4161 lv,
539 4100 588 4151 107
609 4102 729 4150 occurrit
744 4101 840 4162 (inpre-

301 4170 352 4224 ίαε,
379 4169 462 4230 probe
488 4170 607 4220 discerni
631 4170 711 4220 debet
760 4168 840 4220 Conl.

302 4237 396 4299 Poppo
406 4235 425 4284 l.
437 4237 454 4288 l.
465 4254 482 4302 p
506 4238 566 4289 368.
582 4241 692 4290 Etenim
705 4238 840 4289 Threciae

291 4305 365 4355 ‘urbs
380 4295 432 4366 esi,
446 4322 463 4356 α
474 4307 587 4372 Scylace
601 4313 625 4370 9.
638 4309 670 4360 67
680 4325 841 4360 commemo·

301 4378 380 4435 rste,
397 4376 444 4425 ubi
453 4376 566 4427 Mueller
578 4377 689 4443 (Geogr.
701 4379 747 4428 Gr.
757 4379 839 4428 minn.

303 4443 325 4496 1.
348 4458 413 4508 pag.
431 4445 477 4510 ol)
505 4446 618 4499 eliorum
645 4462 751 4514 quoque
774 4450 843 4498 scri·

883 1873 1069 1936 Thucydidem
1084 1872 1107 1933 1,
1119 1870 1153 1922 db
1168 1870 1230 1921 coll.
1243 1874 1283 1933 V,
1301 1874 1334 1921 lo
1347 1886 1437 1920 vocs-

884 1949 927 1993 tur
939 1940 1105 2003 Σερμνλίων
1118 1934 1211 2003 πόλις,
1226 1941 1275 1991 ubi
1289 1939 1436 1991 Scholinm

884 2012 967 2062 hebet
986 2005 1140 2074 Σερμνλλς,
1162 2010 1296 2075 Stephon.
1311 2012 1435 2074 Byzant.

884 2100 907 2135 s.
918 2098 944 2132 r.
956 2096 1019 2145 ρος.
1028 2080 1080 2134 665
1091 2078 1250 2144 Σερμνλίαε
1269 2080 1344 2145 qnod
1358 2081 1436 2129 idem

884 2155 976 2202 exstet
993 2149 1066 2215 epod
1085 2148 1193 2214 Scylec.
1212 2152 1236 2213 ᾗ.
1251 2149 1287 2201 do
1306 2150 1386 2214 (pag.
1399 2149 1435 2199 ’26

884 2221 970 2270 Huds.
981 2236 1007 2284 p.
1020 2219 1071 2269 ’278
1083 2219 1167 2283 Gall,
1179 2220 1227 2270 nbi
1238 2219 1353 2270 additur
1366 2220 1435 2267 ιολ·

885 2305 938 2346 πος
953 2280 1140 2353 Σερμυλικός)
1159 2294 1187 2340 et
1202 2290 1231 2337 in
1245 2290 1435 2355 inscriptione

885 2362 1001 2424 outiqnn
1022 2358 1095 2423 opud
1109 2358 1227 2409 Boeekb.
1249 2359 1274 2409 1.
1289 2358 1432 2424 millii.

884 2431 927 2480 Tu
943 2428 999 2479 vid.
1013 2428 1113 2478 Duker.
1127 2429 1163 2479 ed
1176 2428 1336 2490 Thucydid.
1352 2428 1383 2491 1,
1399 2428 1434 2477 bb

885 2500 1018 2549 ethsse
1027 2497 1061 2546 sd
1069 2496 1191 2562 Thucyd.
1200 2498 1232 2559 V,
1245 2498 1287 2549 18.
1296 2498 1380 2549 Unde
1390 2513 1435 2547 ss-

886 2569 923 2621 tis
935 2573 1027 2640 putet.
1043 2566 1108 2633 quid
1122 2568 1156 2620 de
1167 2568 1226 2619 eius
1237 2567 1435 2619 emendatione

886 2642 923 2689 sit
945 2638 1135 2719 statuendum,
1163 2638 1211 2703 qui
1236 2638 1265 2686 in
1288 2638 1435 2688 Herodoto

886 2706 1227 2842 nerhenes
1238 2703 1437 2838 111111

886 2847 933 2897 λια
948 2864 971 2900 s.
987 2837 1144 2910 Ἐρμνλίες.
1167 2852 1238 2899 teste
1255 2847 1363 2896 Lesbio
1380 2846 1400 2895 l.
1416 2847 1435 2895 1.

886 2933 947 2982 pag.
965 2919 1023 2968 154.
1051 2916 1209 2980 Mecyberna
1220 2916 1322 2980 viginti
1334 2916 1436 2966 stodiis

888 2988 922 3054 sb
940 2986 1061 3051 Olyntho
1080 2985 1133 3034 init
1154 2992 1275 3049 remoto,
1294 2987 1374 3036 cuius
1393 2986 1436 3035 di-

888 3054 1436 3192 {haereditethelihel?

888 3198 947 3247 dem
965 3194 1038 3244 nulle
1056 3196 1173 3259 snrplins
1194 3196 1253 3246 eius
1273 3195 1304 3244 lit
1319 3196 1435 3245 mentio.

889 3264 1002 3330 Olynthi
1015 3268 1104 3315 nnoole
1121 3272 1223 3317 vocent
1238 3265 1358 3325 Strabo,
1376 3263 1435 3313 elii.

888 3336 969 3386 Unde
979 3337 1060 3384 moris
1074 3336 1167 3395 sinus,
1191 3336 1239 3400 qui
1251 3334 1339 3400 volgo
1356 3334 1437 3384 Toro-

888 3420 968 3455 noenr
986 3409 1114 3463 vocetur,
1142 3405 1350 3469 Mecybernoene
1370 3419 1436 3468 quo·

891 3490 943 3541 qne
963 3478 1144 3539 nuncupetur.
1183 3476 1225 3524 Tu
1241 3476 1299 3525 vid.
1317 3473 1436 3525 Diodor.

890 3546 944 3595 Sic.
960 3545 1085 3605 x11,77.
1100 3544 1178 3606 xvl,
1192 3545 1235 3595 51.
1260 3543 1388 3607 Thucyd.
1402 3543 1436 3602 V,

892 3614 933 3666 18.
949 3613 992 3664 311.
1006 3612 1113 3679 Scylec.
1128 3612 1147 3663 1.
1160 3612 1179 3663 1.
1191 3613 1266 3664 Melo
1277 3613 1295 3663 l.
1309 3612 1330 3663 1.
1343 3614 1436 3676 ibique

891 3682 1051 3734 Tnsohnclre
1065 3689 1135 3734 nott.
1148 3699 1243 3748 excgg.
1260 3699 1286 3748 p.
1300 3682 1436 3742 1511162,

889 3755 1027 3803 Mennert.
1037 3754 1100 3804 VII.
1113 3769 1140 3818 p.
1150 3753 1210 3805 «rod.
1223 3754 1284 3816 459,
1300 3753 1437 3804 Klsnseu.

891 3823 925 3872 nd
941 3823 1075 3873 Hecstsei
1089 3822 1214 3888 frsgmm.
1228 3837 1292 3887 pag.
1304 3824 1356 3884 77,
1377 3822 1437 3888 qui·

891 3892 942 3942 bns
954 3892 1016 3942 sdd.
1032 3892 1191 3957 Millingen:
1212 3891 1323 3957 Sylloge
1340 3892 1372 3941 of
1387 3907 1438 3941 sn·

891 3963 964 4012 cient
974 3962 1060 4013 incdit
1069 3963 1145 4012 coins
1156 3978 1219 4028 pag.
1228 3963 1262 4012 45
1272 3977 1331 4026 seq.
1356 3962 1438 4011 Nune

892 4036 1006 4081 vocatur
1033 4032 1224 4098 Μολίνομμνμο,
1254 4036 1286 4081 nt
1313 4036 1439 4082 testetur

892 4101 984 4153 Leuke
999 4102 1017 4152 l.
1029 4101 1047 4151 l.
1063 4117 1126 4166 pag.
1140 4102 1198 4154 155.
1225 4099 1348 4167 Olynthos
1357 4101 1438 4161 urbs,

893 4173 1012 4222 omnium
1024 4171 1058 4221 erl
1068 4171 1244 4222 Macedoniae
1254 4185 1288 4221 sc
1298 4172 1438 4221 Threciae

893 4256 967 4291 orem
983 4241 1152 4291 conditurum
1168 4242 1287 4290 maxime
1302 4243 1438 4300 eminens,

893 4312 927 4361 sd
948 4313 1035 4360 sinum
1055 4311 1227 4361 Toronaeum
1246 4316 1326 4361 extre
1341 4310 1439 4361 Sitho-

893 4383 955 4431 nise
973 4381 1133 4446 peninsnlne
1149 4380 1278 4430 isthmum
1294 4381 1381 4430 iseuit
1395 4397 1441 4431 se·

893 4450 1007 4517 xngiotn
1016 4450 1100 4501 ferme
1110 4450 1207 4502 studiis
1217 4450 1277 4502 sire
1286 4451 1374 4501 tribus
1388 4449 1441 4502 bo-
