3100 5175
229 386 293 452 216

662 381 931 445 HERODO'I'I

229 561 359 634 τούτων
379 561 620 648 κατυπέρτεροι
636 549 723 648 ἦσαν
736 563 771 630 ολ
782 562 910 649 Πέρσαι
924 562 993 627 τῶν
1002 561 1179 644 Κυπρίων.
1221 561 1369 641 Τετραμ-

231 671 335 757 μένον
351 666 388 735 δὲ
410 669 470 735 τοῦ
489 666 717 752 στρατοπέδου
740 659 835 735 ἄλλοι
856 691 893 733 τε
908 671 1029 734 ἔπεσον
1044 661 1161 731 πολλοὶ
1182 661 1238 728 κοιλ
1254 656 1296 746 δὴ
1315 656 1371 724 καλ

231 770 400 859 Ὀνήσιλός
414 796 450 837 τε
465 764 482 838 ὁ
496 770 652 854 Χέρσιος,
670 763 706 847 ὅς
720 793 783 856 περ
799 765 861 857 τὴν
871 772 1036 853 Κυπρίων
1045 763 1230 835 ιἰαόστασιν
1239 764 1371 848 ἔπρηξε,

233 877 290 944 καὶ
310 871 478 943 όΣολίων
500 868 660 959 βασιλεὺς
673 867 950 958 Ἀριστόκυπρος,
969 866 987 938 ὁ
1008 867 1245 956 Φιλοκύπρου,
1269 873 1371 934 Φιλο-

235 978 370 1066 κύπρου
396 977 433 1046 δὲ
460 974 599 1060 τούτου,
629 972 688 1045 τόν
707 976 829 1047 Σόλων
854 971 871 1046 ό
894 973 1089 1062 Ἀθηναῖος,
1118 969 1321 1058 ἀπικόμενος
1341 970 1375 1047 ἐς

171 1082 397 1171 114Κύπρον,
420 1083 458 1150 ἐν
476 1084 570 1147 ἔπεσι
590 1087 704 1148 αἴνεσε
726 1081 906 1167 τυράννων
927 1077 1079 1167 μάλιστα.
1116 1074 1293 1164 Ὀνησίλου
1313 1073 1376 1160 μέν

239 1215 305 1258 νυν
324 1182 557 1274 Ἀμαθούσιοι,
572 1178 622 1251 ὅτι
636 1184 741 1270 σφέας
755 1181 988 1271 ἐπολιόρκησε,
1002 1177 1228 1268 ἀποταμόντες
1242 1174 1304 1265 τὴν
1319 1202 1375 1244 κε-

240 1383 359 1454 βέβηκεν
373 1376 431 1448 ἅμα
446 1380 486 1450 τῷ
501 1374 660 1468 παραρότῃ.
688 1383 786 1436 Melius

242 1462 271 1508 et
287 1458 394 1520 aptiore
408 1456 516 1504 nomine
534 1446 651 1518 ἡνιοχος
667 1449 716 1503 καλ
733 1469 786 1503 τια-

243 1523 369 1593 papatus
377 1526 436 1575 sive
447 1514 634 1590 παραιβότης,
642 1523 698 1575 alii.
709 1526 786 1574 Man·

243 1598 280 1646 sit
294 1596 388 1661 itaque
396 1594 553 1644 Salaminiis
563 1595 670 1659 priscus
684 1611 717 1644 ex
727 1610 788 1645 eur·

243 1666 318 1716 ribus
331 1664 473 1729 pugnandi
484 1679 551 1720 mos,
565 1664 649 1713 sicuti
663 1665 789 1715 diutissi-

243 1751 286 1785 me
301 1734 440 1784 Thebanis
456 1732 484 1782 in
499 1735 630 1792 Boeotia,
643 1733 677 1783 de
690 1734 788 1800 quibus

245 1810 273 1856 et
287 1804 396 1868 gemina
415 1804 529 1854 sectetis
543 1803 579 1852 arl
596 1803 707 1854 Diodor.
723 1803 789 1865 XII,

244 1873 309 1925 70³*
327 1874 522 1936 Weaaelinp.
538 1873 648 1930 Incidit,
664 1872 788 1936 quodhic

245 1943 387 1994 Herodoto
402 1947 537 2004 narratur,
547 1944 575 1991 in
586 1957 648 1991 ann.
659 1944 711 1994 498
724 1946 790 1993 ante

246 2013 309 2064 Chr.
322 2029 348 2065 n.
368 2027 391 2061 s.
406 2010 513 2077 Olymp.
531 2012 618 2071 LXX,
633 2011 658 2062 3.
674 2040 707 2049 -
725 2013 790 2062 Mox

246 2082 349 2133 retinui
363 2080 504 2145 vulgatam
516 2072 618 2144 ἐποίεε,
632 2097 712 2146 quam
720 2082 790 2132 San-

247 2152 330 2203 croiti
351 2149 419 2199 liber
438 2150 562 2215 alterque
579 2153 791 2202 commutantia

246 2212 314 2271 έποί
321 2233 396 2282 εον,
415 2221 488 2284 quod
501 2219 666 2271 Schaeferus
686 2223 791 2286 recepit

248 2304 361 2349 eumque
373 2290 461 2339 secuti
476 2290 536 2340 edd.
552 2296 668 2341 receutt.
698 2292 738 2340 Ad
756 2292 793 2341 si-

249 2354 451 2420 gnificationem
474 2358 552 2403 verbi
578 2359 696 2409 oouicrri
737 2364 793 2409 ote.

250 2427 328 2484 runt,
346 2437 415 2487 quae
429 2423 534 2472 monuit
553 2423 644 2473 hmeis
657 2425 700 2474 in:
750 2441 795 2475 ue-

251 2492 340 2543 taell's
358 2489 491 2540 Zeitschr.
510 2491 530 2543 f.
543 2492 793 2556 Gymnasialwesen

251 2562 329 2613 Vlll.
344 2577 370 2626 p.
384 2561 444 2612 oen.
469 2559 501 2611 ln
512 2564 635 2627 proxime
646 2579 722 2629 seqq.
736 2578 796 2615 ver·

251 2634 293 2683 bis
304 2647 358 2682 nnn
369 2631 515 2683 obsecutus
526 2647 584 2682 sum
592 2633 700 2685 Nahero
708 2632 795 2697 (Mne-

253 2718 358 2767 mosyn.
373 2702 423 2752 IV.
437 2716 499 2766 pag.
515 2701 560 2768 24)
575 2719 624 2768 pro
638 2696 796 2767 γινομένων

252 2774 395 2851 reponpnti
408 2769 673 2837 προσγινομένων,
690 2774 738 2824 sed
749 2773 797 2823 de·

253 2843 282 2892 di
295 2856 404 2890 τσυτων
417 2857 465 2905 pro
478 2836 617 2907 τουτέων,
635 2845 753 2908 itemque
766 2828 798 2907 ἦ·

255 2925 307 2961 σοιν
324 2928 373 2977 pro
396 2904 471 2961 ἔσαν.
508 2912 549 2962 Ad
568 2912 796 2978 significationem

253 2982 330 3058 verbi
342 2974 446 3044 ἔπρηξε
457 2981 512 3033 vid.
527 2987 597 3034 nott.
613 2984 647 3033 ad
661 2983 713 3040 111,
731 2984 752 3032 Ι.

289 3067 340 3100 τον
360 3044 460 3099 Σόλων
478 3043 493 3098 ὀ
512 3041 677 3115 Ἀθηναῖος,
697 3046 798 3101 α’τιικό-

255 3135 340 3185 μενος
355 3112 382 3176 ές
397 3113 526 3185 Κύπρον]
552 3122 594 3171 Cf.
607 3123 798 3187 hlautsCypr.

256 3194 279 3243 1.
292 3207 353 3255 cap.
368 3190 392 3237 7.
411 3191 535 3239 Pertinet
544 3192 597 3241 huc
607 3192 748 3242 Plutarchi
760 3193 799 3242 lo·

257 3277 306 3312 cus
325 3261 353 3309 in
366 3259 424 3311 vit.
438 3258 529 3310 Solon.
548 3262 592 3315 26.
610 3277 636 3326 p.
653 3261 719 3311 93A
736 3277 799 3311 nar·

257 3331 355 3390 rantis,
369 3328 495 3378 Solonem
508 3331 567 3393 regi
578 3336 718 3382 auctorem
731 3331 800 3382 suis·

258 3416 298 3459 ae,
312 3404 342 3447 ut
353 3412 453 3447 novant
467 3399 558 3449 urbem
573 3400 607 3450 ob
619 3416 744 3464 asperum
757 3406 800 3450 at·

259 3484 312 3533 que
322 3466 520 3517 incommodum
532 3469 631 3534 prioris
642 3472 750 3535 Aepeae
764 3471 801 3519 si-

258 3545 316 3587 tum
333 3534 471 3595 conderet,
483 3539 527 3586 cui
543 3539 602 3588 urbi
614 3555 710 3591 nomen
724 3557 741 3591 a
753 3539 802 3590 So·

260 3607 322 3658 lone
333 3606 449 3654 inditum
459 3597 553 3657 Σόλοι.
575 3610 653 3671 Quae
662 3625 725 3659 num
737 3625 801 3661 vere

260 3675 405 3726 tradantur
426 3690 531 3737 necne,
559 3693 629 3728 nune
651 3678 802 3745 disquirere

260 3761 314 3796 uon
328 3749 420 3797 vacat.
452 3745 517 3795 Cum
537 3747 607 3797 enim
623 3748 746 3799 Selorum
765 3750 802 3798 ci-

261 3816 333 3864 vitas
350 3814 384 3862 ab
403 3813 613 3867 Atheniensibus
634 3819 745 3868 condita
762 3835 803 3869 es·

261 3888 304 3934 set
316 3889 386 3933 teste
400 3884 534 3935 Strabone
546 3887 619 3937 XIV.
636 3904 696 3953 pag.
714 3890 764 3939 083
779 3905 801 3939 ε.

263 3953 329 4005 1002
337 3953 367 4015 C,
380 3954 448 4005 satis
461 3957 562 4006 iustam
574 3973 606 4007 eo
614 3958 803 4022 proficiscendi

262 4038 374 4075 causam
394 4023 478 4075 Solon
497 4025 603 4080 habuit.
643 4028 739 4078 Adhuc
760 4043 804 4078 nr-

261 4094 320 4155 bis,
335 4109 406 4158 quae
420 4095 454 4145 ad
468 4110 543 4145 oram
556 4098 805 4163 septemtrionalem

263 4164 346 4228 Cypri
367 4179 421 4214 nou
447 4166 541 4229 procul
566 4183 583 4216 a
610 4169 805 4232 promontorio,

264 4235 308 4283 cui
324 4249 420 4283 nomen
430 4234 582 4300 Calliuusa,
591 4243 731 4288 exstructa
743 4254 805 4303 pro-

263 4319 297 4367 pe
311 4304 421 4353 fluvium
434 4320 547 4369 parvum
563 4312 643 4370 portu
660 4314 744 4372 atque
754 4310 806 4357 Ve-

263 4373 338 4423 neris
352 4372 487 4439 Isidiaque
501 4376 601 4439 templo
612 4377 727 4443 insignis
741 4378 805 4439 fuit,

260 4441 362 4493 rudera
387 4442 519 4507 quaedam
544 4451 653 4497 exstare
677 4448 806 4497 dicuntur

835 1384 918 1450 vulgo
930 1383 1153 1446 vocataAliporo,
1170 1379 1188 1432 i.
1199 1395 1222 1430 e.
1230 1377 1315 1441 sorum
1326 1392 1378 1426 ma-

837 1457 953 1506 ritimam.
985 1452 1028 1501 cf.
1042 1453 1178 1501 Mannert.
1198 1449 1251 1510 Vl,
1272 1447 1296 1496 l.
1314 1461 1377 1511 pag.

837 1525 889 1575 565
909 1528 937 1574 et
950 1521 1006 1573 rid.
1021 1521 1193 1586 potissimum
1206 1516 1306 1582 Engel:
1323 1516 1380 1580 Ky-

838 1609 901 1658 pros
916 1594 939 1642 Ι.
955 1606 1018 1656 pag.
1040 1592 1073 1641 74
1094 1605 1169 1655 seqq.
1203 1589 1245 1638 De
1265 1584 1380 1650 reliquis

839 1667 879 1715 ita
899 1664 927 1711 V
929 1662 1058 1712 αἰολον.
1080 1660 1158 1711 adh.
1178 1659 1215 1707 1.:
1241 1655 1380 1718 „Tradere

838 1731 941 1793 voluit,
955 1736 987 1780 ut
1002 1731 1114 1795 opinor,
1127 1726 1300 1786 Herodotus,
1317 1724 1381 1773 dum

839 1807 991 1854 moraretur
1017 1801 1090 1865 apud
1109 1798 1312 1862 Philoeyprum,
1333 1793 1383 1843 So-

838 1873 928 1923 lonem
941 1872 969 1920 in
980 1871 1043 1935 ipsa
1054 1867 1145 1919 insula
1155 1867 1244 1931 Cypro
1259 1862 1382 1916 carmina

840 1942 1011 2004 condidisse,
1038 1940 1135 2005 quibua
1161 1938 1277 1987 amicum
1300 1933 1383 1982 istum

840 2027 919 2065 suum
932 2008 1111 2060 eollaudarit:
1130 2013 1214 2073 atquc
1225 2005 1253 2054 id
1267 2001 1384 2054 manife-

842 2087 913 2132 stum
932 2085 976 2130 est
991 2095 1023 2131 ex
1036 2081 1115 2144 parte
1126 2077 1252 2141 Elegiae,
1273 2088 1328 2138 qua
1341 2087 1384 2121 re-

842 2167 903 2214 gem
924 2151 1006 2201 istum
1031 2148 1222 2213 alloquebatur
1241 2143 1338 2205 Solon,
1367 2155 1385 2189 a

841 2220 989 2272 Plutarcho
1004 2217 1194 2270 conservatal.
1205 2213 1244 2264 l.“
1274 2214 1317 2264 Tu
1326 2210 1383 2262 vid.

842 2289 961 2343 Brunch.
976 2291 1066 2340 Potiti.
1082 2286 1215 2352 gnomiec.
1237 2284 1265 2332 in
1275 2281 1386 2332 Solonis

843 2361 939 2425 fragm.
955 2374 995 2408 nr.
1009 2358 1118 2420 XXIII,
1137 2360 1164 2406 et
1177 2353 1276 2418 Bergk.
1292 2353 1384 2401 Poitt.

842 2431 937 2492 lyrico.
949 2429 1062 2480 Graece,
1077 2443 1103 2492 p.
1115 2426 1181 2488 344,
1196 2424 1243 2475 ubi
1258 2421 1387 2472 carminis

845 2496 958 2561 elegiaci
971 2495 998 2544 in
1010 2496 1201 2560 Philocyprum
1216 2493 1313 2557 scripti
1326 2505 1387 2539 ver·

845 2581 892 2618 sus
906 2581 969 2626 aex,
984 2580 1052 2631 qnos
1066 2569 1212 2616 servarunt
1223 2559 1387 2614 Plutarchus

845 2637 863 2685 l.
876 2635 894 2684 l.
911 2640 938 2684 et
954 2641 1051 2685 auctor
1063 2635 1137 2685 vitae
1148 2635 1226 2684 Arati
1239 2649 1264 2697 p.
1279 2632 1313 2683 53
1327 2632 1389 2680 We·

846 2711 957 2765 sturm,
984 2704 1156 2757 exhibentur.
1194 2704 1248 2766 Qui
1274 2707 1389 2766 uterque

846 2775 919 2840 qnod
932 2774 1091 2840 Cypriorum
1104 2780 1249 2839 tyrannum
1262 2787 1279 2821 a
1289 2771 1389 2821 Solone

846 2844 987 2896 laudatum
1004 2843 1101 2893 scribit
1119 2836 1150 2893 έν
1166 2843 1230 2897 ταῖς
1248 2833 1388 2904 ἐλεγείαις,

847 2915 893 2966 ubi
907 2914 1065 2964 Herodotus
1083 2913 1179 2964 scribit
1198 2902 1229 2961 έν
1243 2904 1333 2964 έπεσι,
1350 2913 1391 2959 tc·

849 2983 965 3035 nendum
979 2990 1037 3041 est,
1057 2982 1109 3033 hac
1122 2985 1182 3047 ipsa
1195 2980 1391 3046 appellatione,

849 3070 931 3121 quam
947 3053 1106 3103 Herodotus
1127 3052 1253 3109 exhibet,
1274 3054 1302 3100 et
1314 3047 1392 3099 Solo-

848 3140 910 3175 nem
926 3128 953 3174 et
964 3125 988 3172 si
998 3126 1044 3188 qui
1053 3121 1103 3172 alii
1113 3121 1160 3171 illa
1172 3126 1264 3171 aetate
1278 3121 1393 3168 eiusmo-

849 3195 878 3244 ‹li
893 3194 1017 3244 earmina
1026 3193 1150 3257 elegiaco
1162 3198 1247 3241 metro
1259 3187 1394 3251 composi·

849 3270 880 3314 ta
897 3263 1082 3328 scripserunt,
1103 3277 1167 3312 usos
1191 3277 1250 3312 esse
1274 3259 1309 3308 ad
1323 3257 1392 3307 talia

849 3331 1155 3389 carminadeclaranda;
1170 3332 1238 3381 adeo
1250 3334 1282 3380 ut
1293 3329 1392 3378 haecce

850 3420 904 3455 vox
922 3418 1010 3467 aeque
1028 3402 1150 3453 adhibita
1167 3402 1204 3451 sit
1221 3400 1254 3451 de
1268 3397 1393 3450 carmini-

850 3474 901 3524 bus
923 3472 1033 3523 heroieo
1055 3477 1142 3522 metro
1163 3469 1328 3533 conscriptis
1353 3472 1393 3517 at-

852 3559 903 3606 que
917 3543 951 3592 de
963 3543 1008 3601 iia,
1019 3558 1089 3608 quae
1099 3541 1218 3605 elegiaco
1232 3544 1318 3591 metro
1330 3554 1394 3587 con-

852 3613 911 3662 dita
927 3617 1014 3662 erant.
1051 3612 1093 3662 Cs.
1106 3611 1207 3662 Ulrici:
1234 3608 1333 3660 Gesch.
1347 3608 1394 3656 der

853 3682 1056 3733 bellemPoiisie
1069 3683 1104 3731 11.
1118 3697 1144 3745 p.
1161 3681 1217 3730 10³.
1231 3684 1288 3729 not.
1301 3677 1353 3727 200
1367 3680 1395 3725 et

854 3768 880 3817 p.
899 3753 956 3810 177,
974 3752 1062 3801 Bode:
1076 3750 1239 3802 Geschichte
1254 3750 1280 3798 d.
1296 3747 1395 3796 hellen.

853 3820 1023 3872 Dichtkunst
1036 3822 1073 3879 ll,
1089 3821 1111 3870 l.
1125 3836 1186 3885 pag.
1200 3819 1258 3869 135.
1283 3819 1324 3866 De
1336 3819 1396 3880 ipso

853 3890 945 3940 Solone
959 3891 1076 3941 conferri
1092 3895 1230 3953 poterunt,
1243 3904 1314 3954 quae
1327 3886 1395 3947 adl,

854 3961 889 4012 29
901 3959 988 4009 allata
1001 3966 1073 4010 sirnt.
1100 3961 1181 4012 Hunc
1192 3974 1257 4009 vero
1270 3956 1395 4007 Solonem

855 4031 884 4080 in
893 4029 1059 4080 carminibus
1068 4029 1148 4079 aliam
1158 4033 1242 4094 atque
1250 4029 1396 4076 Homerum

856 4100 991 4150 rationem
1005 4104 1127 4149 secutum
1139 4115 1198 4150 esse
1209 4100 1349 4162 magisque
1362 4095 1396 4145 ad

857 4168 1399 4234 poisiuveteremOrphieammysticam·

857 4253 909 4305 que
922 4237 1087 4305 theologiam
1106 4253 1135 4290 se
1152 4240 1307 4303 applicasse
1325 4236 1398 4300 quod

857 4324 889 4358 ex
914 4309 966 4359 hoc
984 4306 1120 4360 Herodoti
1143 4307 1203 4358 ioco
1226 4307 1318 4363 colligi
1340 4304 1399 4355 vult

856 4379 996 4430 Heiueche
1009 4376 1112 4443 (Ueher
1125 4378 1227 4428 Homer
1244 4394 1270 4427 u.
1279 4377 1397 4440 Lycurg.

856 4464 881 4513 p.
897 4448 952 4513 28),
968 4447 1034 4498 mihi
1047 4447 1119 4499 haud
1133 4447 1280 4513 persuasit,
1297 4445 1343 4510 qni
1357 4444 1400 4493 ni-
