3100 5175
281 382 342 445 720
714 386 1000 448 HERODO'I'I'

280 566 414 649 ἵδρυται
430 555 609 647 Ἡρακλέος
622 555 675 628 ἐπ’
692 557 833 631 αὐτοῖσι.
866 563 1029 650 ἐδέδμητο
1050 561 1089 630 δὲ
1109 577 1215 649 τεῖχος
1232 558 1318 630 κατὰ
1331 559 1411 630 tari·

281 693 338 745 τας
357 663 414 745 τὰς
435 661 592 751 έσβολάς,
612 665 668 731 καὶ
688 667 725 731 τό
750 693 789 752 γε
810 664 953 735 παλαιὸν
973 665 1076 735 πύλαι
1097 668 1236 754 έπησαν.
1274 671 1413 752 ἔδειμαν

281 769 318 838 δὲ
334 771 467 848 Φωκέες
488 766 524 836 sd
545 782 653 855 τεῖχος
671 773 861 854 δείσαντες,
882 771 955 839 ἐπεὶ
977 772 1141 838 Θεσσαλοὶ
1162 761 1270 858 ἦλθον
1291 772 1329 838 ἐκ
1346 779 1412 837 &e-

279 877 444 960 σπρωτων
463 868 654 959 οἰκήσοντες
672 877 736 960 γῆν
754 872 816 961 τὴν
830 879 989 958 Αἰολίδα,
1011 873 1072 961 τη’ν
1086 901 1149 963 περ
1170 878 1234 943 νῦν
1249 876 1412 943 ἐκτέαται.

279 974 337 1045 ἅτε
364 976 406 1065 δὴ
434 977 654 1064 πειρωμένων
679 982 747 1044 των
768 983 950 1046 Θεσσαλῶν
977 982 1271 1068 καταστρέφεσδαί
1294 999 1414 1064 σφεας,

279 1086 377 1149 τοῦτο
392 1079 666 1168 προεφυλάξαντο
685 1083 721 1149 ολ
731 1085 879 1161 Φωκέες·
907 1083 962 1151 καὶ
975 1079 1012 1150 τὸ
1027 1078 1121 1171 ὕδωρ
1136 1080 1174 1150 τὸ
1187 1080 1319 1176 θερμὸν
1337 1081 1412 1150 τότε

279 1189 408 1274 ἐπῆκαν
421 1187 474 1253 snt
490 1182 551 1272 τὴν
567 1188 701 1270 ἔσοδον,
725 1179 769 1264 ὡς
783 1180 826 1254 ἆυ
837 1192 1074 1274 χαραδρωθείη
1088 1183 1105 1254 ὁ
1118 1192 1240 1274 χῶρος,
1263 1191 1332 1255 πᾶν
1344 1214 1410 1274 μη-

279 1288 500 1377 χανεωμενοι,
521 1284 607 1367 ὅκως
627 1287 671 1375 μή
685 1308 746 1375 σφι
767 1290 944 1376 ἐσβάλοιεν
965 1292 1174 1359 occaecatum
1197 1291 1252 1358 ἐπὶ
1267 1289 1329 1378 την
1343 1289 1410 1377 χω·

280 1421 353 1481 ρην.
397 1390 441 1462 ud
461 1394 524 1482 μέν
542 1418 609 1459 νυν
622 1406 727 1480 τεῖχος
746 1391 784 1461 τὸ
802 1390 941 1483 ἀρχαῖον
961 1397 998 1462 ἐκ
1019 1399 1164 1464 παλαιοῦ
1173 1421 1217 1496 ’τε
1236 1397 1410 1482 ἐδέδμητο,

279 1616 333 1666 gne
348 1601 508 1652 delabentes
519 1601 590 1651 idem
602 1600 818 1652 insenitdootis·

277 1675 361 1724 simus
374 1672 573 1737 peregrinator.

314 1771 360 1826 nni
373 1770 467 1841 βωμὸς
481 1772 595 1839 ἵδρυται
604 1766 757 1837 Ἡρακλέος
774 1763 816 1821 ἐπ’

278 1839 402 1911 αὐτοῖσι]
427 1847 501 1896 Satis
530 1851 625 1895 notum
647 1849 697 1909 est,
724 1855 817 1894 omnes

279 1918 368 1967 sontes
388 1915 492 1967 calidos
511 1915 623 1977 Herculi
641 1919 816 1966 consecratos

280 2003 341 2038 esse
354 1987 388 2037 ob
402 1989 518 2051 igneam,
534 1987 640 2052 opinor,
654 2000 686 2035 ac
699 1983 816 2034 solarem

278 2056 358 2108 huius
373 2057 491 2106 neminie
504 2057 559 2105 rim
572 2054 726 2106 hominibus
745 2053 818 2104 salu·

278 2128 395 2178 berrima
418 2141 543 2191 quaeque
570 2125 816 2175 administrantem.

278 2198 341 2250 Vid.
355 2197 445 2248 Schol.
460 2198 488 2246 in
498 2196 635 2261 Aristoph.
652 2193 739 2244 Nubb.
750 2193 817 2245 1050

280 2269 344 2332 ibiq.
366 2272 437 2316 nott.
462 2265 576 2318 Diodes.
599 2263 700 2328 1V‚·23
722 2263 815 2329 ibique

277 2335 439 2400 Wessciing.
466 2335 528 2386 coli.
549 2334 637 2384 Walz.
662 2333 697 2382 ad
718 2336 814 2384 Arsen.

279 2406 377 2457 Violet.
386 2421 449 2471 pag.
458 2407 510 2455 ‘278
517 2421 601 2470 seqq,
614 2403 813 2454 Schneidewin.

278 2476 313 2526 ad
332 2475 409 2540 Ibyci
421 2475 545 2540 iregmm.
560 2490 587 2539 p.
603 2473 662 2526 181.
689 2473 813 2536 Accedit,

278 2546 350 2613 quod
362 2546 449 2596 omnis
461 2545 528 2595 haec
539 2546 613 2611 regio
630 2544 756 2595 Herculis
771 2559 813 2596 re·

277 2618 380 2683 ligione
394 2616 678 2679 cousecratavidetur,
692 2614 815 2665 beneob·

277 2694 403 2739 servante
418 2685 626 2737 conuellere
639 2686 704 2734 Dor.
713 2685 736 2736 1.
748 2700 813 2750 pag.

277 2759 327 2809 427
338 2773 404 2823 seq,
419 2757 443 2807 ei
451 2756 559 2821 quidem
570 2756 609 2806 ibi
620 2754 722 2805 fundus
733 2755 814 2820 quasi

277 2828 388 2878 fabulae
404 2828 437 2878 de
449 2826 577 2888 Hercule,
593 2826 679 2892 quiex
691 2826 815 2876 hismen-

277 2900 357 2959 riuus,
376 2913 429 2948 non
447 2896 526 2947 aliter
542 2903 624 2962 atque
643 2901 740 2961 postea
759 2897 815 2946 He-

277 2968 412 3027 raclidae,
436 2983 598 3033 progressus
623 2982 708 3031 eoque
731 2969 814 3015 etiam

274 3053 412 3104 regressus
427 3038 496 3088 diem
511 3037 612 3089 obiisse
626 3036 719 3086 fertur.

311 3131 448 3206 ἐδέδμητο
465 3133 497 3189 δὲ
516 3143 608 3206 τεῖχος
623 3132 695 3190 κατα
708 3130 814 3197 ταυτας

275 3205 325 3270 τὰς
340 3203 468 3277 ἐσβολὰς]
485 3212 518 3263 In
531 3212 573 3261 his
582 3212 709 3262 faucibus
722 3205 812 3273 φρου-

275 3298 323 3344 ρια
353 3281 482 3345 (castella)
513 3282 576 3332 olim
601 3282 688 3332 fuisse
711 3282 812 3331 Strabo

273 3369 380 3418 qnoque
395 3353 536 3401 tentaturi.
549 3352 566 3402 1.
586 3351 812 3417 Intelligitureu-

274 3431 328 3473 tem
351 3421 448 3486 procul
471 3422 554 3472 dubio
576 3421 622 3473 ille
645 3422 736 3483 locus,
763 3421 810 3471 ubi

273 3508 345 3543 nuno
357 3492 509 3543 'Parcarum
521 3494 677 3557 portitores,
689 3492 810 3557 vectigal

273 3579 291 3612 a
303 3562 508 3613 transeuntibus
515 3564 665 3628 exigentes,
680 3561 809 3612 collocati

273 3639 338 3683 eunt
351 3633 477 3697 exiguum
487 3633 522 3682 ad
534 3640 654 3698 pontem,
667 3631 809 3696 nonlongc

272 3702 382 3754 abillis
401 3704 524 3759 fontibus
544 3703 652 3764 calidis,
671 3710 703 3751 ut
724 3700 807 3765 panio

271 3780 337 3823 ente
351 3773 477 3824 diximus.
496 3773 567 3834 Quin
580 3780 705 3824 veterum
716 3787 810 3822 monn-

271 3854 433 3904 mentorum,
455 3844 488 3894 de
511 3845 609 3908 quibus
635 3844 670 3893 cf.
689 3843 808 3907 Appian.

180 3904 187 3921 ⁴
270 3914 332 3978 Syr.
358 3915 395 3963 17.
420 3914 536 3978 Ρτουορ.
568 3915 610 3963 De
631 3912 738 3964 aedifiu.
756 3912 806 3974 IV,

274 3983 453 4049 12‚reliqniae
473 3985 603 4049 quaedem
622 3984 712 4034 adhuc
731 3983 808 4033 cerni

270 4053 366 4104 uolunt
384 4059 412 4104 et
430 4057 489 4118 ipso
504 4056 532 4104 in
545 4054 615 4115 loeo,
630 4055 677 4119 qui
688 4053 806 4103 maxime

270 4125 389 4174 omnium
399 4125 437 4174 sit
446 4130 578 4187 angustus
586 4140 619 4174 ac
627 4122 807 4189 periculosus,

868 1617 922 1654 non
937 1603 1018 1669 longe
1036 1619 1054 1653 a
1071 1603 1193 1653 fontibus
1213 1602 1313 1652 calidis
1335 1618 1409 1652 moe·

868 1676 943 1724 nium
955 1689 988 1724 ac
999 1675 1083 1724 turris
1091 1675 1267 1738 conspexisse
1274 1673 1407 1737 quaedam

868 1745 1000 1808 vestigia,
1031 1759 1082 1793 uec
1105 1749 1197 1793 tamen
1224 1742 1274 1792 illa
1298 1743 1408 1808 quidem

867 1814 947 1865 valde
966 1821 1086 1864 vetusta.
1115 1813 1185 1863 Add.
1207 1811 1334 1862 t'ischer:
1358 1814 1408 1861 Er-

868 1886 1029 1950 inuerungg.
1052 1899 1115 1949 pag.
1139 1881 1192 1933 040
1209 1898 1268 1948 seq.
1286 1887 1314 1931 et
1332 1882 1403 1931 coni.

868 1954 954 2005 allata
965 1955 1001 2003 ad
1018 1953 1203 2017 vl1,208.—
1224 1953 1266 2002 De
1282 1951 1408 2014 Τλετριό-

866 2028 898 2076 n'e
917 2025 989 2076 coni.
1007 2029 1077 2073 nott.
1098 2022 1134 2072 ad
1151 2021 1184 2084 V,
1203 2022 1247 2073 92.
1261 2025 1286 2084 ξ.
1303 2023 1328 2071 7.
1364 2023 1405 2071 De

871 2095 1011 2156 Thessalia,
1033 2109 1102 2159 qnae
1117 2092 1180 2145 olim
1198 2094 1286 2143 Aeolis
1300 2091 1353 2142 init
1366 2092 1405 2141 di-

866 2175 913 2216 ets
932 2164 966 2215 ab
984 2166 1079 2223 Aeoio,
1100 2161 1278 2214 Deucalionis
1296 2169 1403 2226 nepote.

865 2233 998 2302 quietim
1024 2234 1094 2283 hanc
1115 2234 1253 2298 regionem
1284 2233 1403 2282 terruisse

866 2307 961 2367 fertur,
977 2304 1050 2356 coni.
1065 2304 1179 2353 Diodor.
1192 2302 1241 2361 IV,
1251 2302 1296 2351 67.
1309 2303 1401 2354 θυοδ.

867 2376 943 2428 vlu.
956 2388 1020 2440 pag.
1033 2375 1082 2426 587
1096 2390 1119 2425 s.
1132 2389 1196 2438 pag.
1211 2371 1273 2423 38³.

898 2436 937 2502 ὥς
954 2439 991 2495 ἂν
1007 2441 1209 2508 χαραδρωθείη
1224 2431 1240 2489 ὁ
1259 2438 1394 2506 leinach.

864 2532 888 2568 e.
906 2530 954 2581 quo
965 2517 1129 2579 υοτορὶυοειιι
1143 2517 1218 2576 fieret
1230 2515 1312 2570 locas,
1333 2528 1396 2562 esre·

861 2589 933 2651 pines
950 2602 972 2639 s.
991 2589 1101 2650 βκεαηοι
1117 2585 1253 2647 acciperet.
1286 2581 1349 2633 Vid.
1366 2583 1398 2644 11,

863 2658 897 2708 25
906 2656 961 2718 un„
973 2657 1022 2706 ubi
1031 2663 1104 2705 terra
1114 2656 1215 2719 dieitur
1224 2650 1399 2716 κεχαροδρυ·

864 2720 950 2789 μένης
975 2727 1031 2776 vid.
1056 2727 1095 2775 ibi
1115 2730 1184 2776 nott.
1206 2729 1235 2773 et
1258 2723 1331 2773 conf.
1352 2724 1400 2785 lx,

866 2798 929 2854 102,
943 2796 989 2846 ubi
1000 2801 1092 2845 exstat
1106 2811 1159 2845 vox
1172 2788 1313 2858 ηαροὶδρη,
1330 2808 1399 2858 quae

864 2866 939 2931 apud
962 2867 1108 2916 Homerum
1131 2879 1240 2930 quoque
1264 2865 1398 2912 invenitur

865 2937 909 2987 Ili.
920 2936 968 2996 IV,
979 2938 1030 2987 ⁴54
1042 2936 1076 2987 de
1089 2935 1195 2993 fissura,
1209 2949 1279 2998 qnae
1289 2935 1395 2983 interra

864 3006 895 3056 fit
903 3007 1024 3056 irruente
1036 3012 1156 3056 torrente
1164 3003 1209 3055 vel
1221 3019 1349 3069 aquarum
1359 3003 1396 3053 vi.

865 3102 898 3111 -
910 3077 952 3126 De
968 3091 1001 3127 ea
1015 3081 1161 3138 structura,
1186 3089 1240 3139 qua
1260 3074 1398 3138 optativus

863 3146 960 3196 addita
976 3144 1074 3197 vocula
1097 3139 1134 3195 ἂν
1156 3145 1259 3208 excipit
1275 3143 1396 3193 voculam

863 3208 911 3279 ὡς,
932 3215 988 3269 vid.
1008 3215 1094 3265 allata
1111 3216 1146 3265 ad
1167 3215 1190 3277 1,
1205 3216 1238 3263 75
1257 3214 1318 3263 coll.
1342 3215 1397 3287 153.

861 3288 895 3337 In
919 3286 1009 3337 verbis
1033 3286 1154 3349 proxime
1172 3285 1350 3350 sequentibus
1370 3299 1399 3330 υ-

861 3371 918 3412 κως
931 3348 971 3419 μή
995 3368 1046 3417 σφι
1061 3348 1204 3421 ἐσβάλοιεν
1216 3347 1246 3401 οἱ
1261 3348 1397 3405 Θεσσαλοὶ

861 3418 909 3475 int
921 3420 975 3488 τὴν
985 3421 1081 3490 χώρην
1093 3426 1164 3490 quod
1177 3423 1272 3488 Pflugk
1287 3423 1397 3487 (adflu—

859 3495 959 3562 ripidis
979 3494 1161 3548 Andromach.
1177 3493 1238 3557 115)
1258 3493 1398 3543 abundau-

859 3567 927 3616 tiam
949 3565 1086 3632 quandam
1111 3567 1138 3614 in
1165 3565 1397 3629 praepositionum

859 3652 911 3686 usu
922 3625 1092 3702 (ἐσβάλοιεν
1105 3662 1140 3673 -·
1154 3626 1210 3686 ἐπὶ
1226 3626 1395 3699 τὴνηοὶρην)

858 3707 1042 3757 animadverti
1057 3706 1131 3769 vult,
1158 3704 1230 3755 haud
1247 3706 1397 3757 assentior:

859 3792 922 3826 nam
942 3777 970 3825 in
989 3778 1080 3829 verbis
1096 3766 1143 3825 det
1162 3769 1216 3838 τήν
1234 3768 1330 3839 χοίρην
1351 3774 1399 3838 (ad

857 3855 952 3897 terrane
975 3848 1085 3910 ipromn
1112 3847 1293 3909 occupandae)
1318 3859 1396 3908 prae

858 3917 1023 3982 positionem
1043 3911 1089 3966 ἐπὶ
1110 3915 1221 3967 muitum
1238 3915 1348 3965 differre
1360 3914 1396 3963 ei·

859 3986 1032 4052 gnificatione
1051 3987 1086 4036 ab
1097 4003 1131 4037 ea
1143 3987 1180 4045 vi,
1199 4001 1271 4051 quae
1284 3989 1357 4034 inest
1368 3985 1394 4033 iu

858 4057 1062 4122 praepositione
1074 4048 1103 4113 ές
1115 4072 1175 4107 cnm
1187 4057 1270 4106 verbe
1282 4050 1396 4120 βάλλειν

858 4128 963 4190 iuncta,
976 4142 1055 4177 nemo
1066 4142 1123 4177 uon
1134 4128 1218 4177 videt.
1229 4152 1264 4163 -
1275 4127 1308 4175 ln
1317 4139 1391 4188 seqq.

269 4194 315 4244 ubi
328 4195 409 4258 pauci
422 4193 523 4246 mattos
543 4194 687 4261 prohibere
698 4195 806 4259 possint
857 4190 947 4246 ἔκειτο
959 4198 1080 4262 accipio:
1097 4198 1176 4247 ιὀοιιίλ
1196 4197 1292 4255 directa,
1304 4210 1395 4262 quern.

269 4264 468 4328 aggredientes.
485 4265 546 4315 Vid.
560 4264 660 4316 Clarlre
673 4265 691 4315 1.
708 4264 725 4313 1.
740 4280 802 4329 pag.
856 4267 1000 4317 admodum
1018 4267 1083 4317 alibi
1098 4265 1211 4315 κεῖσθαι
1224 4267 1258 4316 de
1269 4267 1393 4323 mortuis.

268 4334 334 4391 247,
352 4334 441 4383 Kruee
455 4334 474 4382 1.
490 4334 506 4383 1
522 4351 547 4400 p.
564 4336 613 4387 130
627 4342 655 4385 et
669 4336 804 4398 inprimis
855 4339 902 4401 qni
914 4339 965 4387 snb
979 4346 1054 4388 terra
1066 4338 1168 4398 iacent,
1190 4336 1213 4397 Ι,
1227 4336 1270 4386 uo.
1287 4336 1335 4397 IV,
1353 4336 1391 4384 11.

267 4403 472 4454 Vaudonconrt.
487 4404 503 4454 1.
520 4404 715 4470 l.p.281eeqq.
728 4404 804 4455 Idem
855 4407 903 4460 IX'.
923 4409 980 4459 105.
1007 4400 1097 4455 ἔκειτο
1113 4423 1167 4457 non
1186 4406 1274 4469 magis
1290 4406 1392 4455 mutavi

267 4478 385 4523 testatur
396 4472 528 4524 Dodwell.
544 4473 561 4522 1.
577 4473 596 4525 l.
610 4491 672 4541 pag.
689 4474 753 4537 130,
773 4491 803 4526 se
854 4477 882 4527 in
893 4467 994 4537 έκέετο,
1014 4493 1095 4543 quam
1107 4492 1189 4543 snpra
1202 4477 1265 4543 vu,
1281 4476 1338 4539 158,
1363 4476 1393 4525 li·
