3100 5175
455 397 821 462 TERPSIOHORE.
843 399 882 459 V.
904 407 948 464 87·
967 409 1011 465 88.

1238 359 1308 462 ιιι

159 575 217 643 ἵνα
238 570 280 661 δὴ
302 571 466 662 περόνῃσι
486 570 531 661 μὴ
549 574 721 661 χρέωνται.
758 578 827 641 ἔστι
850 573 886 642 di
905 570 1028 661 ἀληθέι·
1045 572 1134 664 λόγῳ
1154 575 1297 663 χρεωμέ-
1308 585 1348 650 88

158 697 248 746 νσισι
263 673 327 745 οὐκ
345 673 409 757 Ἰὰς
429 674 513 765 αὕτη
531 672 552 765 ἡ
572 675 673 764 ἐσθὴς
692 672 728 743 τό
743 673 904 761 παλαιὸν,
927 673 1010 746 αλλὰ
1023 677 1168 763 Κάειρα·
1195 675 1301 767 ἐπεὶῆ

158 808 197 868 γε
216 777 395 868 Ἑλληνικὴ
416 779 517 868 ἐσθὴς
536 784 627 848 πᾶσα
647 776 667 869 ἡ
686 777 806 867 ἀρχαίη
825 783 893 847 τῶν
912 785 1083 866 γυναικῶν
1102 776 1122 869 ἡ
1141 778 1225 869 αὐτὴ
1247 771 1299 869 ἦν,

157 882 221 972 τὴν
233 888 302 953 νῦν
315 889 458 971 Δωρίδα
478 886 649 971 καλέομεν.
695 890 788 952 Τοῖσι
810 882 847 951 δὲ
866 880 1040 972 Ἀργείοισι
1059 886 1115 953 καὶ
1138 901 1222 953 τοῖσι
1237 892 1298 953 Αἰ-

156 986 315 1075 γινήτῃσι
342 989 399 1055 καὶ
427 984 510 1074 πρός
529 990 634 1055 ταῦτα
656 993 704 1055 ἔτι
723 985 799 1054 τόδε
819 989 952 1075 ποιῆσαι
977 987 1082 1076 νόμον
1103 985 1189 1056 εἶναι
1211 985 1300 1076 παρὰ

156 1157 251 1236 mentc
282 1185 408 1235 nonnihil
435 1184 521 1236 fuisse
550 1186 704 1246 diversum

156 1269 324 1320 quemquam
339 1256 367 1304 iu
379 1271 431 1320 quo
447 1257 506 1320 ipso
519 1254 603 1306 fuerit
617 1257 704 1306 diver-

154 1341 225 1387 sum,
238 1324 268 1372 id
280 1326 309 1372 1ιι
324 1330 404 1374 tante
414 1326 630 1376 testimoniorum
647 1326 705 1375 ino·

153 1395 203 1459 pie
215 1395 265 1443 vix
285 1398 362 1444 certo
381 1394 491 1445 dixeris.
524 1394 603 1449 Conf.
619 1395 649 1449 C.
669 1394 702 1447 0.

153 1462 283 1514 Mueller.
296 1464 363 1516 Dor.
374 1465 412 1515 11.
423 1479 486 1528 pag.
501 1463 561 1514 205.
586 1466 642 1514 Nec
654 1466 703 1512 mi-

153 1548 200 1582 ror
214 1532 341 1597 equidem
355 1549 389 1583 es
403 1535 432 1582 iu
449 1533 528 1591 urbe,
550 1549 619 1598 quae
633 1534 703 1582 inter

155 1602 279 1667 reliquus
294 1602 401 1653 divitiis
421 1605 449 1653 et
462 1603 559 1666 opibus
571 1610 704 1652 mercatu-

154 1672 186 1721 rd
208 1672 356 1736 acquisitis
371 1676 475 1722 muture
497 1672 641 1735 excelluit,
657 1688 702 1721 ve·

154 1742 259 1790 stieudi
273 1756 359 1806 genus
378 1747 511 1791 mutatum
525 1748 552 1791 et
567 1757 584 1791 s
603 1741 703 1805 simpli-

154 1811 226 1860 ciori
244 1810 346 1873 forme,
368 1826 438 1875 quae
457 1811 569 1861 Dorihis
589 1810 701 1875 reliquis

154 1881 268 1943 propria
284 1880 350 1941 fuit,
368 1881 537 1943 aliquantum
555 1882 702 1930 recessisse

154 1949 189 1998 sd
207 1950 346 1999 rationem
367 1948 507 2000 cultiorem
532 1953 559 1999 et
583 1950 702 2013 exquisi-

154 2020 262 2068 liorem.

189 2084 239 2136 ἵνα
260 2080 298 2150 δὴ
311 2078 461 2166 περόνῃσι
486 2079 524 2150 μὴ
548 2082 697 2151 χρέωνται]

153 2156 261 2207 Vocula
276 2146 319 2220 dr}
333 2157 427 2206 eodem
439 2156 517 2206 modo
530 2156 636 2238 positu,
644 2171 699 2238 quo

154 2217 587 2290 ιιιριιἾ,1181ιιίῐ.ἴνα1ἠμη
604 2240 633 2274 αι
649 2218 699 2273 αὖ·

153 2294 200 2344 ταὶ
189 2289 281 2345 ὶὲωσι
294 2298 370 2344 τοῖσι
382 2292 567 2343 Σικυωνίοισι
579 2289 627 2342 sul
641 2295 699 2342 τοι-

155 2378 181 2413 σι
196 2358 341 2442 Ἀργείοισι
358 2365 416 2414 scil.
432 2360 528 2426 molal.
554 2362 661 2414 Fibulrs
675 2379 697 2415 s

152 2426 290 2494 περόναις
317 2437 460 2484 uterentur
489 2447 601 2483 necesse
628 2436 697 2494 erut,

153 2506 320 2568 quicumque
336 2503 439 2553 Dorice
457 2508 599 2567 gestarent
617 2502 700 2552 vesti

153 2579 245 2624 mente
263 2571 346 2624 nullis
367 2573 480 2623 manicis
500 2573 634 2623 instructu
648 2588 698 2623 nec

154 2653 290 2701 consots;
315 2642 412 2692 Ionum
436 2644 568 2702 amictus,
594 2643 623 2691 in
645 2657 697 2707 quo

155 2717 486 2773 numerumnunerum,
504 2711 592 2761 nullus
610 2711 699 2775 requi-

154 2783 231 2832 rebat
244 2781 354 2832 fibulas.
377 2781 497 2832 Subinde
511 2788 602 2831 temen
615 2783 698 2830 etiam

153 2851 181 2900 iu
193 2852 288 2901 lonum
302 2850 443 2901 mulierum
457 2851 561 2900 amictu
574 2841 698 2912 περόνας

153 2921 268 2971 inveniri
275 2920 311 2969 nd
319 2922 442 2970 monicus
452 2921 553 2970 scissus
563 2920 698 2968 constriu-

152 2991 256 3054 gendes
268 2990 396 3040 mouetC.
408 2989 431 3038 Ο
452 2989 646 3039 Muellerum.
658 2989 695 3037 ΙΙ.

153 3075 213 3125 pag.
227 3060 290 3121 264,
304 3061 352 3123 qui
365 3058 436 3109 idem
448 3059 477 3107 iu
486 3060 623 3123 Aeginett.
633 3074 696 3122 png.

154 3128 420 3189 renunciaturum,
438 3143 517 3192 quem
534 3128 567 3177 de
580 3130 696 3179 vestium

153 3197 627 3254 eommrrtstioneHerodotustrudit,
637 3213 698 3277 pro·

152 3268 252 3318 lectum
267 3269 356 3330 rideri
367 3267 427 3316 vult
440 3267 554 3316 ostudio
568 3272 596 3316 et
608 3266 697 3315 consi-

153 3337 188 3386 lio
199 3339 456 3402 entiquissimorum
466 3336 658 3387 historicorum
669 3340 696 3383 et

154 3406 388 3471 philosophorum,
406 3406 565 3469 cuicumque
583 3420 698 3455 consuc-

155 3479 239 3528 tudini
255 3482 283 3526 et
297 3477 426 3526 instituto
444 3470 540 3523 uicies·
559 3480 586 3524 et
606 3472 697 3521 ιιισιν

153 3546 289 3610 quendum
305 3544 461 3610 quaerendi.
484 3546 542 3595 Nec
552 3544 630 3592 aliter
640 3543 697 3593 iere

153 3616 289 3666 iudicasse
305 3615 387 3665 rideo
400 3613 534 3663 Welcker.
554 3613 581 3661 in
601 3614 697 3662 Museo

153 3686 274 3736 Rheuuu.
288 3686 312 3747 1,
328 3686 355 3733 2.
371 3698 436 3748 pag.
448 3683 508 3733 252.
535 3681 603 3732 Mihi
617 3697 696 3732 secus

153 3756 270 3807 ridetur.

290 3925 357 3977 Cur
371 3880 553 3975 Lxxxvnu

183 4023 289 4095 ἆληθίϊ
298 4021 373 4094 λόγῳ
383 4018 576 4109 χρεωμένοισι]
592 4027 695 4105 Eadem

153 4087 694 4178 locutiol‚14;sliusulndrrpxprpco

155 4171 280 4231 panH,
300 4168 360 4220 101.
384 4166 432 4216 104
451 4165 512 4216 coll
525 4166 578 4226 vl,
593 4159 660 4216 13
645 4180 692 4229 ορ

156 4236 198 4304 dci
211 4232 285 4317 λόχῳ
298 4231 457 4315 χρεωμένῳ.

186 4306 303 4372 ποιῆσαι
316 4300 409 4369 νόμον
424 4285 510 4369 εἶναι]
532 4304 574 4353 Ex
587 4307 694 4354 eutece-

156 4376 239 4430 deutis
250 4392 312 4443 cep.
332 4375 414 4426 initio
429 4372 608 4438 supplendum
622 4366 693 4437 λέχε-

156 4459 207 4501 ιιιι,
236 4449 275 4499 Ac
289 4462 370 4499 nemo
389 4459 444 4494 non
460 4442 603 4508 iutelligit,
622 4442 693 4493 hauc

755 1185 858 1251 legem,
873 1202 926 1251 qne
940 1187 1049 1237 Atticae
1062 1202 1166 1238 merces
1179 1188 1297 1252 prohibi-

755 1261 801 1306 tse
812 1261 885 1319 sunt,
895 1272 985 1306 eurum
998 1273 1030 1307 ex
1042 1273 1140 1322 genere
1150 1273 1218 1318 esse,
1229 1273 1299 1323 quoe

755 1327 856 1376 nostris
863 1327 1030 1389 temporibus
1038 1342 1084 1389 per
1094 1342 1187 1376 omnes
1194 1327 1251 1378 fere
1260 1329 1297 1378 ci-

754 1396 855 1446 vitates
865 1395 1040 1446 introductae
1052 1397 1242 1459 inveniuntur,
1255 1414 1296 1448 re·

755 1466 875 1530 ferrique
882 1464 1005 1528 possead
1015 1466 1069 1515 istu
1078 1466 1294 1527 instituts,nunc

754 1535 863 1597 quidem
883 1535 993 1598 cognite
1018 1535 1102 1584 variis
1124 1536 1293 1585 nominibus:

753 1603 854 1665 Mauris,
866 1605 931 1663 Zoll,
943 1605 1042 1664 huone,
1056 1604 1154 1668 quibus
1167 1603 1209 1654 vel
1224 1605 1294 1654 redi·

751 1679 797 1723 tus
810 1673 935 1723 civitatis
948 1673 1043 1737 augeri
1057 1672 1099 1722 rel
1114 1679 1293 1722 mercaturam

750 1743 905 1806 indigenum
916 1743 1069 1804 promoveri
1082 1742 1221 1792 dictitant.
1242 1743 1294 1792 Cu·
1382 1768 1386 1775 ·

751 1813 794 1861 ius
807 1811 912 1861 inventi
923 1810 1031 1861 leudem
1041 1827 1075 1861 ne
1088 1813 1147 1876 quis
1160 1814 1292 1863 recentio-

748 1881 826 1930 ribus
839 1882 956 1942 tribuet,
977 1883 1037 1963 ipse
1046 1880 1090 1930 hic
1108 1882 1293 1946 antiquissimi

750 1950 877 1999 historici
889 1949 966 1999 locus
984 1950 1053 2000 sutis
1066 1949 1154 2012 docet,
1168 1965 1203 2000 ne
1216 1954 1292 2000 vote-

751 2036 795 2070 res
809 2019 917 2085 quidem
933 2019 1000 2069 talin
1012 2018 1142 2080 latuisse,
1163 2019 1292 2084 clareque

749 2093 964 2140 commonstrent
987 2056 1193 2138 Atheniensium
1217 2088 1292 2150 leges

749 2157 917 2222 complures,
943 2158 1042 2222 quibus
1060 2157 1146 2207 libero
1163 2160 1292 2208 mercium

750 2226 919 2292 quarundam
951 2228 1113 2277 commercio
1143 2228 1292 2277 interdixe-

748 2297 804 2346 rint
807 2334 813 2358 ,
828 2313 906 2347 suum
918 2297 1036 2361 ipsorum
1048 2298 1237 2346 commercium
1251 2297 1292 2345 1ιι-

749 2366 784 2415 de
806 2367 988 2429 maximopere
1010 2367 1106 2430 sugeri
1129 2367 1191 2415 ruti.
1234 2367 1290 2417 Nec

748 2434 805 2484 ulis
814 2450 880 2485 sune
888 2436 1078 2499 Aeginetarum
1090 2435 1175 2486 fuisse
1183 2436 1291 2486 ridetur

747 2505 881 2567 rutio‚cui
895 2519 1004 2555 causum
1019 2521 1036 2554 ιι
1048 2504 1191 2569 religione,
1207 2510 1238 2553 ut
1250 2504 1288 2566 fic,

748 2576 891 2639 repetitum
911 2575 1123 2638 praetexuerint.
1153 2575 1193 2623 Ac
1212 2589 1290 2624 esne-

749 2660 830 2709 quam
844 2644 917 2693 huud
930 2644 986 2693 scio
1000 2659 1036 2692 an
1050 2659 1082 2693 eu
1092 2647 1153 2707 ipse
1167 2642 1210 2692 lex
1223 2658 1290 2694 rner-

748 2720 872 2763 cuturum
891 2718 919 2761 et
933 2712 1082 2763 sollertiam
1096 2714 1290 2777 Aegineturum

748 2784 776 2831 in
792 2783 919 2846 operibus
940 2781 1040 2845 figlinis
1055 2782 1136 2833 valde
1150 2798 1290 2846 promove-

747 2853 784 2900 rit
799 2859 826 2900 et
839 2852 957 2914 suxerit,
972 2867 1032 2901 cum
1045 2853 1102 2900 eius
1115 2853 1206 2915 gentis
1219 2855 1291 2914 opifi-

746 2925 819 2972 cinae
835 2924 938 2985 riplr'rrae
961 2921 1115 2983 antiquitus
1135 2917 1289 2969 celebratae

747 2990 834 3041 luisse
847 2991 1000 3040 videantur.
1027 2991 1096 3038 Nem
1116 2990 1188 3038 inter
1205 3004 1240 3037 no
1255 2989 1290 3037 is-

748 3060 831 3136 simu,
849 3064 878 3108 ut
893 3059 1014 3118 videtur,
1035 3058 1081 3107 isti
1074 3057 1187 3107 usmodi
1205 3072 1289 3119 opera

748 3118 762 3177 ὁ
777 3121 898 3190 κε’ραιιος
913 3121 1057 3191 Αἰχιναιος
1071 3127 1144 3189 apud
1158 3126 1288 3187 Stephon.

746 3198 815 3260 Byz.
835 3212 859 3245 s
873 3212 898 3247 v.
918 3194 1029 3257 Αἶχιναι
1050 3194 1111 3246 coll
1124 3212 1146 3246 s.
1160 3211 1188 3244 ι.
1201 3191 1288 3253 Γάζα.

748 3268 789 3316 Tu
813 3265 868 3316 rid.
887 3280 993 3331 quoquc
1010 3264 1132 3318 Mueller
1151 3265 1287 3327 Aeginctt

748 3351 810 3398 pag
825 3335 858 3385 79
870 3350 927 3398 seq
943 3340 970 3384 et
984 3334 1102 3395 Boeclrh.
1114 3333 1290 3384 Stautshuus-

749 3404 817 3453 halt.
832 3404 855 3456 1.
871 3419 934 3467 pag.
948 3404 1020 3454 63³.
1035 3420 1097 3469 pag.
1112 3403 1146 3454 83
1167 3404 1210 3452 ed.
1232 3419 1287 3453 sec.

748 3476 846 3538 ltaque
861 3472 1101 3537 proiectolongnm
1115 3474 1205 3533 obest,
1216 3473 1288 3537 quod

748 3543 869 3592 Orientis
884 3558 983 3592 morem
997 3542 1031 3592 ud
1046 3543 1187 3593 Graeciam
1201 3558 1287 3606 usque

747 3617 926 3676 propagatum
951 3613 980 3661 in
1004 3612 1054 3661 hoc
1081 3613 1209 3662 instituto
1236 3611 1288 3661 sihi

748 3697 897 3743 agnoscere
919 3696 999 3745 posse
1021 3680 1129 3732 videtur
1151 3684 1287 3731 Laurent:

747 3751 869 3800 H1stoire
883 3751 918 3799 du
929 3751 1001 3799 droit
1010 3751 1057 3801 des
1067 3766 1132 3814 gens
1142 3751 1180 3800 ΙΙ.
1189 3766 1215 3812 p.
1229 3750 1288 3800 104.

780 3821 822 3870 De
840 3821 941 3870 Atticis
962 3835 1043 3883 opere
1061 3819 1140 3870 fictili
1159 3819 1287 3882 omnique

745 3904 871 3939 rusorum
895 3888 1018 3939 fictilium
1043 3904 1141 3953 genere
1163 3904 1211 3951 per
1233 3903 1289 3937 om-

746 3975 806 4009 nem
825 3958 968 4008 Gruecium
990 3964 1074 4022 etque
1091 3955 1201 4007 ltaliam
1223 3956 1287 4006 hinc

744 4029 873 4078 traducto
886 4026 1089 4087 excellentibus,
1103 4026 1143 4074 itu
1155 4029 1199 4080 nt.
1215 4031 1286 4076 teste

745 4095 917 4159 Quintiliano
931 4097 1023 4148 lnstit.
1043 4111 1082 4144 or.
1099 4095 1143 4155 ΙΙ,
1162 4094 1205 4154 17,
1225 4094 1286 4157 ipsu

745 4166 814 4216 hoec
827 4181 872 4215 ars
891 4180 906 4213 e
923 4163 981 4214 luto
1001 4179 1071 4213 rasa
1087 4162 1203 4213 ducendi
1217 4163 1287 4212 Atti·

744 4251 806 4285 cum
816 4238 971 4284 censeretur
982 4234 1130 4291 inventurn,
1142 4231 1220 4298 plura
1230 4249 1285 4283 mo-

744 4320 809 4354 nere
827 4320 874 4352 ιιιι
886 4306 994 4356 attinet
1025 4304 1067 4353 Τιι
1085 4303 1140 4352 vid.
1159 4302 1283 4354 modoC.

745 4374 778 4424 Ο
785 4372 908 4425 Mueller
920 4372 1029 4423 Hsndb.
1039 4373 1065 4424 1
1074 4372 1282 4451 Archaeolog.§.

744 4444 837 4496 62.—
855 4444 886 4493 In
898 4458 974 4510 seqq
993 4459 1042 4509 pro
1054 4443 1128 4509 vulg
1141 4457 1220 4505 παρα
1233 4454 1284 4504 σφι
