3100 5175
493 424 764 507 corruitura.
790 444 859 505 vn.
880 452 924 508 ae.

1211 441 1273 503 505

143 617 329 699 συνθέντες
352 619 389 688 dl
404 615 552 708 ἀγκύρας
570 625 718 708 κατῆκαν
734 615 952 707 περιμήκεας,
972 614 1030 698 τὰς
1044 611 1201 727 μένὶπρὸς
1215 619 1275 685 τοῦ

141 820 367 885 terpretationem
375 820 416 885 (in
426 836 479 885 qua
489 820 517 870 id
527 821 633 886 quidem
644 837 687 872 re·

141 896 186 942 cte
197 893 261 955 poni
273 896 346 955 puto,
356 892 427 956 quod
439 906 530 941 omnes
545 893 685 957 utriusque

142 962 235 1026 pontis
247 974 331 1010 naves
343 975 438 1025 proras
449 960 575 1011 fluctibus
590 961 683 1012 obver-

143 1045 190 1081 sas
203 1028 363 1088 habuerint,
379 1030 507 1094 quoniam
521 1031 548 1080 id
563 1032 624 1096 ipsu
641 1046 684 1080 res

142 1099 282 1164 postulare
307 1099 427 1165 videtur)
450 1102 601 1165 assumpsit
621 1115 687 1166 qno·

144 1184 196 1233 qne
211 1169 293 1220 Grote
306 1168 323 1220 l.
342 1184 425 1233 supra
436 1169 470 1233 l.,
492 1171 538 1235 qui
551 1170 618 1220 inde
627 1185 686 1219 ver-

144 1240 194 1288 ba:
227 1234 279 1286 ’ταῦ
301 1231 353 1300 μὲν
372 1232 486 1288 Πόντου
510 1231 685 1303 ἐπικαρσίας,

143 1305 197 1356 τοῦ
212 1301 243 1356 dl
255 1298 463 1371 Ἑλλησπόντου
475 1302 546 1357 κατὰ
554 1301 625 1372 <iiior
637 1325 685 1374 per

145 1376 322 1443 parenthesin
333 1378 422 1442 posita
431 1381 554 1444 accepit:
573 1380 616 1429 cui
626 1379 685 1429 viro

144 1448 227 1498 docto
236 1446 499 1512 equidemassenttri
510 1464 625 1514 nequeo,
638 1449 686 1513 qui

145 1517 217 1566 hanc
230 1516 483 1581 interpretationem
499 1519 533 1568 ab
551 1520 620 1584 ipsis
633 1519 687 1567 He·

144 1586 236 1636 rodoti
246 1586 351 1647 verbis,
366 1586 457 1653 qualia
466 1603 538 1637 nnnc
549 1588 686 1653 leguntur,

144 1657 262 1707 alienam
274 1670 333 1705 esse
346 1656 473 1706 arbitror.
501 1658 594 1723 Neque
606 1657 687 1707 aliter

146 1725 283 1791 placuisse
312 1720 405 1775 video'
423 1726 482 1776 viro
509 1726 688 1791 praenobilis·

146 1797 216 1845 simo
230 1810 264 1844 ac
282 1795 454 1853 doctissimo,
475 1797 575 1847 Libero
588 1798 689 1847 Baroni

145 1865 180 1915 de
188 1865 371 1928 Reizenatein,
379 1868 426 1930 qui
434 1865 467 1915 de
478 1866 639 1931 quibusdam
650 1867 688 1917 lo·

146 1936 188 1985 cis
199 1935 363 1985 sententiam
376 1950 453 1985 suam
465 1937 605 1987 nobiscum
616 1952 687 1986 eom-

144 2005 283 2054 municare
295 2004 391 2054 voluit.
417 2005 461 2055 lta
474 2007 545 2056 enim
561 2005 629 2056 haec
642 2021 697 2075 err-⁰

147 2074 245 2139 plicari
263 2089 344 2138 posse
362 2079 457 2139 putat,
478 2081 508 2126 nt
527 2076 601 2141 prior
619 2091 687 2141 pons

147 2144 284 2209 obliquam
300 2143 426 2195 habuerit
438 2145 631 2208 directionem,
647 2147 688 2194 in·

145 2213 232 2279 deque
247 2214 329 2263 etiam
349 2227 435 2264 naves
452 2213 541 2279 plures
561 2230 621 2265 esse
642 2216 689 2265 de·

145 2283 272 2343 bueriut,
290 2298 350 2332 cum
370 2282 483 2334 alterius
498 2286 589 2348 pontis
602 2300 688 2336 nares

147 2356 223 2403 recta
236 2352 387 2402 collocatae
403 2350 494 2404 duent
511 2356 627 2405 adverso
641 2356 689 2404 fln-

139 2423 227 2473 ·mine.
245 2422 398 2473 Gronovius
410 2424 542 2474 Herodoti
552 2425 635 2474 verba
647 2424 687 2475 sic

145 2494 247 2542 Latine
256 2490 426 2542 reddiderat:
441 2497 639 2560 „perinqunpintn
648 2510 689 2544 re-

146 2577 240 2613 morum
262 2574 340 2613 nutes
364 2565 527 2630 triremesque
551 2569 689 2617 trecentas

145 2633 690 2698 senapintoEam'uumomsual'ontumeem-

143 2718 270 2765 posuere:
288 2704 343 2752 item
355 2702 387 2751 ab
399 2705 482 2754 ulter-o
496 2707 577 2756 lutere
589 2713 689 2755 trecen-

146 2781 187 2824 tus
197 2774 400 2838 quattuordecim,
407 2775 490 2824 Ponto
499 2775 595 2838 quidem
606 2782 690 2825 truna-

147 2857 251 2901 oerans,
274 2842 438 2906 Hellesponto
457 2851 538 2893 nutem
558 2844 690 2894 semmdnnr

144 2914 241 2977 sirenum
252 2949 258 2973 ,
270 2920 298 2961 at
309 2914 373 2962 luna
384 2920 450 2963 creet
458 2915 566 2977 fluitatio
576 2915 691 2964 intentio·

147 2984 187 3031 nis
198 2982 434 3032 orrnumenterum.“
465 2983 505 3032 Ad
522 2984 601 3034 cuius
616 2997 690 3031 men·

147 3058 201 3103 tem
213 3050 363 3101 Larcberua
375 3053 415 3101 ita
427 3052 622 3116 interpretatus
634 3057 691 3103 est:

150 3120 226 3185 „Les
245 3123 369 3183 pre‘niers
393 3120 564 3186 (vaisseaus)
584 3125 689 3185 presen-

145 3194 225 3242 tnient
243 3194 266 3240 le
283 3193 352 3253 fletae
369 3207 402 3239 αα
417 3189 482 3241 Pont
496 3193 596 3249 Euroia:
614 3200 639 3241 et
653 3193 690 3240 les

146 3269 236 3311 austres
246 3261 280 3309 du
293 3258 346 3310 τότέ
358 3261 584 3324 demetientem,
598 3264 689 3322 repon·

147 3331 234 3383 delent
248 3346 281 3379 aa
292 3338 398 3379 cournnt
410 3332 441 3380 de
452 3333 532 3392 teon,
548 3333 597 3392 ofin
610 3333 643 3381 de
653 3338 690 3380 le-

148 3402 190 3449 nir·
204 3403 243 3450 lca
256 3401 381 3464 cordnpea
394 3415 484 3450 encore
495 3402 553 3462 plue
568 3399 688 3452 tendaa.“

151 3470 244 3520 Minus
262 3470 329 3519 bene
348 3470 432 3530 Miot,
451 3468 521 3519 alter
537 3470 631 3520 (lellus
650 3470 691 3519 in·

148 3545 261 3604 terpres,
272 3538 406 3589 Herodoti
415 3539 498 3590 rerba
508 3541 548 3590 sic
557 3539 691 3589 reddidit:

150 3612 206 3672 „les
217 3609 336 3659 bdtimena
349 3610 443 3658 tinient
454 3612 548 3674 rnnpee
562 3611 628 3658 dmm
645 3625 692 3659 nne

149 3678 336 3744 lipnsobliqne
355 3678 371 3726 ri
390 3680 415 3729 ln
436 3695 502 3737 mer,
531 3680 565 3728 du
583 3677 636 3728 erite
658 3679 691 3727 du

150 3749 329 3811 Puni-Euxin,
340 3751 401 3797 mnis
414 3749 478 3798 dana
487 3750 513 3797 le
525 3749 646 3799 dirention
659 3748 692 3795 αα

147 3819 692 3881 couruntdeaennxdel'Ellerpont“,eum·

149 3904 202 3954 que
215 3888 297 3937 etiam
312 3888 340 3936 in
355 3903 461 3937 sensum
474 3887 541 3937 haec
552 3887 637 3937 verba
647 3901 691 3935 ex·

149 3959 240 4023 ponit,
259 3961 291 4010 ut
303 3972 380 4006 omne
430 3973 493 4007 sves
508 3956 626 4007 secundo
642 3957 691 4005 tlu-

150 4030 222 4077 mine
234 4025 387 4076 inerintcol
400 4031 510 4085 ocatae3
525 4026 596 4076 unde
610 4040 693 4090 appa·

150 4095 296 4158 teneruit,
318 4111 391 4162 „que
408 4096 466 4147 leur
482 4096 602 4159 position
617 4094 692 4158 (nam

150 4166 242 4216 malim
262 4168 323 4230 ipsu
346 4166 404 4217 eius
425 4166 520 4215 afferre
545 4163 640 4225 verba)
665 4166 693 4212 et

150 4252 200 4303 par
211 4234 382 4300 consdqneut
396 4235 423 4284 la
434 4235 520 4299 ligne,
543 4249 594 4299 qne
606 4233 694 4282 decri·

149 4308 211 4356 rait
223 4306 249 4357 le
263 4310 345 4370 pont,
364 4305 468 4355 etaient
484 4303 607 4367 obliques
620 4301 692 4351 l’une

150 4383 179 4428 et
190 4376 291 4425 l’antre
311 4377 327 4425 lt
346 4376 373 4425 la
386 4374 519 4424 direction
532 4372 568 4422 du
582 4369 691 4422 canal.“

150 4446 205 4497 Ubi
219 4446 335 4512 quaeda
351 4445 460 4495 diversa
473 4444 614 4507 utriusque
626 4443 692 4506 pdn-

148 4518 188 4567 tis
213 4515 363 4566 directione
386 4512 543 4564 Herodotus
573 4514 692 4575 enarrat,

735 819 804 870 bene
823 819 1017 882 discernenda,
1037 835 1070 870 ea
1090 819 1135 870 ille
1150 818 1276 870 confudit

734 890 808 940 etad
822 895 964 953 utrumque
977 894 1101 955 pontem,
1114 888 1188 939 nullo
1197 888 1276 939 adbi-

735 960 793 1009 bito
808 959 980 1022 discrimine,
993 960 1095 1012 retulit.
1120 959 1199 1020 Quod
1210 973 1275 1008 vero

735 1030 944 1095 quaesiverunt,
962 1030 1008 1094 qui
1021 1031 1123 1080 lactum
1139 1029 1187 1092 sit,
1205 1033 1236 1078 ut
1247 1029 1275 1077 in

735 1100 819 1164 priori
834 1104 916 1164 ponte
930 1099 1020 1164 plnres
1034 1103 1276 1150 commemorentur

735 1184 834 1231 naves,
856 1169 883 1219 in
897 1185 950 1235 quo
963 1169 997 1218 ob
1013 1170 1102 1235 ipsum
1115 1170 1225 1218 navium
1240 1169 1277 1217 si·

736 1244 792 1287 tum
809 1248 993 1289 transversum
1011 1238 1168 1304 (utscilieet
1181 1240 1276 1303 opina·

735 1308 848 1373 bantur)
869 1309 1013 1373 pauciores
1033 1309 1118 1360 luisse
1135 1306 1276 1373 probabile

737 1377 789 1440 sit,
803 1392 884 1442 qnam
898 1380 925 1427 in
940 1380 1102 1442 posteriori:
1126 1379 1180 1427 iam
1193 1392 1277 1442 snpra

736 1448 887 1497 monuimus
895 1449 929 1498 ob
938 1447 1113 1499 directionem
1124 1449 1214 1514 pontis
1224 1462 1282 1501 non,

736 1518 812 1567 recta
828 1516 900 1567 linet
918 1517 964 1568 sed
980 1519 1089 1584 oblique
1107 1517 1182 1567 ducti
1194 1517 1278 1582 pluri·

737 1586 788 1637 bus
807 1603 876 1652 opus
897 1587 982 1637 fuisse
1008 1589 1125 1638 navibus
1149 1603 1226 1652 quam
1248 1588 1277 1635 in

737 1659 887 1720 posteriore
900 1664 997 1721 ponte,
1013 1658 1058 1721 qni
1068 1658 1144 1708 recte
1157 1657 1228 1706 linea
1242 1656 1276 1705 ab

737 1741 793 1776 una
805 1742 852 1776 ore
861 1726 895 1776 ad
906 1725 1020 1775 alteram
1031 1732 1133 1778 stratus
1144 1731 1218 1787 erat;
1232 1741 1277 1775 ne·

738 1810 790 1861 que
808 1795 876 1845 haec
895 1796 935 1845 ita
953 1795 1086 1859 explicari
1103 1811 1182 1860 posse
1197 1801 1276 1860 puta·

738 1880 797 1915 mua
815 1865 863 1927 (cf.
882 1866 969 1916 Kruse
989 1865 1007 1915 l.
1027 1865 1044 1916 l.
1062 1880 1124 1931 pag.
1146 1866 1179 1917 93
1201 1881 1276 1930 seqq.

737 1937 834 1985 Kratz.
847 1935 865 1984 l.
876 1934 915 1998 1.),
933 1941 963 1984 ut
977 1938 1153 2000 posteriorem
1168 1941 1277 2000 pontem

736 2005 956 2069 pentecontoris,
977 2005 1049 2070 qnod
1067 2008 1176 2055 navium
1192 2019 1278 2070 genus

736 2074 791 2125 suit
808 2075 916 2137 longius
936 2079 1019 2140 atque
1037 2075 1135 2135 latius,
1161 2077 1278 2140 priorem

736 2145 826 2194 Ponto
842 2145 984 2195 obversum
1003 2144 1170 2207 triremibus,
1190 2145 1278 2193 minus

737 2214 826 2280 longis
840 2212 957 2279 latisque
973 2215 1104 2277 navibus,
1122 2214 1279 2264 constitisse

738 2300 880 2349 ponamus.
912 2285 942 2334 ld
957 2285 1028 2335 enim
1044 2299 1072 2335 re
1089 2299 1155 2335 vera
1167 2285 1190 2334 si
1207 2284 1279 2334 obti-

739 2356 857 2414 nnisset,
875 2353 987 2404 verbulo
1001 2360 1073 2404 certo
1083 2355 1183 2404 Noster
1194 2354 1221 2404 id
1238 2354 1279 2402 in-

739 2424 860 2474 dicasset
876 2439 936 2473 rnea
951 2424 1058 2489 quidem
1077 2439 1108 2475 er
1126 2424 1277 2474 sententia:

738 2510 837 2559 quare,
850 2498 881 2543 ut
897 2508 980 2558 supra
993 2495 1046 2543 iam
1064 2492 1198 2555 indicavi,
1212 2494 1279 2542 mix·

739 2564 825 2614 tasin
843 2568 959 2629 utroque
980 2568 1063 2629 ponte
1084 2563 1170 2615 fuisse
1185 2577 1278 2624 naves,

739 2634 821 2698 idque
835 2634 903 2697 ipsis
916 2635 1049 2684 Herodoti
1069 2632 1159 2685 verbis
1180 2631 1280 2697 signifi·

738 2705 797 2754 cari
812 2702 900 2753 credo.

780 2770 830 2820 ἵνα
850 2763 1018 2833 ἀνακωχεύῃ
1043 2763 1094 2818 τὸν
1117 2760 1204 2818 τόνον
1223 2766 1280 2818 τῶν

740 2830 849 2905 ὅπλων]
864 2839 950 2890 scilic.
961 2832 975 2889 ὁ
988 2833 1063 2903 ῥόας.
1088 2838 1240 2903 Schweigh.
1252 2841 1279 2887 iu

740 2913 805 2962 Lex.
823 2911 889 2960 ller.
911 2910 932 2958 1.
952 2926 978 2974 p.
991 2908 1026 2960 40
1041 2911 1165 2974 exponit:
1187 2917 1234 2970 „ut
1244 2912 1281 2959 t'n·

740 2981 871 3031 tentionem
880 2981 1001 3029 retineret
1011 2993 1033 3030 s.
1043 2981 1180 3028 sustineret
1189 2980 1281 3028 ruvien-

739 3055 811 3109 tium,
833 3050 930 3107 idest,
949 3048 1106 3113 impediret,
1123 3062 1175 3113 quo
1191 3049 1281 3097 minus

739 3120 879 3170 laxaretur
887 3118 1040 3168 rudentium
1051 3116 1197 3168 intentio.“
1211 3118 1281 3167 Nos:

741 3191 818 3240 (lamii
844 3189 891 3238 der
908 3187 991 3238 Strom
1017 3189 1058 3239 die
1073 3187 1211 3251 Spnnnnnp
1234 3188 1282 3236 der

741 3259 807 3310 Seite
820 3258 969 3321 besdrdere,
983 3257 1049 3318 sive,
1065 3262 1095 3307 ut
1107 3256 1196 3306 reddit
1209 3257 1281 3306 Kree

740 3329 758 3379 l.
775 3328 794 3379 l.
810 3345 871 3393 pag.
883 3330 915 3378 4:
941 3328 1018 3378 duruit
1036 3327 1076 3377 die
1092 3326 1226 3391 Strrimunp
1241 3327 1282 3376 dia

745 3400 813 3449 Tnue
834 3401 859 3447 in
873 3400 920 3447 der
934 3397 1070 3461 Spnnnunp
1087 3397 1198 3447 erlielte.
1226 3395 1282 3444 nli·

741 3475 783 3518 ter
796 3470 878 3518 bliot:
904 3469 978 3527 „alin
996 3481 1050 3532 que
1063 3466 1103 3516 les
1118 3466 1210 3517 cables
1226 3466 1283 3515 fus-

742 3542 804 3589 sent
823 3537 947 3601 toujours
972 3538 1124 3587 maiutenus
1145 3536 1213 3586 dans
1230 3550 1283 3585 uns

743 3607 819 3673 egale
837 3607 990 3659 tension.“‘
1013 3608 1072 3669 Quo
1086 3607 1188 3656 rectius
1202 3606 1284 3656 inter·

742 3682 866 3743 pretatus
877 3682 937 3727 erat
947 3676 1159 3738 wesselingius:
1173 3682 1221 3737 „at
1229 3684 1284 3724 etn-

742 3750 828 3798 br'tiret
844 3748 1020 3797 contentionem
1037 3759 1068 3794 ne
1083 3747 1225 3807 firmitatem
1240 3761 1283 3793 ra·

742 3817 872 3868 dentmn“
892 3816 1004 3865 Fluctus
1016 3815 1097 3876 enim,
1112 3814 1162 3874 ait,
1177 3814 1284 3877 propel-

743 3887 818 3937 lebat
840 3901 923 3935 naves
948 3886 1032 3945 istas,
1058 3898 1128 3947 quae
1151 3882 1284 3948 impulsae

743 3957 850 4005 lunium
862 3953 1061 4004 contentionem
1076 3953 1225 4012 augebant.
1250 3945 1285 4000 soi

744 4013 819 4073 ὅπλα
835 4039 894 4073 cunr
909 4021 1052 4074 Dietschio
1068 4020 1097 4086 (l.
1112 4022 1130 4072 l.
1145 4037 1206 4086 pag.
1221 4021 1284 4084 uolt)

744 4093 862 4158 aliisque
872 4092 994 4157 intelligo
1006 4091 1039 4141 de
1048 4091 1285 4156 rudentibus,qui·

743 4164 795 4213 bus
807 4178 926 4213 ancorae
940 4162 1049 4211 navium
1061 4166 1202 4221 tenentur,
1221 4176 1285 4211 nos:

743 4232 904 4286 Ankertnue:
923 4245 1009 4296 neque
1025 4231 1096 4280 enim
1109 4229 1284 4295 cogitandum

744 4301 778 4352 de
794 4301 954 4352 rudentibus
972 4314 1056 4365 super
1071 4307 1167 4364 pontes
1183 4306 1285 4350 eterra

744 4372 879 4434 extensis,
901 4385 1012 4435 quorum
1036 4370 1150 4420 inferius
1167 4369 1198 4419 fit
1212 4386 1285 4420 mon-

743 4445 792 4504 tio,
804 4440 1027 4506 quemadmodum
1037 4443 1100 4505 post
1109 4439 1178 4490 alios
1188 4441 1286 4489 statuit

744 4511 829 4563 Grote
846 4509 864 4563 l.
877 4511 895 4565 l.
910 4525 973 4576 pag.
989 4510 1037 4574 26,
1056 4510 1102 4577 qul
1120 4510 1155 4560 ad
1173 4510 1285 4562 verbum
