3100 5175
449 444 987 510 POLYMNIA.V11.nra.nro.
1041 438 1043 443 ⁴
1224 445 1285 506 773
1330 472 1332 475 ·

148 624 229 704 βον,
248 615 477 708 ἐπιστάμενοι,
499 615 544 700 άς
563 621 618 690 ἐπὶ
639 623 743 707 σφέας
758 614 968 709 ὁρμήθησαν
981 615 1105 709 άρχὴυ,
1127 619 1183 687 καλ
1197 644 1282 705 παρ-

148 722 354 792 εσκευάδατο
380 719 424 801 άς
443 721 674 813 άπολεόμευοι.
711 714 805 793 οὗτοι
827 724 890 812 μὲν
911 723 953 813 δή
973 729 1078 792 ταῦτα
1101 722 1282 811 ἐφρόνεον·

145 830 184 894 ot'
194 827 231 896 δὲ
245 823 333 914 άμφλ
348 824 526 916 Ἐπιάλτην
540 831 596 899 καί
612 824 772 913 ’λ’δάρνεα
782 831 911 915 Πέρσαι
921 833 1069 898 Φωκέων
1082 828 1143 916 μὲν
1156 823 1281 896 ούδένα

146 930 249 1017 λόγον
264 934 455 1017 ἐποιεῦντο,
472 936 507 1001 ot
518 934 555 1002 δὲ
569 936 769 1020 κατέβαινον
782 931 820 1002 τό
833 924 933 1018 οὖρος
948 931 1032 1001 κατά
1046 932 1152 1019 τάχος.

234 1042 327 1104 Τοῖσι
347 1035 384 1105 δὲ
406 1039 443 1104 ἐν
458 1037 696 1125 Θερμοπύλῃσι
717 1040 809 1106 ἐοῦσι
831 1033 999 1125 Ἑλλήνων
1018 1041 1153 1121 πρῶτον
1179 1035 1241 1123 μὲν
1262 1030 1349 1104 ὁ219

144 1138 263 1226 μάντις
278 1147 479 1228 Μεγιστίης,
494 1139 617 1210 ἐσιδών
631 1144 664 1221 ἐς
677 1139 716 1209 τά
731 1138 803 1226 ίρά,
819 1146 945 1228 ἔφρασε
958 1138 1017 1209 τόν
1030 1146 1193 1228 μέλλοντα
1208 1145 1279 1207 ἔσε-

145 1253 228 1310 σθαι
242 1239 310 1331 ἅμα
323 1239 378 1333 ήοῑ
391 1264 451 1331 σφι
466 1245 633 1314 θάνατον·
661 1246 715 1314 ἐπὶ
730 1245 767 1314 tt
782 1246 837 1312 καὶ
848 1242 1027 1333 αὐτόμολοι
1041 1235 1127 1332 ήσαν
1140 1247 1175 1312 ot
1185 1247 1279 1328 ἐξαγ·

144 1355 318 1433 γείλαντες
337 1351 407 1415 τῶν
428 1351 589 1437 Περσίαν
607 1348 669 1438 τήν
691 1355 868 1434 περίοδον·
901 1339 993 1418 οὗτοι
1013 1348 1076 1437 μὲν
1093 1355 1141 1416 ἔτι
1160 1345 1281 1425 νυκτός

144 1448 332 1539 ἐσήμηναν,
354 1459 459 1537 τρίτοι
481 1452 518 1521 δὲ
538 1458 573 1521 ot
582 1449 823 1541 ἡμεροσκόποι,
850 1452 1119 1540 καταδραμόντες
1133 1447 1198 1519 άπὸ
1212 1456 1280 1519 τῶν

143 1551 275 1639 tepeo,
299 1553 365 1643 ήδη
385 1557 629 1645 διαφαινούσης
649 1553 790 1646 ἡμέρης·
828 1560 976 1626 ἐνθαῦτα
1005 1555 1227 1644 ἐβουλεύοντο
1247 1559 1283 1624 οί

142 1743 195 1794 qne
223 1726 352 1793 legimns:
382 1722 512 1777 καθόλου
537 1723 632 1779 πάντα
654 1722 689 1779 τά
738 1729 827 1789 ferus,
845 1728 1279 1795 qnemeeqniturSchweighaen-

142 1797 268 1861 μετέωρα
288 1794 335 1847 καὶ
351 1793 392 1855 είς
411 1787 488 1861 ύψος
500 1791 687 1851 ἀνατείνοντα
737 1814 832 1863 seras,
849 1800 881 1850 de
893 1815 943 1850 nuo
957 1799 1069 1850 dederat
1084 1792 1206 1848 ἔπειτεντ
1223 1814 1277 1864 qno

142 1864 306 1932 κορύμβους
330 1863 449 1932 λέγουσι.
492 1870 589 1936 ltaque
613 1878 686 1923 recte
739 1876 828 1919 tamen
847 1870 1000 1933 elegantias
1017 1870 1125 1920 videtur
1142 1870 1277 1920 Bredovio

142 1938 231 1989 tradit
241 1937 357 1990 Schoen.
370 1940 399 1987 in
412 1938 562 1991 Commeat.
579 1942 612 1991 do
625 1957 687 2006 per·
736 1955 800 2005 pag.
811 1938 860 1991 109
870 1940 906 1999 id,
918 1939 989 2005 quod
1001 1939 1206 1989 aVaickenario
1216 1955 1277 2004 pro·

141 2024 219 2059 sonn.
239 2009 266 2057 in
279 2008 404 2072 Euripid.
417 2010 517 2059 Bacch.
533 2025 558 2074 p.
575 2012 619 2062 101
638 2003 686 2059 κό-
736 2008 1275 2074 positum,aGaisfordio‚Bekkero‚Din-

142 2075 253 2143 ρυμβον
267 2079 322 2128 dici
337 2080 369 2127 de
387 2093 431 2140 eo,
451 2080 581 2144 quidquid
595 2084 622 2129 in
635 2095 684 2130 sna
734 2080 818 2129 dontio
830 2084 858 2129 et
868 2080 1012 2130 Dietschio
1021 2086 1156 2144 receptum
1168 2084 1218 2142 est,
1230 2069 1276 2127 ea

140 2164 170 2198 re
184 2150 337 2214 promineat
350 2147 487 2199 celenmve
499 2150 543 2199 sit.
571 2151 614 2200 Tu
627 2151 684 2203 vid.

141 2232 251 2285 qnoque
271 2218 397 2268 Perizon.
418 2219 453 2268 ad
473 2218 578 2270 Aetion.
601 2222 630 2269 V.
647 2222 682 2272 H.

142 2289 190 2349 IV,
204 2289 246 2348 22,
262 2303 340 2353 quem
352 2288 450 2338 dudum
463 2289 581 2340 conferri
591 2291 684 2341 volue-

140 2363 185 2408 rat
198 2357 363 2407 Valckenar.

176 2420 368 2492 ἐπιστάμενοι]
385 2428 464 2484 Valla
478 2429 580 2480 reddit:
591 2432 682 2496 gnari·

137 2498 683 2566 Weeselinginetcredenter;malimeqni·

140 2568 199 2620 dem
213 2576 345 2632 patenter,
365 2571 535 2621 existimantes
551 2571 585 2621 ob
599 2571 684 2622 verba

139 2654 233 2704 seqq,
257 2654 326 2704 qnae
346 2638 500 2704 declarent,
528 2641 683 2693 Phocenses

140 2725 173 2759 ea
196 2712 224 2757 in
246 2710 374 2773 opinione
395 2709 494 2772 faisse,
522 2717 552 2760 nt
573 2714 681 2775 Persas,

139 2782 186 2845 qai
198 2779 396 2844 Thermopylas
406 2782 554 2831 circumire
568 2782 680 2845 vellent,

138 2855 237 2900 contra
256 2864 285 2897 ee
300 2849 376 2913 ipsos
395 2864 455 2900 eene
469 2851 607 2915 proiectos
623 2867 681 2901 cre·

138 2921 248 2978 dorent,
268 2918 386 2983 indeque
405 2926 518 2984 paratos
538 2920 625 2970 fuisso
646 2921 680 2971 ad

138 2996 251 3040 mortem
262 2988 423 3038 obeundam.
443 2981 536 3053 άρχὴυ
546 2991 621 3040 vaiet
632 3006 683 3039 om-

137 3063 210 3121 nino,
220 3074 344 3123 prorem,
360 3064 391 3108 ut
400 3059 461 3118 v11,
471 3061 532 3118 220,
546 3075 581 3110 ne
593 3060 680 3125 plara.

137 3132 180 3180 De
200 3130 283 3180 verbo
301 3122 488 3193 ἀπολεόμενοι
515 3130 587 3184 cont.
608 3136 677 3182 nott.

138 3199 323 3260 romanoe.

174 3263 204 3318 οἱ
219 3263 257 3318 δέ
275 3262 444 3333 κατέβαινον
463 3258 496 3315 τό
518 3255 616 3334 οὖρος]
637 3270 679 3319 De

137 3338 273 3405 particula
283 3331 314 3386 ot
324 3337 392 3401 (secl)
404 3337 458 3386 vit.
469 3339 567 3389 Matth.
576 3339 621 3390 Gr.
632 3341 678 3391 Gr.

138 3413 163 3472 §-
176 3411 241 3470 289,
258 3410 304 3474 qni
317 3408 387 3457 idem
400 3424 422 3458 a.
437 3408 496 3459 378.
513 3415 570 3460 not.
584 3411 599 3460 3
612 3415 640 3459 et
654 3414 678 3472 ξ.

137 3479 205 3543 499,
219 3481 235 3529 4
248 3479 281 3528 de
300 3483 440 3529 structura
457 3480 533 3530 verbi
546 3476 680 3546 καταβαί-

44 3586 48 3594 .
138 3564 198 3598 νειν
212 3547 318 3600 consuli
329 3550 442 3613 poterit.

308 3721 373 3771 Cae.
394 3721 511 3772 CCXIX.

171 3821 219 3876 ἐπὶ
234 3821 265 3874 δὲ
276 3821 324 3874 καὶ
336 3817 490 3888 αὐτόμολοι
504 3814 601 3890 ἤϊσαν]
616 3826 678 3876 Om-

136 3913 184 3948 nes
194 3898 258 3947 libri
268 3898 364 3961 scripti
375 3888 437 3944 ἐπεὶ
447 3894 587 3960 praebent.
614 3896 678 3945 Vai-

137 3968 291 4028 ckenarins‚
307 3981 384 4030 qnem
400 3967 488 4015 sacnti
498 3971 562 4014 sant
575 3969 678 4029 posteri

136 4038 215 4097 cdd.‚
236 4037 356 4087 correxit
374 4025 420 4085 ἐπὶ
436 4031 480 4096 δέ,
505 4035 596 4086 deinde
607 4052 676 4100 nero,

135 4124 196 4159 cnm
211 4106 358 4157 antecedat
370 4100 565 4225 πρῶτονμὲν,
580 4107 678 4158 adrer-

134 4179 175 4228 bii
189 4179 250 4228 loco
267 4175 418 4226 adhibitum
430 4192 479 4241 pro
508 4172 540 4225 πὶ
554 4171 677 4226 τούτοις.

136 4248 216 4298 Cani.
233 4248 286 4310 lv,
300 4247 335 4296 59
354 4246 446 4310 ibique
466 4253 536 4298 nott.
549 4247 618 4309 Vll,
632 4247 676 4296 92.

135 4320 184 4381 IX,
200 4318 234 4368 35
247 4322 275 4366 et
288 4317 389 4366 Matth.
401 4316 447 4366 (ir.
461 4316 506 4368 Gr.
519 4320 543 4380 g.
557 4317 618 4378 594,
631 4317 678 4382 qni

135 4389 412 4452 interpretatardazn.
420 4389 572 4438 ameerdem.
583 4387 679 4436 Lamb.

135 4461 202 4511 Bos.
223 4458 266 4507 De
286 4458 372 4523 eilips.
391 4458 423 4508 L.
438 4457 484 4507 Gr.
501 4474 528 4523 p.
544 4457 593 4508 491
615 4457 677 4508 coll.

136 4530 188 4581 394
204 4534 231 4577 et
241 4528 374 4579 Observa.
389 4528 463 4578 critt.
474 4542 500 4593 p.
515 4527 554 4578 15.
570 4527 681 4578 ‚Sohae-

734 2143 780 2212 δέ,
796 2150 922 2215 qaodqne
934 2150 993 2213 ipse
1007 2165 1078 2199 nanc
1089 2149 1275 2213 recipiendum

734 2219 807 2270 dnxi.
839 2220 947 2269 Etenim
963 2219 1035 2281 olim,
1051 2219 1121 2283 qnod
1132 2218 1197 2267 iibri
1210 2220 1277 2269 ecri-

734 2290 774 2354 pti
788 2290 924 2349 ferebant,
942 2290 1112 2340 retinendum
1125 2303 1186 2339 esse
1197 2293 1276 2353 pata·

733 2375 826 2410 veram
841 2350 901 2407 ἐπεὶ
913 2354 959 2422 δὲ,
973 2358 1047 2425 qnod
1059 2374 1119 2408 cnm
1135 2358 1218 2408 verbo
1230 2349 1274 2420 ήῖ.

733 2443 787 2478 σαν
797 2430 921 2495 protasia
932 2431 1097 2489 constituat,
1108 2430 1153 2478 cui
1164 2434 1274 2491 respon'-

733 2500 797 2550 deat
822 2499 966 2564 apodoeis,
990 2499 1123 2563 incipiens
1146 2513 1163 2546 a
1182 2497 1273 2548 verbio

730 2560 861 2619 ἐνθαῦτα
876 2561 1074 2638 ἐβουλεύοντο,
1096 2567 1273 2618 distinctione

733 2642 846 2701 maiori,
870 2655 940 2705 quae
956 2640 1005 2688 hae
1024 2653 1106 2689 vocee
1124 2639 1273 2699 antecedit,

733 2710 833 2760 deleta.
872 2711 941 2759 'Pam
958 2710 1042 2759 verba
1063 2697 1144 2756 ούτοι
1160 2702 1212 2769 μὶν
1232 2701 1271 2756 ἐτι

732 2773 835 2836 νυκτός
857 2772 1002 2842 ἐσήμηναν
1025 2794 1073 2844 per
1094 2777 1272 2842 parenthesin

730 2851 809 2915 quani
822 2849 913 2913 posita
926 2848 1087 2914 accipienda
1104 2853 1182 2897 erant
1197 2853 1224 2896 et
1237 2845 1273 2897 ad

731 2919 814 2969 verba
826 2934 901 2982 seqq.
915 2917 1006 2980 τρίτοι
1024 2912 1056 2966 δὲ
1076 2910 1106 2965 οῖ
1117 2908 1272 2980 ἡμεροσκό-

731 3002 779 3037 ποι
791 3005 805 3039 ο
816 2990 983 3054 praegressis
999 2986 1204 3051 intelligendam
1220 2986 1273 3038 erit

729 3053 825 3122 ἤϊσαν,
840 3063 870 3108 nt
883 3056 941 3108 scil.
953 3055 1124 3119 Schaeferne,
1136 3055 1274 3121 Schweig-

730 3129 879 3179 haenserns
899 3131 927 3176 et
946 3127 1117 3178 Gaissordine
1140 3126 1273 3176 dederunt

729 3196 870 3248 Sancrofti
886 3196 945 3247 cod.
960 3213 991 3247 ex
1007 3198 1190 3258 anctoritate,
1210 3211 1271 3245 cnm

729 3257 817 3333 ἦσαν,
841 3267 875 3316 οδ
895 3266 966 3331 qnod
988 3266 1050 3316 oiim
1071 3266 1183 3331 vulgata
1204 3258 1273 3330 ἐσαιρ

730 3339 821 3402 ducit,
841 3337 1037 3386 restituendam
1056 3337 1108 3398 sit,
1126 3341 1200 3386 recte
1215 3352 1271 3386 mo·

730 3415 811 3459 neate
826 3406 939 3457 Bredov.
955 3422 1017 3472 pag.
1034 3408 1094 3458 498.
1127 3407 1203 3467 Quae
1217 3405 1270 3455 loci

731 3476 893 3543 expediendi
925 3478 1010 3540 ratio,
1042 3477 1108 3526 iicet
1134 3475 1272 3542 particula

730 3540 792 3597 ἐπεὶ
812 3539 843 3594 δὲ
869 3548 949 3596 initio
967 3547 1139 3612 periodorum
1158 3547 1198 3596 sic
1217 3546 1270 3595 fre-

729 3619 859 3684 quentina
872 3618 1024 3682 reperiatur
1038 3618 1146 3681 posita,
1165 3620 1195 3665 nt
1211 3615 1271 3681 plu·

729 3689 804 3738 ribus
825 3688 930 3737 demum
947 3688 1037 3737 verbis
1058 3687 1209 3737 interiectis
1228 3702 1270 3736 sc·

730 3763 831 3823 quator
844 3758 971 3821 apodesie
993 3755 1061 3820 (vid.
1076 3761 1145 3807 nott.
1157 3755 1191 3804 ad
1207 3756 1271 3805 Plu·

729 3828 816 3877 tarch.
830 3826 996 3890 Philopoem.
1016 3827 1054 3877 re.
1069 3842 1122 3891 pag
1145 3824 1206 3889 58),
1221 3826 1271 3875 dn·

728 3899 784 3948 rior
798 3903 890 3947 tamen
903 3897 955 3946 hoc
968 3896 1029 3947 ioco
1042 3897 1175 3960 nimieque
1187 3912 1270 3961 qnae-

728 3969 783 4019 site
793 3982 854 4017 cnm
867 3966 1014 4020 videretur.
1027 3966 1109 4016 malni
1121 3966 1198 4030 seqni
1207 3964 1271 4013 Vai-

727 4038 901 4099 ckenariam,
916 4052 966 4102 pro
975 4027 1034 4085 ἐπεὶ
1048 4031 1080 4085 δὲ
1091 4037 1270 4101 corrigentem

729 4100 742 4156 ἐ
747 4101 786 4156 πλ
800 4099 846 4166 δὲ,
861 4112 945 4172 atque
957 4108 1085 4157 maiorem
1097 4105 1160 4156 inde
1173 4106 1270 4156 distin-

729 4178 847 4228 ctionem
874 4177 953 4241 poeni
978 4182 1041 4226 ante
1066 4168 1207 4225 ἐνταῦδαι
1234 4174 1270 4225 ad

729 4247 814 4299 verba
843 4245 932 4306 τρίτοι
964 4241 995 4295 δὲ
1022 4240 1051 4295 ολ
1076 4238 1270 4309 ἡμεροσκόποι

730 4322 820 4367 mente
843 4317 1019 4381 repetendam
1044 4316 1098 4366 erit
1118 4316 1270 4380 eproxime

729 4378 1270 4452 praecedentibnsimffpqvev.-vocem

729 4453 866 4519 περίοδον
875 4457 938 4506 hinc
950 4457 1029 4507 affert
1039 4455 1138 4505 Snidas
1148 4469 1170 4506 s.
1178 4472 1204 4504 v.
1217 4456 1269 4505 ΙΙΙ.

730 4543 793 4593 pag.
807 4527 850 4580 99.
882 4529 923 4577 De
943 4525 1094 4592 transfugis
1113 4525 1187 4577 conf.
1205 4526 1270 4575 Dio-
