3100 5175
450 310 814 373 TERPSIOHORE.
840 315 877 372 V.
900 325 944 376 60.
965 326 1008 377 61.

1236 317 1294 376 103

142 475 214 548 Ἐπὶ
227 479 356 549 τούτου
374 480 418 569 δὴ
432 487 493 550 τοῦ
506 483 743 571 Λαοδάμαντος
758 491 817 554 τοι)
835 485 1017 567 Ἐτεοκλέος
1030 492 1293 577 μουναρχέοντος

147 587 378 666 ἐξανιστέαται
399 591 564 674 Καδμεῖοι
590 584 651 656 ὑπ’
669 586 846 678 Ἀργείων,
877 594 934 659 καὶ
956 596 1132 678 τρέπονται
1160 597 1193 672 ἐς
1214 591 1291 672 τοὺς

145 683 325 775 Ἕφχέλεας.
345 694 381 756 οἱ
392 689 429 757 δὲ
440 698 641 776 Γεφυραῖοι,
658 688 939 781 ὑπολειφθέντες,
954 694 1096 784 ὕστερον
1108 693 1174 764 ὑπὸ
1184 706 1289 764 Βοιω-

148 796 214 860 των
234 788 468 880 ἀναχωρέουσι
492 798 525 872 ἐς
548 792 705 883 Ἀθήνας·

739 805 799 866 καί
822 823 882 885 σφι
903 799 957 886 λρά
977 802 1045 867 ἐστι
1067 804 1104 867 ἐν
1131 797 1289 888 Ἀθήνῃσι

148 899 331 983 ἱδρυμένα,
351 900 421 963 τῶν
434 892 536 965 οὐδὲν
549 900 632 985 μέτα
645 916 729 968 τοῖσι
751 909 895 970 λοιποῖσι
913 899 1135 989 Ἀθηναίοισι,
1155 900 1238 970 ἄλλα
1253 931 1287 971 τε

146 1002 377 1087 κεχωρισμένα
404 1003 474 1068 των
500 997 611 1070 ἄλλων
632 1007 715 1092 ipsiu
736 1006 792 1072 καὶ
814 1003 855 1093 δὴ
875 1007 931 1074 καὶ
954 1002 1095 1093 Ἀχαιΐης
1113 1005 1287 1095 Δήμητρος

146 1100 219 1190 ίρόυ
232 1129 269 1170 τε
287 1104 344 1170 καὶ
358 1100 465 1191 ὄργια.

143 1292 230 1357 οὗτὸς
243 1317 335 1367 aeque
348 1317 382 1352 sc
400 1318 517 1368 sequens
533 1298 690 1367 μουναρχέ-

142 1388 182 1420 ων
206 1370 276 1436 (qna
293 1388 363 1422 voce
384 1376 468 1423 totam
488 1374 690 1438 inscriptionem

142 1446 300 1506 suspectam
330 1441 390 1492 fieri
423 1442 558 1494 immerito
591 1444 690 1494 statuit

141 1510 259 1563 Schoell.
278 1511 322 1559 in:
342 1512 416 1564 Hist.
436 1511 521 1562 literr.
537 1514 647 1566 Graeco.
666 1514 688 1562 l.

140 1580 254 1647 pegadii
272 1582 408 1630 versionis
426 1584 612 1647 germanicam
633 1583 688 1634 vid.

141 1656 210 1701 nott.
227 1651 264 1699 nd
280 1653 312 1710 V,
328 1651 390 1714 tin:
409 1657 524 1716 atraque
536 1654 607 1702 enim
621 1669 688 1703 voce

141 1721 168 1770 id
187 1727 296 1784 tempus
321 1720 472 1784 significari
488 1721 611 1785 credam,
634 1738 686 1786 quo

140 1792 296 1840 Laudamus
312 1791 372 1854 ipse
391 1805 425 1839 ac
439 1789 512 1841 solus
525 1792 632 1856 quidem
644 1804 686 1841 re-

140 1861 257 1925 gnabat,
284 1859 412 1909 Creontis
431 1860 534 1910 tutelae
554 1877 608 1910 non
630 1878 686 1912 am-

139 1930 211 1994 plius
234 1928 400 1978 submissus.
436 1931 505 1980 Nam
529 1930 683 1980 Lnodarnas

139 2001 190 2049 fuit
215 1997 342 2049 Eteoelis
369 1997 462 2058 tilius,
489 2001 628 2050 interfecti
655 2001 683 2049 in

137 2070 289 2119 certamine
307 2067 442 2131 singulari
460 2084 521 2119 cam
534 2070 618 2119 fratre
631 2071 683 2119 Po-

136 2139 227 2202 lynice
250 2152 325 2188 anno
349 2137 433 2201 1317,
459 2144 490 2189 ut
512 2140 591 2204 ponit
614 2139 682 2188 Lar-

136 2208 242 2261 eheras.
263 2209 325 2270 Quo
337 2211 460 2271 tempore
472 2223 531 2258 enm
542 2209 629 2257 minor
642 2225 683 2257 es-

136 2284 178 2327 set
198 2278 378 2336 Laodamas,
401 2277 489 2328 Creon
512 2283 587 2328 tutor
606 2277 683 2342 regni

134 2346 323 2411 gubernacula
342 2346 432 2410 cepit,
449 2348 631 2397 Leodamanti
647 2346 683 2396 ad

136 2420 235 2467 iustam
249 2420 372 2465 aetatem
385 2432 446 2465 cnm
460 2418 639 2482 pervenisset,
653 2416 683 2465 il·

135 2487 161 2536 la
174 2487 397 2537 transmissurus.
425 2487 484 2548 Quo
504 2487 563 2550 ipso
577 2486 683 2536 Laoda-

134 2563 225 2607 mante
245 2560 312 2619 post
329 2561 463 2620 regnante
481 2558 577 2621 Argivi
594 2556 682 2606 altera

134 2629 194 2677 vice
206 2627 310 2677 bellam
319 2626 459 2675 Thebanis
473 2626 623 2676 intulerunt
635 2641 682 2675 au-

134 2714 168 2746 no
181 2696 249 2746 1307
262 2713 287 2746 a.
302 2695 366 2746 Chr.
382 2711 409 2744 n.
427 2710 526 2759 cosque
542 2696 681 2759 fugarunt,

132 2764 325 2818 Leodamante
346 2765 527 2829 Cadmeisqne
544 2766 611 2816 urbe
629 2766 681 2815 eie-

134 2839 196 2898 ctis,
210 2851 294 2902 quarn
309 2835 484 2885 Thersandro
499 2834 639 2899 Polynicis
652 2835 682 2882 ti-

133 2906 373 2957 lioerestituerunt.
402 2906 438 2953 Et
455 2920 486 2954 eo
500 2905 613 2968 respicit
627 2905 681 2953 No-

133 2978 228 3026 steria
241 2974 337 3025 serbis
353 2989 429 3038 seqq.
451 2964 498 3021 ἐπὶ
517 2967 619 3022 τούτου
641 2963 678 3036 δὴ

133 3042 184 3093 τοῦ
213 3037 425 3107 Λαοδάμαντος
450 3039 503 3092 τοῦ
521 3036 679 3099 Ἐτεοκλέος

132 3110 363 3178 μουναρχέοντος
389 3103 579 3172 ἐξανιστέαται
605 3108 680 3161 Καδ-

131 3185 207 3247 μεῖαι
225 3173 284 3233 ὑπ’
301 3175 430 3245 Ἀργείων
454 3177 501 3229 καὶ
528 3176 680 3242 τρέπονται

132 3246 159 3310 ές
177 3246 248 3310 τούς
263 3243 416 3315 Ἐγχέλεας.
447 3251 489 3300 Tu
506 3250 578 3300 cons.
596 3251 680 3301 etiam

131 3325 252 3375 Pensm.
269 3324 298 3382 1,
312 3320 355 3371 39.
369 3324 393 3383 ξ.
413 3322 436 3371 l.
454 3321 550 3382 1x‚5.
567 3324 590 3383 ἓ.
606 3321 629 3371 b.
647 3322 676 3378 73

131 3399 158 3443 et
171 3395 205 3444 δε
216 3391 346 3457 Apolline
362 3381 493 3455 εδσκόττφ
511 3394 581 3439 nott.
597 3389 631 3438 ad
644 3391 677 3451 V,

130 3464 172 3514 to.
198 3462 321 3513 Verbum
337 3460 522 3524 μουναρχείν,
541 3459 612 3509 ande
632 3472 678 3507 sn·

131 3534 281 3597 spicionem
299 3530 378 3580 duxit
395 3527 510 3580 Schoell.
518 3564 526 3590 ,
541 3529 678 3579 invenitur

131 3619 239 3667 quoqne
264 3600 341 3665 apud
366 3598 516 3648 Pindarum
541 3597 677 3663 (Pythice.

135 3674 184 3731 iv,
207 3670 293 3732 165),
318 3669 475 3728 Platonem,
500 3667 589 3716 alios:
621 3667 675 3717 vid.

132 3742 212 3792 Thes.
224 3739 415 3803 Ling.Graec.
428 3739 460 3787 V.
475 3750 538 3801 pag.
554 3738 621 3787 lito
634 3736 675 3787 cd.

132 3811 257 3861 Diodori.
276 3814 318 3858 Ac
329 3808 465 3872 reperitur
474 3821 580 3871 quoque
597 3809 624 3855 in
637 3805 677 3854 sl-

131 3886 187 3931 tero
207 3878 337 3936 oraculo,
357 3875 431 3941 qnod
448 3875 590 3926 exhibetur
605 3876 678 3925 infra

131 3952 162 4011 V,
176 3950 218 4000 st.
232 3952 257 4012 §-
271 3951 298 3998 2.
326 3946 369 3996 De
386 3947 474 3996 forms
486 3936 676 4004 ἐξανιστέαται

133 4019 165 4069 cl.
176 4019 297 4070 Bredov.
309 4031 375 4082 pag.
391 4014 456 4071 3293
476 4015 510 4063 ed
524 4015 608 4065 verba
622 4003 675 4063 ὑπ’

131 4079 251 4153 ’λρχείων
263 4086 309 4152 (ab
320 4085 427 4150 Arpinis
437 4086 519 4133 concii
526 4086 562 4133 nd
568 4084 676 4161 ἡμων),

134 4174 181 4222 qno
192 4158 289 4209 eodem
305 4169 393 4207 sensu
407 4170 470 4203 mox
484 4154 603 4204 occurrit
618 4148 675 4202 οιτὸ

134 4225 267 4287 Βοιωτῶν,
281 4227 378 4290 inquo
391 4223 499 4275 minime
511 4224 621 4274 haerere
633 4225 678 4273 dc·

133 4297 225 4351 bebant
237 4297 429 4361 interpretes,
448 4294 484 4344 cf.
500 4294 579 4344 modo
590 4295 619 4357 1,
633 4294 676 4355 56,

130 4386 158 4421 ns
166 4370 254 4438 plura.

776 1297 1014 1371 ὑπολειφθέντες]
1028 1306 1137 1371 Virgulh
1149 1306 1199 1357 hoc
1211 1323 1228 1358 a
1242 1323 1283 1359 ae-

743 1377 885 1439 quentibus
903 1376 1107 1441 seiungendum.
1135 1379 1204 1426 Nam
1225 1393 1284 1427 sen-

742 1461 788 1495 sus
808 1453 864 1495 est:
883 1448 978 1509 relicti,
995 1448 1012 1498 i.
1028 1463 1050 1496 e.
1066 1447 1156 1510 quiin
1172 1447 1283 1497 sedibus

742 1516 799 1564 suis
830 1521 987 1566 manserant
1026 1532 1076 1564 uec
1104 1517 1138 1563 ab
1173 1517 1282 1579 Argivis

742 1590 821 1634 erant
835 1587 925 1636 eiecti.
944 1613 979 1621 —
995 1585 1049 1647 Qui
1063 1585 1144 1648 paulo
1157 1590 1221 1634 ante
1236 1601 1282 1634 νο-

740 1659 841 1704 cantur
853 1656 1005 1710 Enchelees.
1030 1670 1084 1703 uua
1106 1669 1164 1703 cum
1181 1654 1281 1718 Illyriis

738 1728 986 1773 commemorantur
998 1725 1046 1784 IX,
1059 1724 1101 1774 42.
1130 1722 1201 1772 lliuc
1211 1725 1279 1773 Pau-

738 1809 799 1843 sau.
813 1794 867 1848 lx,
883 1795 908 1843 5.
925 1798 950 1855 ξ,
969 1795 983 1842 7
1001 1793 1095 1842 scribit
1111 1793 1281 1842 Leodaman-

737 1868 790 1912 tem
805 1864 840 1912 ab
854 1863 963 1927 Argivis
977 1863 1112 1912 devictum
1129 1862 1162 1908 ad
1176 1861 1281 1924 Ιλζιμτόε

736 1933 852 1982 abiisse:
871 1933 905 1982 ad
923 1947 990 1996 quos
1004 1932 1112 1982 eosdem
1129 1935 1198 1979 toste
1211 1933 1279 1980 Pau·

735 2018 795 2050 sun.
814 2001 832 2052 l.
844 2001 862 2051 l.
877 2005 901 2063 §-
918 2001 929 2050 l
953 2000 1016 2049 olim
1035 2000 1193 2064 profugerat
1208 2000 1277 2049 Cad-

735 2087 803 2121 mus.
830 2069 909 2135 Apud
927 2069 1044 2118 Plinium
1062 2085 1168 2133 quoquc
1188 2071 1223 2120 H.
1243 2072 1276 2120 N.

734 2140 787 2200 ΙΙΙ,
800 2141 842 2190 21.
859 2156 881 2191 s.
898 2140 931 2188 25
946 2137 1052 2202 (5139)
1070 2139 1140 2188 iuter
1152 2136 1277 2200 Illyricas

733 2214 828 2274 gentes
847 2214 1022 2258 recensentur
1039 2208 1196 2264 Enchelcue;
1214 2208 1276 2258 add.

735 2279 829 2342 Steph.
844 2279 911 2342 Byz.
935 2295 956 2328 s.
976 2295 1002 2327 v.
1023 2283 1049 2326 ct
1064 2277 1162 2340 Scylax
1184 2278 1211 2324 in
1225 2278 1277 2326 Pe-

734 2347 796 2412 ripl.
809 2351 833 2410 5.
845 2349 887 2398 25.
899 2347 988 2412 pag.ll
1001 2346 1040 2396 ed.
1051 2346 1147 2408 Hune,
1159 2346 1206 2395 ubi
1219 2340 1276 2408 Ἐχ-

734 2416 831 2481 petru.
858 2417 941 2466 Sedes
954 2417 1043 2480 gentis
1060 2416 1214 2466 accuratius
1232 2416 1276 2464 dc-

734 2486 812 2536 fiuire
830 2487 878 2537 vix
897 2486 971 2536 licet.
993 2487 1078 2534 -lu
1103 2501 1178 2548 seqq.
1207 2484 1274 2546 pitu

732 2572 783 2622 pro
801 2549 923 2621 μέτεστι,
946 2561 977 2606 ut
995 2558 1033 2617 V,
1054 2554 1102 2603 loo
1127 2551 1206 2613 aeica
1227 2563 1274 2617 pto

733 2620 859 2685 πάρεστι.
892 2627 935 2675 Tu
952 2623 1025 2674 conf.
1039 2624 1137 2673 Struve
1151 2624 1229 2707 Spes.
1251 2625 1272 2675 l.

732 2713 759 2761 p.
775 2696 808 2746 36
825 2694 955 2759 (Opuscc.
970 2693 1007 2747 11.
1020 2710 1046 2758 p.
1061 2691 1133 2756 304).

780 2758 827 2812 καὶ
852 2758 888 2827 δὴ
917 2758 965 2811 καλ
981 2752 1102 2825 Ἀχαιΐης
1123 2753 1274 2825 Δήμητρος

732 2827 798 2895 ἱρόν
815 2848 843 2881 τε
858 2829 905 2881 καλ
925 2821 1018 2895 ὄργια]
1053 2831 1119 2879 Cum
1140 2830 1273 2877 adiician-

733 2908 778 2952 tur
799 2894 880 2963 ὄργια
899 2901 941 2965 (ut
963 2915 1046 2965 supra
1063 2899 1105 2957 ΙΙ,
1120 2899 1151 2948 bl
1174 2894 1274 2962 Καβεί-

731 2987 790 3033 ρων
808 2964 915 3034 ὄργια
937 2974 964 3020 et
982 2970 1009 3018 iu
1019 2969 1122 3030 Hymu.
1136 2967 1273 3015 Homeris.

732 3043 759 3090 in
773 3042 863 3091 Cerer.
884 3040 951 3100 478,
969 3038 1016 3087 nbi
1035 3037 1115 3086 Ceres
1131 3033 1225 3096 δεῖξεν
1238 3061 1272 3073 -

730 3100 934 3174 δρησμοσύνην
954 3100 1099 3171 ἱερῶνκαὶ
1113 3096 1273 3169 ἐπέφραδεν

730 3169 834 3244 ὄργια
848 3177 935 3227 πᾶσιν
952 3172 1040 3240 σεμνοί
1054 3191 1079 3225 κ.
1092 3189 1116 3226 τ,
1130 3174 1177 3238 λ),
1197 3189 1272 3223 arca-

730 3251 758 3300 ni
771 3250 836 3314 quid
848 3251 875 3297 iu
885 3248 927 3297 his
940 3250 1025 3297 sacris
1038 3244 1123 3295 fuisse
1131 3243 1272 3309 probabile

730 3324 772 3369 eet
785 3319 907 3383 adeoque
924 3317 1043 3367 furorem
1058 3315 1190 3379 quendam
1204 3313 1272 3362 iudi-

729 3390 786 3439 cari
807 3404 911 3449 eorum,
941 3388 985 3450 qui
1009 3386 1076 3434 haec
1095 3398 1175 3434 sacra
1194 3398 1271 3447 pera-

728 3462 804 3523 gant.
827 3457 869 3506 Ad
892 3457 1021 3521 mysteria
1040 3454 1124 3518 igitur
1140 3453 1269 3518 quodam-

728 3529 808 3578 modo
822 3526 963 3577 referenda
978 3528 1057 3575 erunt
1068 3523 1134 3572 haec
1146 3522 1270 3572 Achaeae

728 3597 834 3648 Cereris
853 3612 945 3645 sacra:
975 3593 1046 3660 quod
1072 3609 1102 3642 eo
1123 3592 1208 3656 magis
1229 3598 1291 3640 ro·'

727 3667 907 3731 spiciendnru,
921 3666 1049 3729 quoniam
1062 3668 1089 3712 et
1105 3662 1268 3724 Gephyraci,

729 3738 776 3801 qni
788 3736 823 3784 au
839 3735 949 3798 Cephisi
971 3738 1079 3798 pontem
1096 3731 1268 3791 habitabant,

727 3807 846 3855 initiatis
859 3802 1122 3868 transgrediendum,
1134 3801 1205 3848 hauc
1221 3799 1270 3848 Ce-

727 3890 813 3925 rerem
837 3873 926 3937 (qnue
947 3875 971 3922 si
991 3870 1153 3933 Etymologo
1167 3870 1268 3932 Magno

727 3945 805 4003 fides,
813 3943 875 3994 iude
883 3947 965 3992 etiam
975 3939 1205 4004 Gephyraeudicts
1214 3937 1267 3999 est)

728 4013 865 4064 colebant.
881 4014 949 4060 Eam
964 4015 1054 4057 autern
1065 4006 1268 4065 abillaeum,

729 4097 809 4149 quarn
821 4082 849 4129 in
861 4078 998 4143 mysteriis
1008 4075 1155 4125 Eleusiniis
1168 4074 1268 4123 cultam

728 4168 789 4203 esse
806 4153 926 4210 constet,
942 4148 988 4196 vix
1003 4145 1116 4194 multum
1134 4143 1269 4193 diversam

728 4222 815 4270 fuisse
828 4218 973 4268 credimus:
991 4215 1062 4265 unde
1080 4214 1148 4263 haec
1163 4214 1269 4263 Cereris

728 4292 847 4340 sir-lineae
859 4288 938 4338 s‘acra
948 4300 1050 4336 arcana
1061 4300 1120 4333 cum
1131 4285 1268 4347 mysteriis

726 4358 875 4410 Eleusiniis
897 4356 989 4422 aliquo
1012 4360 1086 4406 certe
1108 4355 1188 4404 modo
1205 4369 1268 4404 con-
