3100 5175
258 381 317 450 186

689 388 959 453 HERODOTI

253 566 299 655 τῷ
313 561 470 653 Μιλήτου
490 562 662 660 τυράννῳ,
685 570 799 659 πολλῷ
814 571 861 635 ἔτι
883 567 1014 653 ἐγένετο
1028 565 1190 649 Κυψέλου
1202 566 1390 654 μιαιφονώ-

253 695 357 756 τερος.
390 671 522 757 πέμψας
544 667 607 757 γὰρ
632 667 723 756 παρὰ
744 669 988 759 Θρασύβουλον
1014 668 1144 759 κήρυκα
1165 668 1389 755 ἐπυνθάνετο,

252 768 368 842 ὅντινα
382 766 424 841 ἂν
439 773 563 862 τρόπον
584 770 835 860 ἀσφαλέστατον
848 772 1136 863 καταστησάμενος
1150 778 1219 842 τῶν
1237 773 1388 863 πρηγμά-

252 903 321 946 τοιν
346 875 506 947 κάλλιστοι
526 874 587 965 τὴν
608 876 708 947 πόλιν
733 877 957 968 ἐπιτροπεύοι.
1003 877 1242 966 Θρασύβουλος
1264 878 1302 947 δὲ
1322 877 1440 948 adress

252 980 395 1052 ἐλθόντα
409 977 499 1068 παρὰ
512 986 572 1051 τοῦ
585 981 801 1072 Περιάνδρου
814 986 910 1071 ἐξῆγε
926 985 988 1066 ἔξω
1002 986 1062 1050 τοῦ
1075 977 1208 1061 ἄστεος·
1237 979 1336 1070 ἐσβὰς
1350 982 1388 1052 δὲ

251 1182 371 1235 Sosicles
390 1183 422 1234 de
435 1182 583 1233 Periandro
598 1187 672 1234 recte
689 1183 793 1235 iudica·

249 1255 330 1315 verit‚
338 1254 389 1304 boc
396 1254 552 1304 accuratius
561 1269 608 1318 per
619 1254 728 1318 singula
739 1255 793 1306 dis·

250 1325 335 1388 quirit
353 1323 382 1373 O.
395 1324 525 1388 Wagner.
545 1323 574 1372 in
594 1324 742 1387 scriptione
758 1325 792 1375 de

249 1393 399 1445 Periandro
412 1408 473 1458 pag.
492 1393 523 1443 13
537 1408 611 1457 seqq.
635 1393 696 1444 coll.
711 1394 741 1444 O.
756 1393 790 1447 Ο,

249 1464 373 1514 Mueller.
387 1464 452 1513 Dor.
463 1462 485 1514 l.
499 1477 562 1528 pag.
575 1462 623 1513 165
633 1476 708 1527 seqq.
730 1463 791 1525 Quo

248 1534 339 1585 iudice
353 1533 502 1583 Periander
517 1547 583 1583 sane
606 1548 639 1582 ea
659 1532 790 1596 instituit,

250 1619 320 1670 qnae
332 1619 443 1669 regnum
458 1603 524 1652 mite
538 1606 566 1652 et
578 1602 790 1667 sapientissimis

249 1673 372 1725 consiliis
381 1673 599 1724 administratum
607 1673 790 1738 productim-

248 1745 409 1794 munitatem
423 1743 485 1794 dico
503 1742 667 1793 tributorum
682 1743 789 1795 civibus

248 1829 421 1874 concessam,
435 1812 568 1863 luxuriam
587 1813 715 1863 ditiorum
734 1812 790 1863 edi·

248 1884 301 1935 ctis
314 1885 476 1948 coiircitam,
491 1882 545 1932 alia
562 1882 590 1932 id
605 1897 691 1948 genus
705 1882 776 1932 ad
752 1899 789 1932 οι-

247 1954 345 2006 vitatis
363 1956 455 2005 florem
474 1968 555 2018 qnam
574 1953 691 2003 maxime
704 1952 789 2018 perti-

247 2027 355 2075 nentis:
371 2022 442 2073 unde
453 2021 605 2084 iactum‚ut
617 2021 664 2073 illo
673 2037 789 2087 regnan·

247 2098 275 2145 te
293 2095 329 2144 ad
347 2107 479 2144 summum
494 2092 568 2143 floris
580 2092 723 2158 fastigium
736 2092 789 2143 Co·

246 2164 330 2214 rinthi
342 2179 386 2214 res
402 2162 559 2227 pervenisse
572 2163 710 2226 putandas
721 2163 785 2213 sint.

247 2234 301 2295 Qui
314 2232 385 2283 idem
397 2237 489 2282 tamen
502 2246 554 2296 quo
566 2246 609 2282 res
621 2247 686 2282 suas
698 2237 786 2283 tuere-

247 2308 292 2352 tur
306 2301 533 2368 tyrannidemque
546 2305 684 2365 servaret,
698 2301 733 2351 ab
746 2302 787 2352 in·

245 2373 316 2423 iuria
335 2370 521 2434 violentiaque
537 2385 592 2420 non
608 2386 719 2436 prorsus
739 2373 786 2423 ab·

245 2441 382 2493 horruisse
394 2441 502 2492 ridetur
515 2443 552 2502 et,
571 2455 640 2504 cum,
654 2440 786 2506 quidquid

244 2512 297 2562 sibi
311 2510 445 2578 libuisset,
460 2514 610 2576 perageret,
623 2513 785 2575 praesertim

243 2582 279 2631 ab
291 2599 323 2637 eo
338 2582 402 2633 inde
416 2588 546 2645 tempore,
559 2597 612 2646 quo
626 2580 785 2633 domesticis

243 2652 448 2703 calamitatibus
460 2667 570 2716 pressus
584 2655 640 2715 est,
657 2651 785 2702 crudelis·

243 2724 328 2772 simus
341 2738 403 2772 mox
416 2722 523 2772 exstitit
533 2725 675 2786 tyrannus,
689 2722 734 2786 qui
743 2737 784 2771 re·

240 2792 288 2856 gni
302 2792 420 2858 speciem
435 2793 463 2842 in
478 2791 625 2842 terribilem
646 2792 784 2842 convertit

242 2863 395 2927 tyrannidis
416 2863 539 2912 formam.
565 2861 657 2926 rique
680 2862 783 2912 indicio

240 2931 314 2982 hand
328 2933 412 2984 ferme
422 2931 567 2983 discedunt
580 2945 620 2989 ea,
632 2946 703 2996 quae
715 2933 783 2981 Kor-

240 3004 295 3052 tiim
310 3002 418 3053 Griech.
433 3001 597 3055 Gesehichte
611 3003 632 3052 I.
649 3017 713 3066 pag.
731 3002 782 3053 215

240 3087 297 3136 seq.
313 3072 346 3122 de
358 3072 409 3123 hoe
422 3074 497 3134 viro,
517 3075 633 3137 tyranno
646 3086 734 3136 aeque
748 3088 781 3122 ao

239 3142 374 3206 sapiente,
385 3142 526 3202 iudicavit,
535 3157 613 3205 quem
626 3141 659 3190 ob
669 3141 779 3191 nimiam

239 3211 347 3275 imperii
365 3217 393 3263 et
413 3211 552 3275 potentiae
575 3210 728 3273 cupidinem
745 3212 780 3261 ad

238 3295 325 3345 prava
338 3296 461 3346 quaeque
474 3279 595 3343 adeoque
605 3278 726 3329 crudelia
740 3280 780 3328 la-

237 3351 332 3400 einora
353 3350 511 3413 perductum
536 3363 595 3398 esse
618 3349 689 3397 idem
709 3349 781 3398 Kor-

237 3422 302 3469 tiim.
317 3420 424 3469 statuit.
454 3418 549 3467 Mitius
563 3432 670 3481 quoque
684 3417 717 3468 de
728 3419 780 3468 Pe-

236 3488 348 3538 riandro
373 3488 504 3537 iudioinm
527 3486 591 3536 tulit
607 3486 699 3536 Plasa:
725 3488 780 3538 Die

237 3558 411 3620 TyrannisI.
431 3572 492 3621 pag.
515 3558 563 3606 157
582 3571 638 3621 seq.
659 3557 778 3621 itemque

235 3628 379 3676 Dunclrer:
397 3626 496 3677 Gesch.
509 3626 535 3680 d.
552 3625 668 3676 Alterth.
687 3626 735 3678 IV.
750 3643 776 3691 p.

239 3698 337 3761 liseq.
348 3696 396 3746 29:
410 3696 655 3779 qnossiaudimus‚
668 3696 778 3746 inPeri-

236 3766 321 3816 andro
334 3770 407 3818 recte
425 3754 600 3817 diiudicanda
612 3765 686 3815 haud
701 3781 778 3830 prae-

234 3838 327 3886 termit
316 3837 455 3898 ttendnm‚
471 3837 544 3900 quod
564 3850 634 3901 quae
654 3835 686 3886 de
702 3837 777 3886 Peri-

233 3906 488 3959 andricrudelitate
510 3911 538 3955 et
556 3905 674 3956 saevitia
697 3921 775 3958 acce·

233 3978 323 4061 pimus
336 3978 448 4041 tradita
459 3976 603 4026 traduntur
613 3974 669 4024 sere
684 3975 747 4026 ab'
730 3992 774 4040 ιιι,

233 4063 281 4111 qur
273 4048 373 4099 'odio'
365 4065 393 4098 ιιι
403 4047 575 4112 tyrannidem
588 4046 704 4096 maximo
717 4045 775 4096 iue-

232 4120 288 4167 rint
305 4118 397 4183 ducti3
415 4133 501 4181 neque
519 4116 774 4167 sanePeriaudrum

232 4202 249 4236 a
265 4187 364 4239 Solone
380 4189 526 4239 stPittaco
540 4187 675 4237 adscitum
688 4185 775 4236 inisse

232 4256 364 4307 arbitrum
399 4261 481 4323 atque
511 4257 540 4306 in
565 4257 654 4320 ipsum
681 4256 773 4307 decem

843 1200 896 1250 quo
910 1182 1009 1234 ductus
1019 1182 1082 1244 fuit,
1091 1182 1229 1234 libertatis
1239 1184 1331 1234 studio
1344 1189 1387 1249 ty·

843 1268 1044 1317 rannornmqne
1067 1253 1149 1316 odio,
1171 1269 1266 1305 revera
1288 1254 1387 1305 fnisset

844 1338 918 1378 usus.
949 1323 1081 1388 Equidem
1097 1327 1172 1373 certe
1184 1325 1214 1373 in
1226 1324 1261 1374 iis
1276 1324 1387 1388 sequie-

843 1409 918 1445 scere
929 1393 1029 1456 malim,
1043 1407 1113 1457 quae
1120 1392 1268 1444 Muellerus
1281 1398 1308 1443 et
1317 1394 1386 1444 Kor-

842 1466 909 1515 tiim.
928 1461 1015 1513 dehis
1028 1468 1103 1513 recte
1117 1477 1233 1528 vereque
1247 1462 1385 1514 iudicasse

841 1533 980 1592 ridentur,
989 1547 1076 1597 neque
1088 1547 1130 1582 nro
1143 1533 1384 1584 morotPlutarchi

841 1602 993 1654 auctoritas
1004 1600 1091 1667 (Sept.
1102 1617 1179 1667 sapp.
1196 1604 1304 1654 courir.
1319 1619 1382 1669 pag.

844 1674 892 1723 147
901 1670 943 1735 C),
958 1673 1006 1736 qui
1019 1687 1066 1736 pro
1083 1672 1198 1723 consilio
1210 1689 1260 1723 suo
1269 1674 1384 1724 Perian-

841 1743 884 1793 dri
895 1742 1069 1806 tyrannidem
1080 1756 1210 1793 excusare
1228 1743 1334 1803 studet3
1351 1748 1383 1792 tn

840 1810 911 1862 coni.
931 1810 1013 1861 adh.
1033 1812 1051 1862 l.
1066 1811 1272 1875 Wyttenbachii
1290 1813 1382 1863 Anim-

840 1882 960 1932 adversa.
975 1897 1037 1946 pag.
1053 1882 1113 1932 918.

875 1944 952 2014 παρὰ
969 1947 1174 2016 Θρασύβουλον
1188 1941 1310 2017 κήρυκα]
1339 1952 1382 2003 Ι)ο

840 2020 1013 2085 Thrasybulo
1026 2027 1111 2085 atque
1124 2020 1273 2071 Periandro
1290 2020 1383 2087 hospi·

839 2092 878 2142 tio
891 2093 992 2142 iunctis
1010 2090 1046 2141 cf.
1064 2091 1090 2155 1,
1104 2089 1147 2140 20.
1163 2116 1198 2125 —
1211 2090 1252 2140 Ad
1267 2090 1321 2141 loci
1339 2106 1382 2142 ar·

838 2165 995 2226 gumentum
1006 2161 1076 2211 haec
1090 2160 1119 2210 C.
1134 2159 1262 2225 Wagner.
1277 2158 1296 2210 l.
1311 2159 1330 2210 l.
1352 2177 1379 2227 p.

842 2233 881 2284 18.
898 2235 956 2281 not.
970 2230 1020 2282 63:
1048 2231 1152 2293 „Hanc
1164 2229 1297 2279 Herodoti
1318 2246 1381 2282 nar-

839 2303 971 2351 rationem
989 2301 1086 2351 Lirins
1107 2301 1136 2365 1,
1157 2300 1191 2350 54
1213 2300 1247 2348 ad
1267 2300 1380 2352 Sextum

837 2372 1015 2435 Tarquinium
1041 2374 1068 2420 et
1085 2369 1206 2419 Gabinos
1225 2371 1378 2423 transtulit.

838 2442 881 2491 Cf.
895 2438 1027 2492 Niebuhr.
1035 2440 1127 2491 licem.
1137 2438 1235 2490 (iesch.
1243 2440 1266 2490 1.
1278 2454 1305 2503 p.
1316 2441 1379 2492 513.

836 2510 897 2562 536.
924 2511 1073 2574 Utramque
1085 2509 1234 2574 Dionysius
1247 2509 1311 2559 Hal.
1325 2511 1379 2560 An-

837 2581 904 2647 tiqq.
917 2581 1021 2631 lterum.
1032 2579 1124 2642 1v‚oo
1136 2578 1257 2643 repetiit,
1270 2583 1298 2631 et
1307 2596 1379 2645 quaa

835 2649 953 2717 epistola
969 2649 1040 2714 apud
1051 2650 1131 2713 Diog.
1148 2650 1170 2709 I,
1187 2650 1235 2699 loo
1248 2648 1306 2714 [ubi
1320 2651 1377 2701 rid.

835 2718 957 2785 Meurig]
976 2719 1090 2783 legitur,
1110 2718 1179 2768 haec
1198 2734 1230 2768 ex
1244 2720 1377 2770 Herodoti

834 2791 927 2841 verbis
947 2789 1067 2839 conficta
1082 2803 1142 2839 esse
1157 2788 1274 2843 videtur.
1307 2789 1377 2839 Cou-

835 2861 924 2912 silium
944 2859 1045 2923 ipsum,
1064 2858 1136 2923 quod
1154 2856 1255 2908 Thales
1274 2859 1377 2909 inPlu-

834 2930 921 2981 tareh.
943 2929 1057 2979 Convir.
1075 2944 1136 2993 pag.
1162 2924 1377 2979 laterarias·

834 3001 882 3050 dro
903 2998 1092 3063 displicuisse,
1112 2997 1275 3048 Aristoteles
1288 2997 1372 3049 Polit.

832 3065 1373 3133 111,11.v,10[111,8‚3c011.v,8,

832 3137 859 3205 7]
882 3155 898 3189 a
917 3138 1067 3189 Periandro
1085 3135 1257 3201 Thrasybulo
1279 3137 1374 3187 datum

833 3225 893 3259 esse
925 3207 1024 3270 tradit,
1049 3205 1217 3270 apollonius
1244 3207 1374 3271 Tyaneus

833 3277 978 3344 (Philostr.
993 3277 1026 3327 V.
1040 3274 1129 3340 Apoll.
1144 3276 1183 3339 V,
1196 3274 1246 3342 36)
1261 3277 1373 3327 damna·

831 3350 872 3398 rit
901 3348 1064 3412 poeticoque
1093 3347 1228 3411 oqpreseit
1245 3346 1371 3412 Euripid.

831 3415 925 3481 Suppl.
940 3414 992 3466 445
1005 3416 1100 3480 seqq.“
1126 3415 1256 3465 Dunclrsr
1272 3415 1290 3469 l.
1302 3416 1322 3467 l.
1344 3432 1370 3480 p.

834 3487 864 3536 18
879 3487 1072 3537 auctoritatem
1078 3484 1212 3535 Herodoti
1221 3485 1371 3535 Periandro

830 3555 858 3604 id
877 3555 1020 3606 consilium
1044 3570 1062 3603 s
1080 3554 1251 3619 Thrasybulo
1276 3554 1370 3606 datum

830 3641 890 3676 esse
904 3626 1042 3675 narrantis
1055 3625 1185 3689 postponi
1196 3624 1256 3674 vult
1266 3625 1372 3676 Aristo·

830 3694 893 3757 teli,
906 3696 951 3760 qui
965 3694 983 3743 l.
998 3693 1015 3743 l.
1029 3693 1201 3757 Thrasybulo
1218 3694 1246 3743 id
1259 3696 1373 3745 Perian-

828 3764 904 3814 drurn
920 3765 1040 3815 suasisse
1052 3762 1215 3825 tradit‚cnm
1221 3764 1371 3816 Periander

828 3835 887 3899 ipse
899 3838 955 3884 tam
970 3835 1080 3897 sapiens
1093 3833 1192 3896 fuerit,
1208 3839 1240 3882 nt
1255 3832 1369 3886 alterius

827 3904 941 3954 consilio
954 3902 1027 3952 hand
1043 3902 1198 3967 indiguerit,
1210 3902 1369 3967 Thrasybu-

826 3973 868 4023 lus
887 3980 992 4034 antem‚
1010 3975 1056 4037 qui
1074 3988 1168 4023 recens
1188 3972 1222 4022 ad
1246 3975 1368 4037 tyranni·

826 4043 885 4092 dem
898 4047 1010 4094 erectus
1020 4041 1119 4102 fuerit,
1134 4042 1289 4092 huiusmodi
1302 4059 1368 4094 cou-

826 4112 888 4161 silio
908 4114 1000 4176 potius
1018 4113 1126 4175 eguerit
1146 4111 1180 4162 ad
1205 4112 1366 4163 firmandam

825 4183 996 4247 tyrannidem
1017 4197 1111 4233 reeens
1135 4186 1253 4245 partam.
1289 4184 1366 4243 Quae

824 4267 887 4302 num
907 4251 1046 4302 sufficiant
1073 4251 1108 4301 ad
1125 4250 1259 4302 Herodoti
1283 4257 1366 4318 atque

233 4328 392 4410 sapientam.
407 4341 546 4376 numerum
561 4330 699 4389 receptum
718 4324 773 4374 exi·
824 4320 938 4372 aliorum
951 4321 1022 4371 idem
1034 4322 1201 4371 narrantium
1217 4318 1298 4371 tidem
1313 4321 1366 4372 tol

231 4395 353 4457 stimant,
368 4394 658 4447 aitantacrndelitate
666 4408 773 4459 ,-quan
822 4389 929 4442 lendum
932 4389 1364 4471 equidemhandaifirmaverim.

232 4467 289 4513 tarn
307 4462 348 4514 illi
367 4465 466 4515 tribuit
480 4464 636 4517 Herodotus
659 4478 708 4530 pro
728 4478 769 4523 eo,

868 4451 968 4513 ὅντινα
987 4450 1025 4510 ἄν
1049 4450 1207 4523 τρόπον-
1229 4452 1364 4511 κάλλιστα
