3100 5175
291 336 349 397 104
723 346 990 412 HERODOTI

239 515 279 576 62
360 506 402 579 ‘H
412 512 474 602 μὲν
489 512 529 602 δὴ
550 511 626 596 ὄψις
646 522 706 585 τοῦ
721 516 900 613 Ἱππάρχου
914 527 1094 617 ἐνυπνίου,
1118 532 1174 599 καὶ
1188 538 1223 601 oi
1232 542 1418 624 Γεφυραῖοι
1425 558 1472 609 401

286 611 371 683 ὅθεν
394 616 609 706 ἐγεγόνεσαν,
637 626 705 689 τῶν
731 615 818 712 ἦσαν
840 635 874 698 ολ
893 623 1073 720 Ἱππάρχου
1095 637 1233 724 φονέες,
1259 635 1428 729 ἀπήγηταί

286 740 358 806 μοι·
387 724 441 789 δεῖ
466 722 503 791 δὲ
523 721 606 812 πρὸς
627 724 772 797 τούτοισι
794 738 841 801 ἔτι
864 729 1048 824 ἀναλαβεῖν
1068 736 1127 808 τὸν
1147 737 1221 810 κατ’
1243 739 1345 831 ἀρχὰς
1368 743 1425 833 ἦτα

285 922 379 970 iuncta
392 919 478 970 fuisse
493 926 541 972 crit
554 923 590 974 ad
602 923 649 974 illa
665 927 831 990 pertinuisse
882 926 951 992 κούς
968 928 1082 986 ἔκτισαν
1099 930 1184 990 πόλιν
1202 936 1250 991 καλ
1268 935 1425 1008 ἱδρύσαντο

285 990 431 1053 suspiceris
447 990 521 1041 licet.
550 995 645 1058 Neque
656 995 831 1063 refragantur
882 996 1246 1075 ἴερόνἎχαιοῖςΔήμητρος.
1262 1015 1351 1076 Quam
1362 1032 1427 1067 ean·

286 1059 334 1109 alii
346 1058 409 1119 loci,
427 1060 473 1109 ubi
490 1062 569 1114 huius
582 1063 688 1116 Cereris
701 1068 830 1121 Achaeae
881 1073 942 1124 deur
955 1077 1151 1130 derivationem
1170 1082 1290 1133 retinens
1304 1085 1427 1136 Scholia-

285 1129 316 1178 fit
336 1131 453 1190 mentio,
472 1147 497 1180 v.
519 1146 543 1182 c.
564 1133 637 1197 apud
651 1136 828 1202 Aristophan.
881 1149 925 1194 sta
941 1145 975 1194 ad
987 1145 1127 1212 Aristoph.
1139 1151 1258 1201 Acheru.
1279 1154 1296 1203 l.
1311 1153 1329 1204 l.
1344 1155 1426 1206 Cere·

283 1197 401 1248 Acharn.
414 1198 466 1248 664
482 1200 563 1249 Both.
579 1203 638 1265 (ubi
656 1205 693 1254 of.
706 1207 829 1273 Scholia)
880 1229 936 1264 rem
951 1214 1088 1267 Achaeam
1104 1221 1270 1271 nominatam
1284 1241 1345 1275 eese
1360 1229 1426 1275 ecri-

284 1268 415 1319 Nicaudr.
433 1267 575 1320 Theriacc.
586 1273 647 1322 484.
660 1275 725 1341 ibiq.
736 1277 827 1330 Schol.
880 1284 921 1333 bit
938 1277 995 1333 α’πὸ
1009 1284 1062 1334 τοῦ
1075 1279 1162 1352 ἤχου,
1184 1280 1218 1338 ὃν
1241 1295 1378 1357 παρεῖχον
1394 1287 1426 1344 ἐν

283 1335 423 1387 Plutarch.
435 1337 476 1388 De
487 1339 553 1389 laid.
565 1341 699 1394 ctOsirid.
710 1361 771 1410 cap.
784 1348 829 1410 69,
879 1351 1017 1415 τοῖςπερὶ
1035 1349 1087 1420 τὴν
1103 1357 1232 1422 γέφυραν
1248 1356 1288 1419 εἰς
1303 1353 1426 1428 Ἀθήνας

284 1406 332 1470 qui
346 1407 464 1456 Boeotos
484 1410 569 1459 tradit
583 1410 688 1462 Cereris
701 1415 830 1468 Achaeae
880 1417 1031 1487 ἀπιοῦσιν,
1057 1427 1092 1476 ad
1109 1429 1253 1481 Eleusinia
1272 1435 1423 1498 respiciens

284 1475 422 1525 celebrare
441 1491 520 1527 sacra
540 1495 627 1545 eaque
641 1484 747 1546 tristia,
767 1502 829 1536 cum
880 1499 907 1542 et
921 1494 955 1542 ad
966 1509 1091 1560 pompam
1102 1498 1270 1550 initiatorum
1284 1518 1366 1555 sonos
1377 1522 1425 1556 va-

285 1545 367 1595 Ceres
400 1545 434 1594 ob
461 1546 622 1599 descensum
647 1554 829 1621 Proserpinae
879 1564 934 1612 rios
953 1564 1088 1616 edentium
1105 1568 1139 1617 ad
1162 1570 1273 1634 Cephisi
1296 1579 1423 1636 pontem:

284 1613 398 1664 multum
411 1615 474 1665 inde
485 1620 626 1683 quaesitae
638 1620 741 1674 luctum
751 1633 828 1691 agat.
880 1648 1043 1698 quamquam
1072 1636 1140 1688 haec
1165 1639 1270 1691 Cereris
1296 1644 1423 1696 Achaeae

283 1684 327 1733 Ad
339 1683 389 1732 hoc
406 1686 476 1734 enirn
493 1689 581 1750 ipsum
596 1690 713 1752 ducunt,
728 1710 797 1760 ιμιιιε
811 1714 828 1746 ει
879 1718 959 1752 sacra
974 1703 1010 1753 ad
1023 1705 1165 1757 Eleusinia
1181 1711 1290 1761 minime
1303 1716 1425 1777 pertinu-

285 1754 479 1803 Grammaticis
491 1757 603 1808 Graecis
617 1760 703 1814 allata
717 1766 828 1816 suntad
878 1772 933 1821 isse
951 1775 1051 1824 statuit
1064 1776 1176 1828 Lobeck
1190 1780 1369 1845 Aglaopham.
1385 1785 1423 1835 II.

284 1821 472 1886 explicandum
485 1821 749 1896 cognomen'Axnr'oee
759 1836 827 1898 sire,
878 1858 895 1906 p
916 1842 982 1892 1225
994 1849 1063 1907 not,
1072 1847 1096 1895 si
1109 1847 1217 1912 quidem
1228 1852 1343 1915 gentilia
1354 1855 1423 1905 haec

282 1897 314 1942 nt
324 1893 481 1943 Herodotus
490 1910 537 1957 pro
549 1913 621 1948 more
633 1898 700 1964 (vid.
709 1904 826 1954 Bredov.
879 1911 982 1960 fuerint
996 1913 1215 1979 Gephyraeorum
1235 1934 1314 1971 sacra
1335 1940 1423 1990 noque

283 1978 311 2026 p.
324 1960 384 2026 141)
397 1958 662 2032 loquitur,’Azorips‚
671 1972 782 2023 ductum
796 1974 827 2023 il·
879 1981 1328 2044 cumAthenieusibuseommunia.
1343 1994 1422 2055 Quod

283 2031 330 2079 lud
344 2031 451 2095 quidem
468 2034 511 2083 vel
529 2030 586 2085 ἀπὸ
606 2037 657 2087 rori
675 2031 765 2103 ἅχους
784 2043 827 2095 vel
878 2056 910 2100 ut
924 2066 987 2102 vere
1005 2052 1106 2105 dictum
1123 2062 1204 2121 puto,
1218 2060 1334 2123 gentilia
1354 2064 1424 2115 baec

282 2090 340 2148 ἀπὸ
359 2096 412 2147 τοῦ
425 2090 498 2164 ἤχου
515 2101 648 2167 (Bekker.
662 2111 783 2162 Aueedd.
802 2113 826 2165 1.
878 2119 1098 2185 Gephyrneorum
1113 2126 1200 2176 videri
1218 2144 1299 2179 sacra
1317 2138 1345 2182 et
1363 2134 1422 2198 ipse

281 2185 309 2232 p.
321 2167 382 2223 473.
399 2170 565 2221 Bachmann.
584 2176 706 2233 Anecdd.
726 2181 750 2231 Ι.
764 2198 825 2246 pag.
879 2191 1049 2255 existimans,
1059 2194 1100 2243 ita
1107 2195 1230 2247 Cererem
1242 2198 1423 2254 hancAchae·

283 2238 350 2302 175)
372 2239 439 2301 sire,
456 2244 487 2289 ut
502 2242 543 2291 ait
557 2243 713 2298 Scholiasta
729 2251 763 2299 ad
780 2253 827 2300 Ni-

282 2308 377 2357 candr.
400 2308 543 2362 Theriaec.
562 2311 581 2360 l.
602 2314 619 2363 l.
640 2310 690 2364 διὰ
706 2314 737 2366 τὰ
757 2313 826 2382 ι’λχος

281 2372 329 2424 aul
343 2367 396 2439 τὴν
406 2370 499 2441 λύπην
512 2379 563 2445 τῆς
576 2379 722 2450 θυγατρὸς
739 2379 760 2453 ἦ
776 2383 825 2437 διαὶ

281 2438 332 2493 τὸν
352 2441 408 2493 τῶν
428 2440 579 2512 κυμβάλων
599 2441 679 2517 ἦχον,
719 2457 825 2518 Quibus

281 2514 383 2564 similia
394 2514 522 2580 leguntur
534 2522 607 2584 apud
620 2525 785 2588 Hesychium
801 2545 824 2580 s.

280 2575 594 2648 v.³A1utaerinsch011.
606 2594 824 2661 adAristophau.

280 2653 298 2700 l.
313 2653 330 2701 l.
346 2654 378 2702 In
398 2657 474 2705 rimis
483 2672 548 2708 reso
561 2660 613 2711 huc
628 2665 746 2728 pertinet
758 2669 826 2733 Ety-

280 2722 372 2787 molog
420 2725 559 2779 Gudianus
579 2732 626 2794 qui
644 2734 744 2786 dicitur
760 2754 823 2803 pag.

280 2791 328 2852 118,
349 2793 419 2843 unde
433 2794 561 2848 discimus
574 2814 633 2850 eam
650 2806 767 2857 nominis
780 2825 824 2858 ra-

279 2862 396 2926 tionem,
409 2878 462 2929 qua
478 2864 602 2918 Cererem
618 2878 724 2937 raptam
738 2876 822 2927 filiam

277 2930 414 2996 lugentem
430 2928 525 2998 (παρὰ
539 2930 570 2987 τὸ
586 2930 821 3008 ἄχος)Αο1ιοεειιι

278 3000 333 3050 dici
347 3003 452 3064 volunt,
465 3005 618 3069 profectam
632 3028 691 3064 esse
706 3031 721 3065 ιι
736 3016 822 3081 Didy-

279 3085 321 3119 mo
341 3071 408 3134 (vid.
428 3073 540 3137 Didymi
562 3078 687 3145 fragmrn.
715 3086 755 3135 ed.
782 3088 820 3136 M.

278 3139 411 3192 Schmidt.
425 3157 451 3205 p.
465 3142 500 3194 80
511 3160 579 3210 seq.,
595 3152 641 3213 qni
656 3156 747 3204 omnia
764 3155 821 3206 fere

275 3213 398 3261 veterum
418 3213 578 3265 testimonia
598 3217 650 3269 huc
665 3225 820 3285 spectantia

276 3278 513 3346 attulit)‚eamque
528 3286 610 3336 etiam
625 3289 696 3340 inter
711 3295 818 3343 veteres

275 3349 463 3413 praevaluisse
477 3352 583 3418 reliqna
600 3362 723 3410 veterum
742 3363 819 3411 testi·

275 3419 369 3468 monia
381 3418 521 3472 declarare
534 3424 671 3481 videntur,
693 3431 772 3492 Quod
786 3432 820 3481 ad

276 3484 392 3537 alteram
416 3490 551 3541 rationem
579 3497 700 3557 attinet,
724 3516 779 3564 qua
804 3518 819 3551 e

275 3571 342 3604 sono
372 3558 556 3621 cymbalorum
590 3565 617 3612 iu
647 3567 715 3618 deno
747 3570 817 3620 festo

271 3623 461 3677 'adhibitorum
501 3628 553 3682 hoc
584 3650 735 3699 cognomen
768 3640 816 3690 Οε-

273 3694 340 3743 reris
374 3698 557 3765 repetebant,
597 3705 692 3756 mirum
729 3724 817 3774 quan·

274 3763 337 3813 dam
362 3769 546 3820 narrationem
575 3772 653 3825 addit
674 3778 814 3841 Etymolo-

272 3849 322 3897 gua
341 3850 358 3884 a
376 3841 470 3888 nostro
493 3838 552 3890 loco
569 3847 596 3891 et
618 3860 635 3895 a
648 3845 817 3912 Gephyraeis

273 3919 327 3952 non
350 3918 462 3967 prorsus
482 3908 616 3963 alienam:
643 3916 704 3972 τοῖς
725 3917 817 3968 Τανα-

275 3970 386 4036 γραίοις
407 3976 633 4039 penestrinensis
655 3983 817 4050 Ταναγρίας

273 4036 291 4106 ὴ
303 4037 441 4108 Δημήτηρ
456 4034 527 4107 ὄναρ
542 4054 664 4111 φανεῖσα
676 4046 817 4108 ἐκέλευσεν

272 4100 378 4171 αὐτοὺς
395 4109 590 4178 ἀκολουθῆσαι
606 4119 645 4186 τῷ
658 4127 815 4195 γιγνομένῳ

271 4170 332 4245 ἤχῳ
349 4179 395 4231 καλ
413 4170 501 4249 οὗπερ
519 4180 557 4236 ἄν
578 4189 735 4257 παύσηται,
758 4188 817 4247 ἐκεῖ

273 4241 356 4299 πόλιν
378 4252 479 4305 κτίσαι.
505 4255 552 4306 καλ
570 4254 709 4312 διώδευον
729 4256 814 4316 ἄκου’-

273 4332 351 4376 οννες
361 4314 461 4384 ψόφον
470 4320 518 4374 καλ
528 4324 737 4395 κυμβάλωννιαλ
747 4352 814 4400 τυμ-

271 4381 372 4439 πάνων
389 4386 437 4442 καλ
450 4394 633 4464 παυσαμένου
649 4399 714 4468 περὶ
729 4396 811 4457 'Arm

877 2275 921 2308 am
929 2275 946 2307 a
955 2260 1122 2326 Gephyraeis
1131 2266 1233 2317 cultam
1243 2285 1297 2319 non
1308 2272 1422 2323 multum

878 2328 987 2380 differre
997 2333 1078 2383 credo
1091 2334 1125 2383 ab
1135 2351 1167 2385 ea
1176 2336 1282 2401 Cerere,
1299 2357 1378 2406 quam
1393 2345 1421 2392 in

876 2398 1026 2451 Eleusiniis
1061 2402 1196 2455 coluerint
1229 2409 1421 2475 Athenienses,

877 2469 923 2518 sed
939 2470 973 2517 ad
991 2487 1051 2520 eam
1069 2489 1149 2538 qnam
1169 2477 1290 2540 proxime
1309 2482 1421 2533 accede-

876 2553 914 2588 re.
937 2539 1030 2605 Neque
1050 2557 1115 2594 vero
1134 2561 1196 2595 curu
1208 2547 1347 2602 Lobeckio
1358 2550 1377 2601 l.
1390 2552 1420 2617 l.,

876 2608 923 2672 qui
942 2611 1070 2662 etiamen
1084 2614 1222 2677 Hesychio
1241 2619 1323 2670 affert
1340 2621 1420 2673 Cero-

875 2693 946 2741 rem,
961 2675 1153 2746 ιμιεεἎχθεία
1173 2686 1247 2737 dieta
1266 2694 1308 2739 ert
1325 2705 1420 2753 pontr-

875 2744 940 2809 νιος,
950 2754 977 2798 et
990 2767 1136 2817 eam,quae
1146 2755 1246 2806 dicitur
1255 2747 1367 2823 Ἆχιρλς,
1376 2762 1419 2814 his

874 2819 1028 2870 nominibus
1044 2822 1167 2875 Cererem
1183 2826 1319 2879 infernam
1336 2832 1421 2897 sigui-

873 2886 947 2936 ficari
964 2890 1139 2957 crediderim,
1158 2896 1203 2945 cui
1215 2898 1327 2949 Feralia
1341 2901 1420 2952 insti-

875 2961 935 3006 tuta
950 2958 1065 3026 fuerint,
1081 2961 1129 3013 sed
1141 2965 1253 3016 Terram
1266 2970 1343 3020 deam
1364 2989 1419 3024 orn-

873 3026 947 3075 uium
967 3044 1054 3079 rerum
1078 3039 1217 3095 parentem
1244 3037 1298 3091 hic.
1312 3056 1419 3108 quoque

873 3094 988 3161 intelligi
1005 3098 1111 3159 malim3
1133 3105 1205 3154 conf.
1227 3107 1364 3161 Welcker.
1383 3114 1419 3164 ad

872 3165 1031 3218 Schwenclr.
1043 3186 1048 3219 ι
1062 3170 1213 3238 Mytholog.
1226 3177 1418 3248 Andautnngg.

871 3250 933 3298 pag.
945 3236 1012 3298 293,
1029 3240 1156 3291 Mueller:
1175 3245 1270 3296 Kleiue
1286 3249 1419 3319 deutsche

871 3302 982 3355 Schriit.
1002 3306 1040 3361 ΙΙ,
1056 3325 1082 3373 p.
1101 3311 1162 3374 293,
1191 3315 1323 3368 Creuner:
1340 3320 1418 3387 Sym·

872 3373 926 3423 bol.
942 3374 990 3426 IV.
1003 3392 1029 3439 p.
1044 3379 1095 3429 256
1108 3395 1166 3446 seq.
1184 3381 1245 3436 322.
1271 3387 1416 3442 Caeterum

871 3442 905 3491 ab
927 3443 978 3494 hac
996 3445 1093 3499 Cerere
1110 3449 1220 3505 Achaea
1240 3456 1417 3524 Gephyraeo-

870 3526 928 3561 rum
947 3514 1028 3581 longe
1048 3518 1186 3571 diversam
1204 3539 1266 3575 esse
1283 3543 1345 3579 eam
1366 3531 1416 3582 Ce-

869 3596 968 3646 rerem,
988 3600 1057 3649 quae
1071 3586 1240 3655 Παναχαιᾶς
1253 3603 1416 3661 cognomine

868 3652 996 3715 templum
1025 3655 1124 3708 habuit
1152 3661 1251 3728 Aegii,
1288 3666 1415 3721 ⁸foederis

866 3720 981 3772 Achaici
1006 3728 1085 3789 quasi
1112 3744 1224 3793 praeses
1254 3733 1323 3797 (vid.
1343 3740 1416 3792 Pan-

867 3805 926 3841 σεο.
945 3793 1013 3855 VII,
1036 3797 1084 3860 21,
1109 3800 1206 3852 20011.
1233 3803 1413 3862 Tittmanno:

868 3859 947 3910 Bund
968 3864 1015 3912 der
1030 3865 1224 3934 Amphiktyon.
1239 3889 1265 3936 p.
1282 3877 1331 3927 los
1354 3886 1412 3935 not.

868 3932 924 3995 22),
936 3934 1067 3984 neminem
1081 3938 1176 4004 utique
1189 3941 1270 4007 fugit.

1052 4106 1117 4162 Cia.
1138 4112 1226 4164 LXII.

902 4199 989 4255 δεῖδὲ
999 4235 1032 4244 -
1041 4199 1195 4279 ἀναλαβεῖν
1209 4209 1259 4265 τὸν
1270 4243 1300 4257 —
1311 4215 1411 4290 λόγον]

865 4273 982 4325 Verbum
997 4274 1207 4350 ἀναλαμβάνειν
1226 4286 1263 4351 (ia
1278 4296 1412 4345 siemundo

863 4346 961 4408 aliquid
972 4364 1105 4417 resumere,
1117 4356 1198 4406 denuo
1207 4361 1328 4421 excutere
1340 4369 1411 4425 prio-

863 4428 913 4463 rem
933 4421 1113 4488 narrationem)
1132 4424 1268 4481 illustravi
1288 4432 1325 4483 ad
1342 4433 1411 4486 Plu-
