3100 5175
280 297 343 361 ean
429 287 696 361 axounsus
717 300 745 358 v
782 300 848 360 un
870 297 1122 361 nunonor.
1147 298 1200 371 vr,
1222 306 1268 361 es.

281 474 381 527 suculas
397 472 566 526 Astrabecus
581 473 704 542 potnerit
713 471 868 525 Heraclidis
882 471 1023 525 accenseri
1037 477 1121 542 etque
1132 470 1231 524 sacello
1248 469 1411 538 coronisque

281 559 393 613 mactari
406 558 625 611 Lacedaemone:
641 563 669 610 et
683 557 752 610 idem
767 564 856 609 tamen
872 558 992 610 iocorum
1010 557 1248 626 cavillationisque
1271 572 1412 623 argumen-

281 653 337 697 tum
355 643 492 696 exhibere.
537 644 605 696 Nero
627 643 789 696 Demaratus
806 651 835 695 et
854 642 901 711 qui
923 644 957 695 ab
978 643 1098 695 asinario
1121 642 1229 693 nomiae
1249 640 1369 693 dicteria
1389 640 1414 690 in

282 746 343 782 eum
364 728 509 781 eliciebant
528 728 696 794 adversarii,
719 728 892 781 Persicorum
918 735 1007 781 aetate
1029 727 1160 781 bellorum
1186 728 1336 791 vixerunt;
1365 742 1415 796 que

281 823 404 883 tempore
418 813 529 866 licentia
544 814 701 883 optimatum
716 814 914 866 Laconicorum
935 831 1024 882 aeque
1039 830 1128 883 usque
1143 829 1253 882 quaque
1276 810 1417 878 religioni·

283 901 335 952 bus
350 899 482 968 pepercit.
533 898 588 951 Sed
608 905 696 952 temen
717 899 797 952 etiam
819 908 876 951 tum
898 897 995 969 patriis
1017 897 1199 965 religionibus
1225 896 1340 967 publice
1365 894 1417 965 pri·

282 984 420 1053 velimque
435 1000 505 1035 suus
520 984 664 1036 constabat
684 984 785 1051 honor,
812 1000 863 1035 sue
887 982 1030 1037 sanctitas.
1075 982 1173 1050 Arguit
1200 982 1244 1035 vel
1276 981 1419 1034 Astrsbsci

284 1071 394 1122 heroum
426 1068 533 1137 publice
559 1069 741 1139 privatimque
765 1068 907 1123 residuum
933 1068 1138 1121 Lacedaemone
1162 1067 1234 1139 (vid.
1260 1066 1373 1129 Herod.
1395 1076 1421 1117 et

284 1155 404 1207 Pansam.
422 1152 440 1204 l.
460 1152 523 1219 l.).“
536 1185 569 1194 -

369 1238 516 1307 Comparst
530 1238 592 1291 dein
610 1240 661 1292 Cr.
679 1237 784 1307 Hygini
800 1238 984 1291 narrationem
994 1237 1074 1290 Post.
1089 1244 1193 1289 astron.
1207 1254 1251 1307 ap.
1269 1239 1318 1292 23.
1336 1254 1365 1305 p.
1376 1239 1424 1291 473

285 1324 329 1377 ed.
344 1341 398 1376 rsa
419 1323 544 1390 Stasea,
572 1341 643 1394 quae
662 1340 742 1393 quem
761 1324 874 1376 maxime
894 1324 947 1376 hue
971 1322 1070 1376 referri
1087 1322 1191 1391 possit,
1214 1323 1254 1375 ita
1270 1330 1305 1375 ut
1320 1324 1424 1375 Βοιώ

283 1412 368 1481 prisco
382 1411 499 1477 adeoque
512 1411 601 1463 Sileno
611 1411 756 1463 simillimas
769 1411 865 1463 evadat
876 1411 943 1463 ideas
954 1408 999 1461 ille
1011 1412 1185 1467 Astrabacus3
1200 1424 1260 1461 cuna
1273 1407 1426 1477 utrobique

285 1495 450 1563 magicarum
461 1510 552 1547 rerum
567 1494 855 1563 daemoniacarumque
866 1494 1010 1547 manifesta
1025 1492 1153 1560 vestigia.
1176 1493 1236 1545 Nec
1248 1492 1424 1545 Astrabecus

286 1582 376 1634 minus
405 1582 486 1633 asello
513 1579 625 1632 iunctus
648 1581 820 1647 insaniaeque
843 1579 1005 1649 implicitus,
1032 1595 1112 1648 quam
1139 1578 1276 1630 Bacchus.
1326 1577 1428 1630 Neutri

286 1668 350 1719 item
365 1665 444 1716 deest
458 1664 624 1732 significatio
643 1675 784 1719 astrorum.
830 1663 1003 1732 cogitandus
1022 1670 1112 1716 autem
1136 1662 1162 1714 lr.
1183 1664 1202 1714 l.
1220 1671 1264 1715 est
1284 1662 1427 1714 Bacchus-

286 1750 397 1802 Silenus
416 1749 568 1818 priscarum
590 1750 752 1818 religionum
766 1749 984 1817 Pelasgicarum‚
1006 1765 1078 1818 quae
1100 1746 1172 1817 apud
1193 1747 1367 1800 Dodonaeas
1388 1747 1428 1799 in·

287 1834 381 1905 primis
396 1832 584 1887 invaluerunt.
628 1835 711 1897 Quod
733 1852 799 1888 vero
814 1834 887 1903 apud
901 1834 1042 1901 Hyginum
1062 1833 1079 1885 Ι.
1096 1834 1114 1885 l.
1131 1832 1254 1885 Bacchus
1280 1833 1365 1885 asino
1380 1830 1428 1897 illi,

288 1937 343 1990 quo
359 1920 451 1971 fueret
466 1926 577 1985 vectus,
594 1937 687 1972 vocem
702 1921 842 1972 humanam
862 1918 972 1972 dedisse
993 1918 1108 1984 dicitur,
1131 1917 1250 1969 Balaami
1271 1916 1374 1969 asinae
1389 1917 1427 1968 lo·
1512 1906 1513 1917 ¹

288 2004 399 2075 quentis
414 2003 484 2055 idem
499 2005 618 2057 meminit
639 2023 653 2057 e
670 2005 757 2058 sacris
772 2005 961 2057 Hebraeorum
981 2004 1110 2073 scriptis,
1124 2001 1231 2071 ullaque
1245 2002 1380 2072 disputat
1395 2001 1428 2053 ad

288 2089 359 2141 esini
375 2089 428 2141 vim
445 2097 472 2140 et
492 2096 655 2159 potestatem
674 2089 701 2141 in
723 2098 847 2143 ueterum
867 2089 1049 2157 religionibus
1071 2088 1290 2156 cognoscendam
1316 2095 1347 2140 et
1367 2105 1426 2157 per-

289 2173 455 2244 spiciendum
471 2174 621 2243 aptissima.
663 2174 726 2228 Nos
742 2175 794 2227 huc
816 2192 849 2227 ea
862 2183 968 2227 tantum
985 2174 1186 2239 adscribamus,
1202 2190 1273 2243 quae
1290 2173 1426 2225 disserte-

288 2259 373 2310 tionis
390 2260 469 2310 linem
485 2259 660 2312 constituunt
678 2263 716 2329 [p.
736 2257 903 2333 270]:„1am
924 2260 990 2312 illud
1003 2275 1222 2329 unumquemque
1237 2258 1379 2325 advertet,
1395 2259 1426 2308 al

289 2345 414 2398 Hebraeis
433 2360 486 2393 non
514 2343 604 2397 minus
632 2361 711 2413 quam
727 2362 742 2397 a
760 2347 868 2400 Graecia
893 2344 921 2396 in
947 2345 1064 2412 imagine
1079 2346 1147 2397 asini
1171 2351 1200 2396 et
1217 2344 1333 2397 minerii
1356 2343 1429 2414 genii

291 2430 357 2481 haec
375 2428 428 2479 duo
444 2426 566 2479 includi:
591 2430 705 2498 primum
730 2439 837 2502 agreste
852 2433 920 2484 vitae
932 2450 1020 2500 genua
1032 2432 1231 2497 solitariamque
1246 2449 1278 2482 ac
1292 2431 1427 2484 sdaestm

289 2514 389 2566 deinde
410 2514 543 2565 lasciviam
564 2520 646 2583 atque
667 2534 755 2569 rerum
778 2534 950 2569 venerearum
969 2517 1136 2585 cupidiatear.
1186 2515 1314 2576 Quarum
1336 2530 1426 2566 rernm

290 2599 357 2653 nibil
373 2599 452 2649 abest
474 2598 506 2649 ab
529 2601 667 2653 Astrabaes‘
688 2601 748 2654 sire
770 2601 862 2653 herois
885 2601 945 2653 sive
967 2601 1041 2669 genii
1064 2601 1165 2653 fabula.
1210 2601 1427 2668 aggregatura

290 2685 430 2737 Clemente
447 2683 489 2736 hic
503 2684 565 2753 ipse
578 2691 636 2746 τοῖς
650 2692 767 2753 μιαροῖς,
783 2686 802 2739 i.
815 2704 840 2738 e.
856 2686 980 2739 scelestis
995 2704 1027 2739 ac
1048 2687 1140 2740 saeris
1155 2685 1346 2738 daemonibus.
1390 2685 1426 2736 Et

290 2786 387 2839 reapse
403 2768 532 2837 adportet
546 2788 645 2823 saevas
660 2772 810 2839 religiones
824 2771 1002 2843 crudeliaque
1017 2789 1111 2841 secra,
1137 2770 1219 2824 ducte
1239 2771 1273 2822 ab
1297 2767 1425 2823 extremis

292 2854 348 2907 oris
364 2865 391 2906 et
404 2870 475 2923 quae
491 2854 658 2908 silvestrium
674 2856 809 2909 hominum
824 2874 855 2908 ac
864 2863 1004 2926 pastorum
1019 2874 1103 2908 sensa
1121 2874 1152 2908 ac
1165 2874 1255 2908 mores
1271 2854 1426 2907 luculenter

291 2948 418 3006 arguant.
471 2939 526 2991 Sed
548 2941 627 2993 etiarn
649 2942 700 2993 boc
719 2941 805 2993 altero
827 2959 901 2994 more
924 2942 1069 2994 asinariam
1094 2949 1218 2994 naturam
1239 2939 1363 2994 declarat
1382 2937 1425 2989 ille

289 3025 428 3077 Laconum
452 3024 567 3090 genius,
588 3027 661 3097 quod
684 3027 811 3079 venereis
831 3028 915 3079 rebus
936 3026 1081 3095 indulgere
1104 3034 1212 3079 etcum
1227 3026 1341 3079 muliere
1362 3041 1423 3075 con·
1512 3019 1513 3062 l

290 3108 416 3161 cumbere
431 3109 562 3160 dicitur.“

375 3194 471 3260 „Haec
487 3195 575 3246 omnia
590 3195 636 3247 nbi
651 3196 678 3246 ia
697 3213 780 3248 renum
796 3195 956 3265 collegeris,
980 3196 1111 3267 dispicias
1127 3214 1241 3249 necesse
1257 3203 1302 3247 est
1325 3195 1424 3266 prisca-
1512 3227 1513 3232 =

290 3295 348 3332 runs
370 3281 529 3348 religionum
543 3280 660 3333 indolem
677 3280 781 3334 scilicet
796 3299 902 3348 earum,
927 3298 1014 3352 quae,
1038 3291 1068 3334 ut
1090 3282 1122 3333 fit
1142 3282 1169 3333 in
1184 3281 1331 3351 pastoritio
1353 3279 1424 3330 vitae

290 3382 405 3432 genere,
429 3372 458 3416 et
473 3367 564 3419 ritibus
580 3369 703 3432 lrorrent,
730 3387 761 3419 ae
775 3369 851 3435 qruasi
864 3369 1004 3421 sarmentis
1025 3369 1163 3421 areauna
1184 3377 1209 3420 et
1229 3367 1308 3437 vagis
1324 3367 1423 3420 adita

289 3458 422 3516 terantur,
437 3461 461 3504 et
473 3453 620 3519 promiscue
633 3455 736 3520 lateque
751 3455 779 3505 in
792 3456 890 3524 vulgus
907 3462 1052 3522 grassante
1066 3454 1188 3507 cathinis
1199 3450 1423 3506 canturdantur.“
