3100 5175
254 413 317 477 362

688 408 952 475 HERODOTI

256 608 344 683 ρεῐος
365 593 490 681 ἐρξίης,
510 591 633 679 Ξέρξης
652 586 782 678 ἀρήϊος,
799 584 1011 676 Ἀρταξέρξης
1029 583 1132 670 μέγας
1152 575 1283 669 ἀρήϊος·
1312 575 1387 646 rori-

257 786 307 832 ant
330 778 411 844 plane
434 748 471 828 ex'
491 775 648 828 Herodotea
672 773 798 824 orations

166 859 169 865 '
256 851 391 900 eiicienda
411 864 472 899 esse
489 849 615 906 censeat,
634 850 683 894 aut
702 843 797 894 saltem

255 920 362 970 uncinis
380 919 416 968 ab
435 917 541 982 reliqna
563 915 687 965 oratione
707 930 799 978 segre-

255 991 356 1055 ganda.
395 989 486 1052 „Quis
511 987 582 1039 enim
604 983 659 1047 (its
673 983 796 1049 quaerit)

257 1064 340 1125 „post
358 1061 594 1109 commemoratum
612 1053 679 1104 illud
700 1069 797 1104 oracu-

257 1131 332 1193 „lum
347 1131 375 1179 in
388 1129 439 1177 line
452 1129 553 1191 eapitis
565 1123 736 1190 exspectabit
751 1140 797 1174 ex-

256 1199 449 1265 „plicstiouem
463 1213 554 1248 eornm
569 1195 717 1256 nominum,
732 1210 797 1258 quo-

257 1286 334 1332 „rum
352 1271 453 1334 mentio
473 1283 520 1332 per
533 1267 585 1316 hoc
599 1269 682 1328 caput
700 1268 742 1312 est
755 1263 797 1312 ia-

256 1343 326 1400 ,‚ta?
350 1341 453 1403 Neque,
469 1335 558 1398 credo,
575 1334 721 1399 explicatio
735 1334 797 1398 ipsa

258 1403 795 1472 „deviaepotestatehornmnorninnm,

257 1483 308 1542 „ut
318 1478 440 1527 omittam
451 1491 542 1527 eorurn
554 1476 726 1539 scripturam,
736 1473 799 1523 huic

245 1549 338 1611 ·„loco
350 1545 554 1597 accommodata
564 1549 613 1605 est,
624 1559 686 1593 cum
696 1541 798 1593 nullam

257 1620 305 1680 „in
324 1617 459 1683 prioribus
473 1616 564 1666 verbis
585 1615 674 1664 inesse
691 1613 797 1664 videam

256 1689 424 1749 ,‚rationem,
444 1702 498 1753 qus
513 1684 686 1742 Herodotus,
705 1688 735 1733 nt
752 1683 798 1733 hic

258 1756 362 1820 „talem
373 1757 581 1822 explicationem
593 1754 717 1816 adderet,
727 1769 798 1803 com·

203 1852 206 1860 ¹
257 1833 365 1891 „motus
382 1828 431 1887 sit;
455 1826 572 1890 deniqne
586 1825 664 1889 quis,
687 1839 797 1889 quaeso,

257 1894 799 1962 „sibipersuaserit,ablierodot0,Grae·

258 1983 309 2032 „co
319 1967 435 2029 homine,
448 1967 552 2017 nonita
565 1964 650 2015 multo
665 1965 798 2029 postPer-

258 2039 334 2099 „sica
344 2036 416 2087 bella
429 2039 553 2097 florente,
565 2036 632 2085 haec
644 2034 727 2084 verba
737 2048 799 2097 pro·

257 2107 349 2168 „iacta
367 2121 442 2157 esse:
471 2093 527 2155 eide
547 2094 583 2154 riv
609 2097 707 2166 ὀρθῶς
725 2093 798 2150 κατὰ

255 2173 402 2240 „virdunus
430 2168 482 2238 τὴν
508 2172 647 2237 σφετέρην
664 2160 798 2236 Ἕλίηνες

257 2242 418 2307 „auts‘orrv,
437 2261 507 2310 quae
519 2244 605 2308 magis
618 2242 798 2307 glossatorem

257 2315 409 2379 „sequioris
435 2314 536 2365 aetatis
554 2313 690 2372 redolent,
717 2327 797 2377 quam

257 2384 411 2446 „Herodoti
437 2386 558 2433 nativam
590 2382 797 2446 simplicitatem

256 2451 449 2514 „declarant.“
470 2453 612 2516 Adscripsi
624 2451 708 2510 haee,
726 2468 796 2515 quae

256 2522 342 2589 magis
360 2523 486 2586 speciosa
501 2537 581 2588 quam
594 2536 660 2572 vera
676 2521 740 2570 mihi
754 2536 797 2570 es·

256 2611 285 2645 se
310 2594 436 2644 videntur
460 2593 613 2658 reputanti,
640 2591 797 2642 huiusmodi

255 2663 453 2730 explicationes
472 2663 545 2713 haud
569 2678 632 2713 raro
660 2678 677 2710 a
695 2662 796 2712 Nostro

255 2737 420 2785 Graecorum
436 2733 465 2784 in
481 2749 558 2784 usum
572 2733 709 2783 scribente
721 2732 795 2791 addi,

256 2803 423 2854 commodam
444 2821 509 2855 vero
534 2804 706 2854 occasionem
730 2801 796 2853 talis

255 2873 446 2939 explicationis
457 2873 588 2924 obtulisse
603 2888 796 2923 commemora·

254 2946 356 2994 tionem
379 2945 475 2995 horum
499 2946 582 2995 trium
600 2958 693 3007 regum
712 2941 795 3007 paulo

255 3020 337 3064 antea
350 3016 464 3066 iactam.
488 3018 577 3078 Quare
589 3014 658 3064 sutis
670 3013 796 3063 idoneam

254 3099 366 3133 causam
384 3084 478 3134 horum
493 3085 636 3134 verborum
650 3082 796 3133 eiiciendo-

254 3170 311 3204 rnm
331 3155 454 3205 invenire
475 3170 529 3204 non
546 3168 664 3218 possum.
692 3151 797 3201 Adsen-

254 3224 323 3275 titur
342 3226 460 3274 Lassen:
488 3221 673 3288 Altpersisehe
692 3221 796 3271 Keilin-

254 3294 360 3343 schrift.
376 3309 438 3357 pag.
452 3295 495 3343 34.

289 3380 412 3439 Δαρεῖος
421 3368 528 3441 ἐρξίης]
541 3374 651 3427 Schaei.
660 3374 794 3424 etMatth.

254 3451 427 3498 retinuerunt
444 3451 564 3496 veterem
586 3444 729 3494 lectionem
752 3434 796 3505 ἕρ-

255 3514 346 3580 ξείης,
368 3517 444 3567 cuius
457 3516 517 3567 loco
535 3532 549 3566 e
565 3514 706 3564 Sancroiti
725 3513 794 3564 libro

255 3603 360 3651 unoque
373 3588 499 3636 Parisino
512 3584 650 3635 Gaisiord.
664 3584 741 3635 dedit
753 3574 795 3643 ἕρ-

254 3654 326 3719 ξιής,
338 3655 410 3720 quod
423 3656 494 3706 idem
505 3656 557 3704 iarn
571 3653 795 3718 placueratWes-

254 3726 368 3791 selingio
399 3726 499 3777 veteris
520 3726 619 3789 poiitae
640 3722 730 3774 locum
756 3723 794 3773 ei-

253 3797 325 3845 tanti
345 3796 417 3860 apud
435 3795 588 3861 Hephaest.
606 3794 746 3843 Euchirid.
766 3810 794 3856 p.

256 3866 301 3928 lil,
320 3867 366 3915 nbi
386 3854 475 3931 ἕρξίῃ.
514 3865 626 3914 Addunt
637 3862 792 3929 Etymolog.

253 3938 349 3990 Voss..
362 3937 409 3986 ubi
423 3927 518 3997 ἐρξίας
531 3923 546 3982 ὃ
561 3924 723 3996 πρακτικός.
751 3934 793 3982 De

251 4007 312 4072 ipso
331 4008 408 4057 Darii
427 4006 535 4056 nomine
560 4002 652 4070 plures
674 4004 795 4067 disputa·

252 4082 330 4137 runt,
352 4093 369 4126 a
386 4075 568 4139 Wesselingio
593 4080 621 4125 et
642 4073 792 4138 Schweigh.

253 4146 287 4196 ad
300 4146 327 4200 h.
341 4146 359 4196 l.
372 4148 460 4197 citati.
484 4146 558 4194 Inter
572 4160 638 4209 qnos
653 4145 708 4193 iam
722 4158 794 4193 surn-

251 4233 310 4267 mus
321 4216 341 4265 I.
354 4215 476 4280 Scaliger
486 4231 580 4265 vocem
591 4214 712 4273 Δαρεῖος
725 4214 793 4274 sive,

252 4292 283 4336 ut
296 4287 370 4349 apud
383 4285 503 4335 Ctesiam
516 4288 607 4334 exstat
620 4282 688 4347 (vid.
702 4283 792 4332 Perss.

252 4360 276 4417 ᾗ.
291 4356 324 4405 ι18
337 4355 404 4418 ibiq.
421 4352 513 4414 nott),
529 4354 693 4415 Aopsrorioc,
709 4367 793 4415 quarn

250 4423 407 4474 Herodotus
420 4439 437 4473 a
455 4425 640 4474 coercendam
657 4420 793 4484 premendo

253 4493 295 4557 (ut
307 4493 343 4545 sit
355 4496 495 4549 coercear,-
512 4492 584 4544 eoni.
602 4492 675 4541 sCr.
690 4491 792 4540 citatus

848 768 993 822 Ruhnken.
1006 766 1094 832 Epist.
1111 764 1171 813 crit.
1188 763 1225 812 ll.
1239 778 1264 827 p.
1284 763 1330 811 ist
1346 760 1388 812 ed.

849 838 897 889 alt.
918 857 943 904 p.
962 840 1011 890 195
1027 835 1068 886 ed.
1083 833 1171 898 Lips.)
1184 831 1313 893 deducit,
1326 832 1391 881 scri·

848 910 905 974 psit
918 912 1016 974 qim-1
1036 901 1211 971 (liurianses).
1246 903 1333 963 Quem
1350 918 1391 952 se·

848 998 906 1050 cuti
918 976 973 1046 alii
979 973 1141 1052 c'oli'rcentern,
1152 991 1337 1049 destinatorem,
1350 990 1391 1052 qui

848 1070 928 1119 omnio
946 1063 1081 1128 premendo
1104 1062 1153 1110 sibi
1175 1059 1287 1122 sadipct,
1311 1074 1392 1121 erpo·

849 1143 933 1200 nunt,
947 1135 995 1185 alii
1012 1133 1175 1196 prudentem,
1194 1129 1241 1178 alii
1256 1144 1339 1192 repent
1352 1128 1390 1175 in-

849 1208 985 1272 telligunt,
1003 1205 1039 1253 ad
1050 1201 1188 1252 Persicam
1202 1198 1324 1264 lingnam
1336 1214 1393 1246 orn·
1445 1203 1447 1208 '

848 1293 896 1328 nes
910 1277 1092 1341 provocantes
1106 1268 1222 1333 indeque
1236 1269 1312 1318 vocis
1333 1272 1391 1329 ety-

847 1363 912 1397 mon
930 1348 1092 1409 repetentes.
1123 1339 1184 1389 Vid.
1207 1339 1304 1388 Gesen.
1324 1339 1389 1387 Lex.

847 1416 931 1467 Hebr.
947 1416 969 1464 1.
985 1429 1011 1477 p.
1026 1411 1136 1464 201111.
1150 1424 1176 1473 p.
1193 1407 1269 1469 lass,
1285 1408 1389 1456 Winer.

847 1485 918 1538 Bibl.
934 1482 1082 1534 Resl-Lex.
1096 1481 1120 1533 I.
1139 1494 1165 1542 p.
1181 1477 1229 1527 iso
1243 1493 1300 1542 seq.
1328 1479 1391 1539 Qni-

847 1557 898 1608 bns
912 1554 989 1616 add,
1007 1567 1076 1616 quae
1089 1550 1121 1600 de
1135 1549 1212 1598 Darii
1228 1562 1296 1597 voce
1316 1546 1391 1595 aliis·

848 1642 900 1691 qne
913 1624 1043 1675 disseruit
1054 1617 1212 1670 Groteiend.
1229 1618 1257 1665 in
1272 1617 1389 1667 Heeren.

848 1697 932 1746 Ideen
945 1695 967 1753 l,
980 1695 1005 1741 2.
1021 1706 1082 1756 pag.
1097 1689 1146 1740 347
1161 1702 1253 1752 seqq,
1271 1702 1332 1736 cum
1345 1686 1392 1734 hu-

849 1767 890 1816 ius
917 1763 1002 1827 ipsIus
1028 1761 1101 1824 regis
1125 1772 1222 1808 nomen
1246 1756 1391 1820 aliquoties

847 1836 1000 1899 reperiatur
1019 1832 1046 1879 in
1064 1827 1187 1879 canentis
1204 1827 1392 1890 inscriptioni-

848 1906 899 1955 bus
915 1900 1129 1965 Persepolitanis
1147 1900 1230 1960 atque
1250 1898 1278 1946 in
1294 1896 1392 1945 inscri-

848 1976 941 2040 ptione
963 1986 1047 2035 nuper
1064 1969 1174 2018 detecta
1188 1969 1324 2016 Bisutuna
1346 1964 1391 2028 (ds
1450 1976 1457 1988 ·

849 2062 901 2110 qua
913 2044 967 2092 vid.
986 2046 1054 2091 nott.
1074 2039 1109 2089 ad
1122 2038 1181 2097 lll,
1195 2036 1257 2101 30),
1281 2035 1330 2085 ubi
1344 2051 1391 2084 no-

849 2130 909 2164 men
932 2114 1003 2177 regis
1027 2109 1106 2159 huius
1126 2115 1168 2157 cst
1189 2106 1344 2172 Daryuoaslr
1368 2123 1390 2154 s.

848 2180 1032 2246 Durapaoarlr:
1049 2179 1103 2230 vid.
1119 2175 1179 2226 Vol.
1192 2176 1229 2225 11.
1249 2191 1312 2240 pag.
1329 2175 1390 2224 6811.

848 2256 920 2316 Quin
933 2251 1006 2317 apud
1025 2247 1189 2299 recentiores
1205 2247 1305 2295 Persas
1319 2245 1390 2308 regis

849 2339 946 2373 nomen
967 2326 1009 2371 est
1024 2320 1098 2369 Dura
1118 2318 1177 2367 sive
1191 2315 1296 2365 naras:
1316 2314 1389 2364 ceni.

846 2392 989 2458 Lengerke
1003 2389 1038 2439 ad
1051 2385 1159 2439 Daniel.
1174 2401 1237 2450 pag.
1252 2387 1312 2434 229.
1327 2383 1387 2434 233.

847 2465 935 2528 Atque
944 2458 1121 2512 Groteiendio
1134 2456 1225 2504 iudice
1238 2461 1265 2504 et
1276 2457 1353 2504 Darii
1363 2459 1390 2516 et

849 2534 948 2584 Xersis
965 2544 1063 2580 nornen
1080 2527 1259 2591 compositum
1278 2525 1389 2574 videtur

847 2620 861 2654 e
882 2603 996 2654 vocibus
1014 2601 1086 2649 Dara
1105 2598 1140 2661 (i.
1156 2612 1179 2646 e.
1198 2595 1341 2658 dominns)
1362 2600 1389 2643 et

848 2672 965 2723 liherici
976 2668 1057 2733 (rex),
1072 2669 1111 2718 ita
1122 2673 1152 2717 ut
1160 2665 1317 2716 Herodotus
1329 2680 1390 2729 pro·

846 2743 976 2793 hebiliter
988 2745 1152 2805 postremam
1166 2740 1270 2786 tantum
1283 2743 1389 2799 partem

847 2816 989 2877 utriusque
1001 2808 1077 2858 vocis
1089 2806 1246 2869 reddiderit,
1257 2806 1391 2869 interpre-

847 2891 909 2932 tans
923 2872 1018 2944 ἐρξίης
1029 2867 1178 2941 etriprjt'oe,
1188 2875 1235 2925 ubi
1247 2874 1328 2927 simul
1341 2891 1389 2939 pro

848 2955 1012 3004 Graecorum
1032 2963 1106 2997 more
1129 2946 1164 2995 ad
1185 2961 1280 2995 sonum
1298 2946 1389 2993 Persi-

846 3038 939 3075 carum
952 3016 1164 3084 appellationum
1178 3015 1337 3080 respexerit,
1349 3014 1389 3063 in-

845 3108 925 3144 verso
941 3089 1063 3155 quamvis
1077 3086 1180 3136 ordine.
1205 3086 1330 3149 Namque
1346 3074 1388 3145 ἕρ·

847 3159 910 3228 ξίης
935 3160 969 3210 ab
994 3160 1053 3223 ipso
1078 3156 1224 3207 confictum
1248 3154 1389 3204 Herodoto

847 3249 896 3298 pro
915 3224 1010 3294 ὁεξίας
1027 3243 1049 3278 s.
1065 3219 1211 3289 πρηκτὴρ,
1231 3226 1251 3275 1.
1263 3239 1286 3273 e.
1307 3224 1390 3272 uols-

846 3295 937 3366 μικός.
960 3299 1062 3349 Contra
1073 3295 1192 3361 Hesych.
1206 3295 1229 3344 1.
1244 3309 1269 3358 p.
1283 3293 1336 3345 889
1350 3294 1390 3342 in-

844 3374 1013 3436 terpretatur
1027 3358 1185 3429 φρόνιμονς
1204 3363 1275 3429 quod
1286 3369 1388 3413 utrum-

846 3442 1010 3506 quercetum
1020 3452 1080 3487 esse
1089 3440 1181 3485 monet
1188 3432 1290 3484 Bohlen
1299 3433 1389 3499 (Com-

847 3515 930 3560 meut.
942 3509 975 3558 de
989 3509 1056 3571 orig.
1072 3506 1150 3569 Ling.
1167 3502 1277 3554 Zendic.
1294 3504 1389 3552 eSan-

847 3583 921 3631 serit.
939 3576 1100 3643 repetenda,
1119 3567 1295 3638 Regiomont.
1311 3572 1388 3622 1831.

845 3666 872 3715 p.
888 3647 944 3711 26),
957 3663 1018 3697 cum
1031 3646 1143 3695 Persica
1154 3659 1261 3709 qnoque
1272 3658 1326 3693 vox
1340 3642 1388 3705 (te-

845 3737 914 3780 nere,
928 3733 1017 3769 sensas
1029 3712 1157 3777 coercere)
1170 3719 1314 3777 utramque
1326 3727 1389 3761 con-

846 3791 936 3840 tineat
943 3786 1183 3852 significationem
1193 3783 1264 3832 unde
1274 3783 1388 3837 iactum.

845 3865 877 3909 ut
886 3858 928 3909 vel
938 3858 1132 3920 Neopersicum
1145 3855 1217 3918 regis
1230 3868 1327 3902 nomen
1339 3868 1388 3916 pro

844 3931 900 3979 Deo
921 3928 1025 3978 Domino
1060 3930 1222 3989 usurpatum
1251 3928 1387 3972 occurrat.

845 3999 898 4061 Qui
923 4002 986 4062 post
1006 3996 1141 4045 detectam
1159 3994 1323 4044 Bisutnnsm
1349 3992 1390 4040 in-

844 4068 1022 4131 scriptionem
1035 4067 1062 4113 in
1078 4064 1130 4114 hac
1143 4079 1210 4113 voce
1225 4060 1388 4126 explicanda

844 4139 947 4187 versati
959 4140 1030 4197 sunt,
1044 4133 1202 4183 Rawlinson
1217 4131 1345 4193 (Journal
1359 4130 1390 4180 of

844 4207 890 4258 the
905 4206 1010 4257 Asiane
1024 4205 1130 4265 society
1145 4203 1200 4265 XI,
1216 4203 1239 4251 1.
1261 4216 1323 4265 pag.
1340 4200 1387 4250 las
1474 4218 1477 4223 ⁴
1524 4196 1525 4199 ’

845 4276 914 4342 seq.)
935 4281 963 4325 et
976 4275 1080 4339 Oppert
1097 4271 1224 4336 (Journal
1240 4270 1387 4333 Asiatique

844 4348 901 4397 Ser.
910 4346 955 4395 lV.
971 4346 1048 4394 Tem.
1058 4343 1146 4393 XVII.
1162 4357 1224 4406 pag.
1235 4340 1310 4403 261),
1323 4355 1387 4390 eon-

844 4417 982 4475 sentiunt,
1003 4413 1137 4464 declarari
1159 4412 1210 4461 hac
1233 4425 1302 4459 voce
1322 4424 1385 4473 eum,

843 4488 886 4551 qni
896 4493 962 4536 tenet
973 4500 994 4534 s.
1004 4483 1126 4547 possiden
1142 4496 1229 4546 neque
1239 4478 1386 4529 admodum
