3100 5175
298 423 361 486 626
734 425 1003 488 HERODOTI

300 603 487 688 φέρουσαν,
522 598 715 688 ἐπεθύμησε
742 599 876 679 πλώσας
896 600 1088 688 θεήσασθαι
1117 596 1179 688 τὴν
1206 598 1353 690 ἐκβολὴν
1380 607 1440 671 τοῦ

242 705 248 720 ’
299 708 466 790 Πηνειοῦ,
487 699 535 772 ὅτι
549 703 611 792 τὴν
624 700 695 772 ἅνω
709 700 790 774 ὁδόν
810 710 927 791 ἔμελλε
943 707 1024 773 ἐλᾶν
1041 701 1097 772 διὰ
1113 705 1345 788 Μακεδόνων,
1370 711 1439 774 τῶν

299 806 493 894 κατύπερθε
521 809 725 895 οἰκημένων,
753 811 787 887 ἐς
807 804 1020 895 Περραιβοὺς
1047 806 1137 896 παρὰ
1158 808 1289 877 Γόννον
1319 808 1436 877 πόλιν·

299 909 404 999 ταύτῃ
418 908 482 997 γὰρ
500 907 751 998 ἀσφαλέστατον
766 912 978 980 ἐπυνθάνετο
994 908 1091 979 εἶναι.
1120 906 1165 991 ὦς
1179 912 1216 980 δὲ
1231 911 1438 999 ἐπεθύμησε,

300 1013 357 1083 καὶ
371 1016 481 1084 ἐποίεε
495 1019 609 1083 ταῦτα.
640 1011 738 1102 ἐσβὰς
753 1017 786 1094 ἐς
800 1021 974 1103 Σιδωνίην
987 1017 1063 1099 νέα,
1082 1017 1116 1093 ἐς
1129 1014 1189 1103 τήν
1203 1040 1266 1102 περ
1283 1018 1439 1103 ἐσέβαινε
1532 1105 1533 1110 ¹

300 1212 414 1273 vallem;
424 1229 472 1279 per
481 1213 575 1264 fauces
584 1212 752 1279 enimsquac
760 1213 843 1265 'l'bes-
892 1215 1010 1265 Leukio:
1027 1213 1141 1264 'l‘rarels
1150 1214 1179 1263 in
1188 1214 1327 1266 Northern
1336 1215 1439 1267 Greece
1532 1183 1533 1236 l

220 1323 226 1336 .
302 1282 406 1334 salicae
426 1284 529 1333 exitum
553 1289 729 1347 repererunt,
752 1289 781 1333 et
795 1299 843 1348 per
893 1281 1054 1349 111.p.332
1071 1299 1147 1349 seqq.
1164 1285 1224 1335 340.

301 1353 409 1402 easdem
419 1352 512 1403 lauces
525 1353 553 1401 in
564 1352 724 1403 Thessaliae
736 1359 842 1404 tractus
927 1348 1005 1415 nupsi
1023 1345 1137 1402 Γόννον
1152 1346 1247 1417 πόλιν]
1274 1352 1355 1403 (loni.
1377 1354 1438 1414 Vll,

301 1422 444 1472 interiores
457 1421 598 1487 pervenire
610 1422 769 1488 licet,quss
780 1438 843 1473 con·
897 1423 954 1473 173.
988 1423 1089 1472 Gonnus
1113 1423 1177 1472 urbs
1205 1424 1275 1487 (sive
1295 1423 1392 1486 Gonni)
1411 1426 1438 1473 in

300 1491 845 1558 templsnsXerxesexitumquel'enei‚an·
894 1493 955 1557 ipso
969 1492 1105 1552 saucium,
1131 1508 1199 1557 quac
1217 1494 1322 1558 Tempe
1337 1509 1438 1543 vocan-

301 1562 490 1627 gustissimum
503 1560 578 1610 illum
598 1563 703 1627 quidem
716 1569 743 1612 et
756 1563 844 1612 utrin-
894 1567 954 1625 tur,
979 1565 1093 1612 introitu
1112 1564 1168 1611 sita
1188 1562 1307 1628 indeque
1329 1571 1438 1627 postero

303 1647 355 1697 que
365 1632 439 1682 saxis
451 1631 515 1681 altis
530 1630 673 1693 inclusum,
687 1631 842 1696 adspiciens
894 1647 977 1690 sevo,
999 1631 1046 1680 nbi
1071 1632 1191 1682 crebrius
1219 1639 1388 1682 memoretur
1411 1635 1438 1682 in

301 1702 418 1751 maxima
429 1701 610 1752 admiratione
618 1702 747 1766 abreptus
758 1702 843 1752 luisse
893 1701 972 1751 bellis
993 1701 1172 1752 Macedonum
1191 1708 1275 1767 atque
1299 1703 1438 1751 Romano-

301 1771 360 1820 inre
378 1771 480 1821 dicitur
498 1786 515 1820 a
529 1770 644 1820 Nostro:
663 1761 694 1818 ἐν
709 1767 842 1834 suspen
893 1786 968 1834 rurn,
986 1771 1054 1820 beno
1074 1773 1176 1821 munita
1189 1772 1257 1821 duit.
1282 1773 1346 1822 vid.
1360 1773 1438 1822 ldan-

301 1834 410 1907 pepu'lsp
434 1830 570 1903 ἐνέσχετο.
611 1840 689 1902 Quod
711 1840 782 1890 idem
801 1838 843 1904 (ut
894 1846 963 1890 nert,
987 1841 1049 1890 vl1.
1074 1856 1136 1905 pag.
1149 1841 1215 1902 558,
1233 1840 1369 1906 Forbiger
1384 1840 1403 1890 1.
1419 1841 1437 1891 l.

302 1908 335 1959 de
342 1909 453 1960 Glarkio
463 1908 583 1974 aliisque
591 1915 706 1972 taceam,
716 1911 763 1974 qui
773 1909 842 1966 haec
893 1926 957 1975 pag.
969 1910 1020 1961 885
1033 1916 1060 1959 et
1075 1912 1180 1975 Krieglr
1191 1911 1210 1959 l.
1223 1912 1242 1961 1.
1257 1912 1376 1975 ροςβθ,
1391 1913 1437 1976 qni

301 1978 363 2029 loca
369 1980 423 2045 ipsi
432 1978 597 2044 inviserant)
607 1980 684 2028 nobis
695 1980 844 2046 contigisse
893 1980 1265 2043 veterumsoriptorumlocos
1273 1980 1437 2032 attulerunt.

302 2048 496 2109 fatemur,cum
509 2049 537 2098 in
549 2048 768 2112 splendidissimo
780 2064 845 2114 ope·
893 2050 988 2112 Nune,
1008 2049 1055 2100 ubi
1074 2049 1167 2101 lauces
1185 2051 1337 2115 incipiunt,
1363 2050 1437 2099 Baba

301 2117 843 2183 reLib.Bnron.deStulrelberg.(LsGrd-

303 2204 342 2238 ce.
357 2190 429 2239 Vuae
437 2190 619 2252 pistoresques
630 2193 658 2237 et
668 2188 844 2253 topographi·

892 2120 971 2168 vicus
982 2120 1017 2169 sd
1029 2121 1130 2168 r'ectam
1140 2120 1224 2171 Penei
1233 2122 1323 2184 ripam
1334 2125 1436 2181 exstat,

893 2203 972 2253 quem
985 2204 1033 2253 pro
1044 2194 1164 2239 veterum
1174 2189 1271 2239 Gonno
1283 2188 1381 2241 haberi
1390 2206 1435 2240 ro-

304 2272 379 2321 ques.
394 2257 474 2306 Poris
493 2254 629 2321 1831f01.)
646 2259 842 2323 inspiceremus

303 2324 413 2375 tubulas
423 2325 509 2388 lapidi
521 2326 632 2388 incisos,
647 2327 782 2392 inquibus
793 2327 844 2377 Pe·

303 2395 346 2444 nei
364 2394 441 2443 fluvii
465 2407 574 2455 cursus,
598 2397 712 2461 ipsaque
729 2398 842 2460 Tempe,

304 2461 432 2527 oppidum
445 2461 557 2512 Gonnus
570 2477 592 2512 s.
605 2465 696 2527 Baba,
710 2464 782 2517 aliae
795 2467 845 2516 hu-

301 2531 344 2581 ius
360 2533 479 2597 regionis
498 2537 605 2597 partes,
628 2533 843 2586 luculentissime

302 2603 338 2653 ad
348 2601 485 2653 oculorum
499 2618 606 2653 sensum
617 2604 753 2656 exhibitae
769 2613 844 2657 sunt.

299 2740 302 2745 <
336 2693 381 2754 ὅτι
397 2697 450 2767 τὴν
462 2695 521 2755 ἅνω
536 2697 608 2756 ὁδὸν
621 2699 712 2771 ἔμελλε
727 2699 803 2775 ἐλᾶν]
824 2702 843 2774 ἡ

301 2764 361 2824 ἅνω
371 2766 440 2832 ὁδός
451 2775 564 2840 dicitur,
579 2792 648 2843 quse
658 2794 706 2843 per
718 2780 844 2830 mediter·

301 2860 385 2895 renea
394 2845 484 2909 ducit,
496 2861 582 2928 eoque
594 2854 734 2911 montosa,
749 2850 773 2899 si
784 2850 843 2914 qui-

302 2914 363 2965 dem
377 2905 480 2978 ἡκοὶτω
490 2907 561 2975 (idon
571 2933 603 2968 ea
615 2922 666 2981 est,
680 2933 751 2984 quae
764 2919 841 2969 iuxta

301 3000 376 3035 mare
390 2984 474 3037 ducit.

337 3077 365 3144 ἐς
376 3082 565 3154 Περραιβοὺς]
579 3091 672 3141 Minus
684 3097 772 3153 recle,
786 3090 842 3154 ple-

301 3158 394 3222 risque
402 3157 477 3208 libris
486 3152 768 3225 invitis,llepou{ior'r3,
781 3176 840 3210 curn

301 3227 402 3290 duplici
415 3229 431 3290 ῤ
442 3227 512 3278 haec
522 3243 575 3278 vox
589 3229 734 3280 scribenda
747 3232 798 3291 sit,
811 3236 842 3280 ut

301 3301 375 3346 recte
392 3303 484 3347 monet
501 3297 616 3350 Bredov.
637 3314 699 3364 pag.
719 3298 762 3348 97.
798 3300 841 3350 De

216 3384 219 3388 ·
301 3380 356 3429 qun
366 3365 442 3414 vocis
453 3368 504 3415 seri
508 3373 588 3429 ptura
598 3369 839 3431 praeterEustath.

301 3433 336 3481 ad
349 3433 427 3485 iliud.
439 3450 501 3498 pag.
510 3434 560 3485 335
573 3452 595 3486 s.
608 3438 668 3499 254,
684 3437 714 3489 10
727 3444 842 3501 egerunt

301 3502 463 3565 interpretes
479 3503 631 3569 Thucydid.
649 3507 703 3569 1v,
721 3507 768 3563 78;
788 3508 837 3561 cfr.

300 3570 415 3622 Diodor.
429 3573 483 3636 xl,
496 3574 512 3623 3
526 3580 553 3624 et
565 3575 787 3626 aFriedemanno
800 3579 837 3627 ci-

300 3642 354 3690 tati
369 3642 404 3691 ad
418 3641 545 3692 Strobon.
563 3644 724 3698 Commentt.
736 3644 759 3693 1.
773 3662 837 3711 pag.

892 2256 1435 2322 lunthlpole(apudllandonconrtl.l.

893 2342 957 2392 pag.
971 2326 1023 2378 300
1034 2342 1104 2391 seq.‚
1124 2328 1171 2378 ubi
1188 2327 1267 2392 plura
1279 2328 1313 2379 de
1328 2328 1380 2379 hac
1397 2344 1437 2378 re·

892 2397 973 2462 gioue
985 2395 1148 2461 afferuntur)
1165 2403 1192 2447 et
1204 2397 1341 2448 Han-icius
1355 2399 1435 2460 (ibid.

893 2482 920 2531 p.
929 2465 989 2517 ³12.
1001 2465 1143 2531 343seq.);
1158 2466 1341 2518 dissentiente
1350 2470 1437 2519 Pouc-

894 2534 1021 2600 quevillio
1028 2535 1063 2601 (1,
1077 2539 1102 2586 ⁶2.
1116 2551 1178 2601 cnp.
1196 2537 1239 2588 70.
1255 2553 1281 2603 p.
1291 2537 1373 2602 400),
1388 2538 1436 2604 qui

894 2608 1004 2657 Gonnum
1016 2622 1047 2656 eo
1065 2605 1126 2656 loco
1139 2605 1225 2657 fuisse
1238 2611 1355 2669 metuit,
1382 2624 1435 2673 qno

893 2690 964 2725 nunc
972 2675 1023 2725 Oro
1031 2676 1137 2726 Cestros
1149 2677 1300 2727 castellum.
1311 2678 1354 2727 lbi
1364 2681 1437 2728 enirn

892 2745 939 2794 via
954 2744 1092 2795 artissima
1108 2746 1221 2810 rupibus
1234 2749 1365 2811 utrinque
1381 2749 1438 2797 cin·

894 2819 952 2871 cta,
971 2813 1069 2880 quibus
1088 2816 1152 2865 olim
1173 2831 1223 2866 arx
1245 2822 1436 2882 superstructa

891 2885 960 2944 fuit,
987 2885 1066 2935 culus
1092 2886 1200 2936 moenie
1223 2887 1316 2937 adbuc
1343 2903 1440 2952 snper·

891 2958 965 3004 sunt.
1004 2956 1107 3005 Nomen
1125 2956 1214 3017 arcis,
1239 2963 1271 3005 ut
1289 2957 1361 3019 dixi,
1384 2956 1437 3006 Oro

892 3024 1015 3086 Cestros,
1034 3024 1054 3074 i.
1068 3040 1092 3074 e.
1109 3039 1158 3075 arx
1178 3031 1325 3089 montana,
1353 3028 1437 3091 Berp-

891 3093 996 3143 sclrlorr.
1022 3093 1113 3159 Atque
1131 3094 1252 3145 locorum
1272 3097 1435 3147 distantism

891 3178 1042 3228 congruere
1054 3163 1124 3213 idem
1139 3165 1277 3215 observat.
1302 3166 1356 3228 Qui
1369 3182 1435 3216 sero

890 3233 1436 3298 attentiusetlriviifflllvl,10.XLll‚

889 3301 933 3352 07.
948 3303 1044 3362 XLIV,
1058 3302 1087 3367 0)
1099 3309 1127 3353 et
1139 3303 1248 3369 Polybii
1260 3305 1379 3367 (XVIII,
1392 3307 1435 3371 10)

889 3376 917 3421 et
937 3371 1081 3422 Strabonis
1097 3371 1158 3437 (111.
1178 3389 1205 3438 p.
1217 3373 1282 3439 440)
1302 3374 1379 3425 locos
1396 3376 1435 3425 in·

889 3443 1020 3505 spuerit,
1031 3440 1103 3493 unde
1114 3443 1207 3493 urbem
1220 3445 1255 3494 ad
1263 3444 1378 3510 Olympi
1391 3461 1435 3495 rs·

889 3511 979 3573 dices,
994 3511 1112 3577 indeque
1126 3513 1154 3562 in
1170 3512 1259 3565 altera
1273 3515 1359 3566 Penei
1374 3516 1435 3580 rips

888 3580 969 3630 sitam
987 3596 1048 3632 csse
1063 3589 1193 3646 apparet,
1211 3585 1236 3634 ei
1253 3583 1368 3634 dubium
1387 3586 1433 3634 vix

889 3651 956 3712 erit,
969 3655 1065 3701 neutro
1077 3650 1139 3702 loco
1153 3652 1234 3702 sitnm
1247 3653 1326 3705 urbis
1339 3655 1435 3720 quaeri

300 3711 360 3764 430.
399 3710 483 3762 Sedes
504 3716 610 3778 gentis,
628 3730 698 3780 qune
717 3714 781 3766 olim
803 3717 837 3766 ad
887 3734 985 3784 posse,
1012 3735 1083 3785 quae
1104 3722 1195 3785 potius
1223 3722 1259 3772 ad
1280 3721 1392 3776 laenam
1412 3742 1434 3773 a.

299 3781 419 3830 Peneum
453 3781 646 3849 Larissamque
683 3784 837 3851 habitabat,
887 3789 1129 3854 septentrionalem
1142 3791 1227 3841 Penei
1243 3792 1332 3857 ripam
1353 3810 1437 3859 quae·

301 3853 398 3913 postes
408 3852 536 3913 megisnd
549 3855 763 3917 septentrionem
771 3870 837 3905 con-
888 3859 973 3909 reuda
992 3864 1035 3908 est
1050 3859 1122 3910 hund
1136 3860 1230 3924 procul
1243 3876 1260 3911 a
1271 3864 1335 3913 vieo
1347 3864 1437 3925 Baba,

299 3933 380 3968 versa
399 3925 473 3980 eret,
491 3924 660 3985 quaerendae
678 3928 742 3974 sunt
761 3926 839 3975 eain
889 3929 936 3978 ubi
948 3927 1037 3979 adhue
1053 3929 1124 3980 inter
1141 3930 1217 3980 vicos
1230 3931 1321 3982 βινεῖν·
1333 3939 1360 3983 et
1379 3934 1437 3982 Bn-

300 3985 459 4038 Tbessuliae
470 3995 555 4053 parte,
571 4007 640 4056 quac
650 3994 837 4045 Macedoniam
888 3998 1205 4063 lomutruinaequaednm
1214 4003 1438 4066 conspiciuntur.

298 4057 510 4122 septentrionem
522 4075 614 4110 versus
626 4063 661 4112 nd
673 4062 838 4114 Cambunios
888 4069 996 4117 Monuit
1010 4068 1113 4132 Kriegk
1125 4069 1143 4121 l.
1158 4068 1177 4119 1.
1190 4084 1250 4134 pag.
1263 4070 1298 4120 68
1313 4073 1437 4122 et-tabu·

298 4132 404 4177 montes
419 4132 447 4177 et
457 4127 661 4180 Haliacmonem
671 4132 781 4182 fluvium
797 4138 838 4183 at·
888 4135 916 4185 lu
933 4137 1042 4197 addite,
1063 4140 1091 4187 in
1107 4153 1162 4202 qun
1178 4137 1248 4190 haee
1270 4143 1347 4206 regio
1365 4141 1438 4193 dcli·

298 4195 430 4259 tingebnt.
465 4197 651 4251 Nuncterrae
670 4215 767 4252 nomen
786 4204 837 4253 Za·
888 4206 1316 4270 nentaexbibetur‚illustrarit.
1343 4213 1438 4278 Atque

296 4268 362 4329 pori.
392 4265 453 4314 Vid.
468 4265 594 4317 strubon.
615 4269 662 4319 ix.
678 4273 771 4333 pisti.
785 4272 836 4324 074
887 4277 1026 4326 consentit
1039 4276 1170 4328 Mdzidres
1189 4277 1207 4327 l.
1222 4294 1307 4343 supra
1328 4279 1347 4330 l.
1367 4298 1438 4347 pag.

299 4349 386 4398 seq.s.
398 4350 424 4398 p.
432 4333 548 4401 rttseq.
563 4339 683 4391 442οοΙΙ.
692 4341 836 4392 Mannerto
887 4344 935 4396 261
955 4360 1011 4411 seq.

297 4404 360 4453 Vll.
372 4405 466 4467 pose.
475 4405 536 4469 562,
550 4406 713 4470 Forbigero:
726 4410 836 4461 Handb.
921 4405 1004 4479 ἐσβὰς
1017 4405 1045 4471 ἐς
1055 4413 1203 4480 Σιδωνίην
1219 4414 1282 4481 νέα]
1298 4419 1438 4470 Voculam

297 4471 344 4523 der
369 4472 417 4522 sit.
440 4474 593 4540 Geograplr.
617 4478 669 4529 111.
693 4494 755 4544 pag.
774 4482 836 4543 883,
887 4473 916 4529 δ’
934 4489 999 4535 ante
1014 4476 1042 4544 ἐς
1057 4502 1090 4536 ex
1103 4502 1157 4538 nno
1169 4488 1315 4539 Sancrot'ti
1331 4488 1406 4540 libro
1420 4505 1441 4540 a
