3100 5175
524 415 704 479 ΕΒΑΤΟ.
728 414 782 477 Vl.
810 426 868 480 ινε.
889 422 947 480 ινσ.

1242 410 1304 474 403

167 602 224 684 τῆς
246 599 395 683 κεφαλῆς
415 594 580 675 διαπάσας
597 600 658 663 τοῦ
677 593 849 683 ψήγματος
875 595 931 662 καλ
957 590 1039 663 ἀλλο
1067 592 1182 681 λαβών
1207 595 1241 673 ἐς
1266 591 1304 662 τό

166 698 270 788 στόμα
292 699 377 787 ἐξήιε
396 702 433 768 ἐκ
451 704 512 767 τοῦ
531 704 726 787 θησαυροῦ,
754 702 865 768 ἕλκων
883 698 946 786 μὲν
967 697 1062 786 μόγις
1081 695 1159 776 τούς
1179 696 1302 783 κοθόρ·

166 830 264 886 νους,
280 805 379 871 παντὶ
395 805 435 871 δέ
446 829 510 895 τεῳ
525 801 624 882 οἰκός
637 809 765 891 μαλλον
780 797 799 890 ἢ
814 799 1002 894 ἀνθρώπῳ·
1026 807 1086 870 τοῦ
1100 801 1137 871 τό
1149 828 1185 869 τε
1198 801 1303 888 στόμα

167 908 326 994 ἐβέβυστο
349 909 404 974 καλ
420 906 529 975 πάντα
548 906 729 993 ἐξώγκωτο.
764 905 879 975 ἰδόντα
898 905 934 974 δὲ
956 902 1015 973 τόν
1028 913 1175 994 Κροῖσον
1197 908 1303 991 γε’λως

166 1013 305 1097 ἐσῆλθε·
331 1017 389 1078 καί
401 1014 436 1078 oi
448 1009 556 1078 πάντα
569 1038 604 1077 τε
616 1012 728 1079 ἐκεῖνα
744 1014 850 1096 διδοῖ,
867 1011 922 1078 καὶ
937 1005 1019 1095 πρὸς
1029 1011 1126 1098 ἕτερα
1140 1011 1301 1098 δωρέεται

165 1110 227 1181 οὐκ
262 1112 391 1182 ἐλάσσω
418 1116 568 1183 ἐκείνων.
616 1110 714 1182 Οὕτω
744 1113 807 1201 μέν
841 1111 1022 1200 ἐπλούτησε
1051 1108 1071 1201 ἡ
1100 1118 1188 1200 οἰκίη
1215 1108 1300 1199 αὕτη

164 1216 332 1304 μεγάλως·
377 1218 434 1285 καλ
461 1213 477 1285 ό
509 1214 697 1305 Ἀλκμαίων
722 1209 819 1295 οὗτος
846 1213 934 1284 οὕτω
961 1215 1299 1304 τεθριπποτροφήσας

158 1318 368 1409 Ὀλυμπιάδα
394 1316 594 1410 ἀναιρέεται.
642 1319 740 1389 Μετὰ
766 1320 821 1406 dl,
855 1325 957 1408 γενεῇ
984 1322 1125 1408 δευτέρῃ
1145 1315 1367 1407 detruncati}
1415 1405 1417 1408 v

163 1482 283 1548 accipio:
297 1483 648 1548 condromentieconepereci.
663 1484 705 1533 De

161 1553 245 1604 verbo
258 1547 407 1604 διαπάσσω
418 1556 472 1607 vid.
485 1555 571 1605 alluta
584 1556 612 1603 in
621 1553 703 1603 Thes.

161 1624 241 1688 Ling.
256 1625 353 1675 Graec.
367 1626 419 1675 111.
430 1641 491 1691 pag.
506 1625 572 1676 1263
585 1624 626 1674 ed.
638 1624 705 1672 Din-

162 1692 231 1744 dorf.
267 1694 356 1744 Verbo
375 1712 449 1762 seqq.
465 1691 513 1743 καὶ
526 1685 593 1743 ἀλλο
611 1686 706 1758 λαβὼν

160 1778 187 1814 κ,
202 1778 226 1812 τ.
239 1762 265 1811 λ.
282 1765 353 1814 citat
368 1766 462 1816 Tzetz.
478 1764 547 1815 Chii.
562 1764 583 1827 1,
599 1764 640 1814 10.

201 1830 309 1882 τοῦτό
336 1847 365 1883 τε
389 1828 478 1899 στόμα
498 1826 627 1900 ἐβέβυστο
655 1827 702 1880 καλ

161 1896 255 1952 πάντα
265 1894 421 1970 ἐξώγκωτο]
441 1905 460 1955 i.
474 1921 497 1954 e.
511 1907 581 1954 οαίιιι
594 1917 622 1952 οε
633 1902 703 1951 obtu-

160 1981 242 2023 ratum
254 1989 277 2023 s.
290 1974 412 2036 imptetron
426 1982 483 2024 ενοι
491 1978 619 2037 omniaque
632 1979 705 2022 oront

159 2044 263 2107 turpido
288 2039 321 2106 (s.
343 2044 457 2108 ipseque
479 2044 599 2108 undique
619 2044 704 2106 turgi-

161 2111 233 2177 dus).
264 2113 381 2163 Verbum
398 2108 492 2179 βόειν,
513 2114 546 2162 de
565 2128 617 2177 quo
636 2113 705 2174 Ety-

160 2182 223 2234 mol.
233 2198 260 2246 p.
270 2181 329 2244 051,
338 2183 381 2243 51,
392 2183 465 2247 apud
473 2184 582 2233 Homer.
593 2181 644 2232 Od.
654 2182 702 2242 lv,

164 2254 222 2304 124.
236 2252 374 2315 Aristoph.
388 2252 520 2304 Achnto.
537 2249 700 2315 Thesmoph.

158 2324 220 2372 474.
238 2321 312 2374 Plut.
331 2323 382 2373 ott]
400 2323 472 2385 (ubiz
492 2315 523 2371 τό
542 2313 621 2386 στόμ’
641 2310 701 2367 ἐπι-

159 2383 270 2457 βύσας).
287 2392 403 2440 Verbum
413 2389 601 2455 ἐξογκοόσθαι
614 2395 703 2440 trans·

159 2460 217 2510 lata
232 2461 344 2511 notione
359 2462 553 2522 iuveniturVI,
565 2462 624 2512 120.
649 2461 702 2510 Re-

158 2521 701 2596 vocerivulgntsmlectionemlfim'ynm-

158 2615 204 2661 το,
221 2617 302 2666 quem
314 2618 328 2651 e
338 2603 477 2653 Seueroiti
487 2603 554 2652 libro
566 2600 701 2665 Schweig-

158 2670 288 2733 haeuser,
306 2671 445 2724 Gaisford.
468 2678 495 2722 et
515 2670 623 2722 Belrlrer
643 2685 701 2719 mu·

158 2746 287 2792 taverunt
296 2742 324 2791 iu
333 2733 481 2808 ἐξόγκωτο,
490 2742 555 2792 licet
566 2756 627 2791 mox
638 2755 699 2804 cup.

162 2812 210 2863 126
227 2811 384 2861 invenietur
400 2803 593 2874 ἐξωγκωμένοι
613 2812 699 2860 omni-

158 2880 209 2931 bus
226 2881 254 2930 in
273 2881 350 2932 libris
365 2883 490 2946 scriptis3
509 2882 566 2932 vid.
582 2879 698 2930 Bredov.

157 2965 219 3015 pag.
234 2949 294 3002 300.
308 2979 341 2988 —-
359 2952 401 3001 Ad
418 2957 583 3002 structuram
601 2950 698 3000 verbo-

157 3036 231 3070 rum:
250 3015 352 3070 ἰδόντα
365 3014 396 3069 δὲ
410 3014 460 3070 τὸν
472 3021 599 3085 Κροῖσον
613 3013 699 3083 γέλως

157 3083 260 3155 ἐσῆλθε
274 3088 303 3154 (i.
317 3108 341 3143 e.
351 3106 420 3155 quern
430 3092 472 3141 αόί
479 3093 612 3155 conopeorlt
622 3090 698 3139 Croe-

156 3174 214 3221 ιαε,
227 3160 392 3224 rectilineum
408 3160 487 3226 risos)
506 3161 541 3210 ci.
557 3161 580 3221 1,
595 3161 629 3208 24
648 3158 698 3207 ibi-

157 3245 210 3295 que
221 3234 290 3280 nott.
303 3231 355 3289 ΙΙΙ,
373 3231 411 3283 14.
424 3233 467 3281 42,
486 3231 547 3294 vll,
559 3230 603 3280 40.
617 3227 697 3287 VIII,

159 3299 207 3350 137
220 3304 249 3350 et
260 3299 407 3350 Blcmfield.
425 3302 453 3349 in
463 3300 583 3351 Glosser.
601 3299 636 3348 cd
646 3299 698 3347 Ae-

155 3368 243 3435 schyli
257 3372 332 3423 Pers.
347 3370 408 3420 850.
692 3378 695 3385 ’

196 3427 269 3488 οὕτω
279 3429 585 3502 τεθριπποτροφήσας]
595 3437 698 3501 'iungit

156 3514 252 3559 auctor
279 3511 432 3575 argumenti
463 3508 575 3558 secundi
605 3507 695 3557 Nubb.

155 3579 306 3644 Aristoph„
316 3585 440 3630 monente
448 3577 640 3639 Velclrensrffi,
650 3576 697 3641 qni

156 3649 239 3699 etium
252 3650 381 3699 Isocratis
394 3649 484 3699 locum
496 3646 590 3697 sttulit
603 3648 645 3696 De
654 3646 696 3697 bi·

155 3719 198 3784 gis
208 3719 291 3785 pter
300 3719 328 3768 C.
341 3718 414 3785 [cup.
426 3716 484 3783 to]‚
493 3719 540 3767 ubi
549 3716 696 3766 Athenien-

155 3790 224 3838 sium
246 3790 349 3854 primus
366 3788 496 3839 Alcmaeo
515 3787 587 3851 bigis
604 3802 696 3852 repor-

155 3864 230 3911 tasse
241 3862 328 3910 fertur
340 3860 484 3910 victoriam
495 3856 693 3921 Olympiacam.

154 3928 245 3995 Atque
259 3929 352 3980 eodem
366 3929 456 3981 studio
468 3942 551 3991 equos
560 3927 595 3977 nd
608 3931 696 3977 certa-

153 4001 228 4049 mine
237 3998 369 4050 solemnia
379 3998 470 4050 alendi
477 3996 644 4047 Alcibiadem
654 3997 695 4046 in-

154 4084 270 4125 censum¹
286 4070 373 4119 inisse
395 4073 516 4119 testatur
531 4065 696 4116 Plutarchus

156 4141 183 4189 in
192 4140 281 4190 Alcib.
292 4155 353 4205 csp.
365 4139 406 4201 ll,
422 4138 471 4188 ubi
481 4136 535 4188 vid.
549 4141 619 4188 nott.
629 4150 695 4201 μσς.

158 4211 221 4272 117,
236 4224 320 4275 snpra
335 4211 389 4259 iem
401 4208 503 4259 citatus
520 4206 556 4255 ed
567 4205 615 4267 VI,
629 4205 673 4261 35.

186 4271 364 4343 Ὀλυμπιάδα
375 4269 544 4341 ἀναιρέεται]
566 4274 607 4325 Ad
622 4274 698 4324 locu-

155 4350 257 4400 tionem
267 4349 323 4399 vid.
338 4353 406 4400 nott.
418 4347 510 4408 eutr,
518 4345 561 4396 70.
579 4345 657 4407 Quae
668 4344 697 4393 in

154 4418 409 4471 Alcmaeontdcrum
418 4416 545 4468 leudibus
556 4415 627 4479 epod
634 4414 698 4462 Piu-

155 4489 214 4543 dcr.
231 4490 312 4557 Pyth.
332 4488 401 4554 vn,
420 4488 453 4540 13
473 4489 697 4538 commemoratur

756 1488 863 1550 praeter
875 1485 946 1535 nlius
957 1486 1088 1536 victorias
1097 1501 1152 1535 uno
1160 1485 1299 1550 Olympia·

756 1570 801 1617 ce,
814 1557 848 1605 eb
860 1555 1057 1621 interpretibus
1072 1553 1229 1619 plerumque
1240 1556 1299 1604 Me-

755 1625 843 1690 gnoti,
855 1626 1028 1687 Alcmeonis
1044 1626 1126 1690 petri,
1141 1624 1174 1673 01
1195 1625 1298 1673 XLVII

755 1695 814 1744 sive
823 1695 875 1744 592
885 1699 949 1745 ante
960 1694 1021 1745 Chr.
1033 1711 1059 1748 n.
1073 1696 1224 1758 assignata,
1237 1709 1296 1743 curn

755 1780 814 1814 cum
833 1765 997 1828 Wesseling.
1016 1763 1109 1813 malim
1130 1764 1223 1814 heberi
1247 1779 1296 1827 pro

754 1849 802 1895 ce,
823 1835 900 1884 cuius
919 1834 944 1882 h.
961 1835 978 1883 1.
995 1834 1118 1883 meminit
1132 1833 1296 1883 Herodotus.

754 1905 823 1953 Nam
844 1903 950 1968 legatos
975 1920 992 1953 a
1015 1903 1116 1954 Croeso
1139 1903 1237 1953 missos
1260 1903 1295 1952 etl

754 1973 915 2037 Delphicum
943 1973 1082 2023 oraculum
1112 1972 1137 2021 si
1163 1987 1295 2036 ponemus

754 2042 862 2107 Olymp.
869 2044 941 2104 LVI,
954 2044 966 2092 l
979 2060 1002 2093 ε.
1012 2043 1062 2093 550
1073 2041 1168 2094 o.Chr.
1178 2057 1203 2091 n.
1212 2041 1294 2106 (quae

754 2113 836 2177 vulgo
859 2118 970 2176 receptu
997 2117 1039 2162 est
1063 2111 1215 2173 sententie,
1240 2111 1295 2163 vid.

753 2187 823 2234 nott.
840 2183 875 2231 ed
890 2182 917 2236 1.
933 2184 966 2233 45
987 2181 1047 2231 οοΙΙ.
1062 2181 1122 2245 30),
1140 2180 1295 2246 Sardesque

753 2259 925 2317 expugnatae
944 2251 1052 2316 Olymp.
1071 2251 1181 2315 LVIII,
1200 2249 1216 2300 3
1234 2255 1293 2300 sive

753 2323 806 2372 540
815 2329 878 2371 ante
886 2321 949 2372 Chr.
960 2337 987 2371 ιι.
1002 2319 1069 2385 (vid.
1080 2325 1149 2370 nott.
1157 2320 1193 2369 ad
1204 2320 1225 2381 1,
1236 2319 1292 2384 80),

727 2391 821 2441 ‘hoec
843 2393 961 2441 victoris
985 2395 1020 2441 ad
1038 2389 1146 2454 Olymp.
1168 2390 1248 2439 LVII
1270 2406 1292 2440 s.

750 2463 802 2510 552
817 2476 843 2515 e,
862 2461 925 2513 Chr.
941 2477 967 2509 n.
983 2460 1079 2511 referri
1096 2460 1208 2524 poterit,
1231 2475 1292 2509 curn

750 2530 857 2597 Olymp.
864 2532 954 2580 LVIll
965 2531 1121 2595 Diagnotus
1131 2528 1294 2578 Crotoniaten

750 2603 856 2652 vicerit.
886 2601 988 2651 Obstat
1006 2616 1073 2650 sene
1086 2600 1197 2650 Pindari
1215 2598 1292 2649 scho-

748 2670 806 2721 lion
818 2671 890 2734 (coll.
901 2670 991 2722 Schol.
1003 2670 1038 2719 sd
1049 2668 1188 2733 Aristoph.
1200 2667 1290 2722 Nnbb.

751 2742 811 2804 71).
831 2742 858 2789 in
872 2755 924 2805 quo
936 2738 1075 2803 Megscles
1092 2739 1192 2788 vicisse
1208 2736 1292 2787 tredi-

750 2814 795 2859 tur
807 2810 914 2873 Olymp.
928 2808 1014 2870 LVll,
1030 2810 1042 2858 l
1057 2823 1079 2856 s.
1091 2809 1141 2858 552
1154 2823 1179 2859 s.
1189 2806 1252 2857 Chr.
1264 2823 1291 2857 n.

749 2881 936 2943 victoriaeque
960 2877 1090 2927 honorem
1112 2877 1229 2927 cessisse
1247 2877 1292 2926 Pi-

749 2950 873 2999 sistrato.
902 2948 980 3009 Quae
997 2962 1057 2997 cum
1070 2946 1218 2996 conciliare
1232 2961 1292 3010 per·

749 3035 830 3084 quem
843 3020 880 3067 sit
889 3016 1011 3073 difficile.
1028 3017 1143 3066 maiores
1156 3014 1225 3065 odeo
1238 3015 1291 3064 dif-

748 3088 887 3138 ficultntes
907 3086 1045 3145 excitent,
1068 3100 1138 3150 quse
1157 3085 1289 3135 contiuno

748 3158 823 3222 apud
843 3156 1012 3207 Herodotum
1036 3157 1164 3220 leguntur
1190 3153 1289 3205 verbe:

747 3222 816 3291 μετὰ
825 3221 856 3275 δὲ
865 3223 947 3291 γενεῇ
958 3220 1074 3290 δευτέρῃ
1082 3213 1202 3285 ὕστερον
1210 3223 1289 3272 Κλει-

747 3290 853 3361 σθένης
861 3310 886 3349 ιι.
895 3311 917 3345 τ.
924 3296 956 3358 λ.,
963 3295 1105 3360 siquidem
1115 3295 1215 3344 iustum
1225 3292 1290 3343 hinc

745 3373 896 3433 temporum
905 3366 1025 3417 ordinem
1035 3366 1203 3415 constituere
1211 3362 1290 3414 velis.

747 3439 823 3489 Haec
846 3439 918 3488 enim
942 3438 966 3486 si
987 3436 1105 3501 genuina
1125 3437 1203 3495 sunt,
1228 3432 1289 3483 Alc-

747 3510 870 3558 maeonis
882 3507 1024 3556 victoriam
1041 3504 1210 3555 referendum
1228 3518 1289 3553 esse

745 3582 866 3643 arguunt
884 3576 920 3627 ud
942 3575 1049 3640 Olymp.
1064 3575 1143 3637 LIV,
1163 3573 1175 3622 1
1195 3589 1217 3624 s.
1236 3572 1288 3621 504

747 3655 811 3698 ante
826 3647 888 3700 Chr.
904 3662 945 3706 ια,
965 3650 995 3696 ut
1013 3646 1081 3695 bene
1099 3644 1204 3693 monuit
1219 3644 1288 3692 Voo·

747 3719 808 3771 mel.
821 3717 951 3781 inscript.
965 3717 998 3764 de
1007 3715 1107 3765 Solone
1118 3730 1180 3778 pag.
1192 3713 1219 3774 8,
1234 3727 1287 3776 qno

745 3787 807 3853 ipso
821 3794 941 3852 ternpore
954 3786 1082 3843 Croesus,
1096 3797 1211 3848 quocum
1223 3786 1288 3830 ente

746 3859 890 3908 victorium
905 3856 1032 3906 Alcmaeo
1048 3867 1211 3917 congressus
1228 3865 1288 3901 esse

746 3927 848 3988 fertur,
869 3927 917 3977 vix
933 3930 1016 3973 nutus
1033 3924 1095 3973 fuit.
1120 3922 1207 3983 Quum
1220 3919 1289 3968 diiii-

746 3995 876 4046 cultatem
892 3995 961 4043 bene
979 3992 1147 4055 perspiciens
1165 3987 1286 4039 Schultz.

746 4067 846 4130 Appcr.
866 4063 955 4115 critic.
972 4075 1034 4126 pag.
1052 4059 1082 4111 ll
1098 4074 1155 4124 seq.
1173 4061 1214 4106 ite
1233 4062 1289 4106 sta-

749 4136 815 4196 tuit,
833 4131 934 4197 siquid
948 4130 1006 4180 veri
1019 4129 1083 4179 huic
1094 4126 1212 4178 fabellae
1226 4127 1289 4176 sub·

747 4206 801 4266 sit,
821 4205 878 4253 ucri
887 4217 904 4251 ει
916 4201 1031 4260 Croeso,
1052 4213 1145 4249 verum
1161 4213 1178 4247 a
1192 4196 1287 4245 Croesi

768 4280 827 4324 stre
837 4271 961 4336 Alyatte,
978 4270 1024 4334 qui
1034 4272 1103 4320 teste
1114 4265 1254 4318 Herodoto
1265 4265 1287 4327 1,

749 4290 782 4395 19
792 4347 819 4393 et
833 4343 891 4406 ipse
901 4338 1029 4407 Pythiam
1042 4337 1231 4399 consuluerat,
1249 4335 1289 4385 di·

748 4414 824 4462 ritiis
838 4409 1003 4462 cumulatum
1015 4425 1074 4462 esse
1088 4409 1287 4460 Alcmaeonem.

748 4480 867 4535 Boeclrh.
881 4480 1003 4547 Expliec.
1014 4479 1111 4531 Pindd.
1127 4494 1154 4544 p.
1167 4476 1218 4529 304
1229 4475 1289 4526 Alc·

1348 4554 1361 4579 0

1030 4564 1094 4631 26*
