3100 5175
592 388 772 451 nasso.
795 353 858 451 vr]
875 401 934 454 ιο.
1267 390 1329 453 sss

193 566 290 647 μίονς
311 558 508 649 ἐχρήσαντο,
537 536 663 650 πρῶτον
693 562 731 631 δὲ
757 560 937 649 ἀνέσχοντο
964 563 1091 652 ἐσθῆτά
1110 589 1147 631 τε
1166 561 1329 652 Μηδικὴν

192 659 353 752 ὁρέοντες
366 666 423 734 καὶ
434 663 511 747 τοὺς
522 662 648 754 ἄνδρας
661 665 787 755 ταύτην
796 668 1017 754 ἐσθημένους·
1043 669 1124 746 τέως
1139 667 1177 736 δέ
1186 658 1228 756 ἦν
1242 682 1327 738 τοῖσι

190 879 253 930 pag.
271 864 318 930 97)
338 882 433 917 vocem
453 857 550 934 δρόμῳ
565 867 654 917 minus
670 867 751 917 stri-⁸
784 883 868 933 eoque
884 868 977 918 hostes
993 868 1081 918 minus
1094 872 1207 932 paratos
1221 867 1255 918 ad
1271 884 1326 918 ma·

190 940 235 984 cto
260 950 342 985 sensu
362 936 451 1000 accipi
474 950 555 1001 posse
580 941 674 1001 putat:
697 939 733 986 ci·
782 936 1326 1002 nusconserendascogentes(conl.Rae·

188 1014 241 1054 talo
254 1005 597 1071 potiuspradu(„iuelnem
605 1006 731 1070 leblrolten
782 1009 851 1056 stoi:
880 1013 907 1058 et
925 1006 1062 1071 Koechly:
1087 1006 1251 1057 Gescbichte
1276 1008 1324 1060 des
1379 1026 1385 1036 ·

188 1073 328 1140 Schritt‘¹);
339 1076 518 1126 Athenienses
526 1076 597 1126 enim
607 1091 731 1142 progres-
781 1076 890 1128 Griech.
902 1078 1107 1142 Kriegswesens
1117 1092 1180 1141 pag.
1193 1076 1236 1140 48,
1251 1078 1325 1127 Voll-

188 1159 233 1192 sos
247 1159 306 1194 esse
320 1146 488 1209 eundemque
499 1144 612 1210 gradum
626 1145 670 1194 vel
680 1146 729 1195 du·
780 1146 875 1196 brecht
900 1148 928 1195 in
951 1147 1159 1197 Introductione
1181 1146 1215 1196 ad
1233 1148 1322 1198 Xeno·

187 1212 319 1277 plicam,
330 1231 391 1265 cum
400 1214 526 1264 hostibus
536 1217 675 1280 propiores
684 1214 729 1264 fie·
780 1216 873 1280 phont.
887 1216 1006 1267 Anabas.
1024 1232 1085 1281 pag.
1099 1214 1133 1267 38
1145 1215 1243 1281 seqq).
1274 1216 1321 1267 Sic

186 1283 551 1349 rent‚arbitratur;Finluy
561 1284 579 1333 l.
591 1284 608 1333 l.
619 1300 682 1350 pag.
693 1285 726 1334 25
779 1287 852 1350 apud
878 1285 991 1336 Cunaxa
1019 1286 1117 1335 Graeci
1147 1287 1228 1334 initio
1260 1288 1321 1350 qui-

185 1352 276 1402 reddit
300 1351 411 1421 dpdpp:
442 1356 498 1416 „im
517 1354 726 1403 Sturmsehrr'rr.“
779 1355 838 1405 dem
854 1355 954 1405 lentius
972 1348 1092 1421 (βάδην,
1113 1359 1144 1405 ut
1156 1355 1319 1421 Polyaenus,

184 1424 280 1488 Neque
299 1423 380 1475 aliter
401 1428 509 1475 veteres
525 1425 665 1489 accepisse
681 1439 727 1473 vo·
776 1415 884 1488 ἡσυχῆ,
903 1431 935 1475 ut
948 1426 1091 1476 'Diodorus
1109 1423 1202 1488 habet)
1225 1440 1319 1489 proce-

184 1507 244 1542 cem
261 1488 373 1559 δρόμῳ,
398 1509 412 1543 e
437 1491 497 1543 loco
514 1493 613 1542 Iustini
636 1494 677 1554 ΙΙ,
699 1492 724 1542 9.
777 1495 892 1558 debant,
917 1495 965 1544 ubi
982 1510 1045 1545 vero
1064 1496 1136 1544 intra
1154 1494 1200 1543 teli
1217 1495 1318 1545 iactum

184 1561 209 1622 5.
227 1562 254 1613 11
273 1561 402 1628 colligere
421 1562 530 1625 licebit,
554 1563 595 1612 ita
616 1563 726 1613 traden-

183 1632 234 1681 tis:
249 1633 370 1696 „Magna
386 1633 470 1697 igitur
482 1633 512 1680 in
526 1648 645 1697 pugnam
661 1647 726 1682 eun-

182 1701 256 1751 tibus
267 1700 397 1752 alacritas
407 1701 558 1751 animorum
574 1702 642 1764 fnit,
656 1701 724 1751 adeo

181 1774 222 1832 ut,
232 1787 292 1820 cum
302 1770 375 1821 mille
385 1786 482 1836 passus
491 1771 563 1822 inter
572 1771 640 1821 duas
650 1772 724 1820 acies

181 1845 287 1902 essent,
309 1845 386 1891 ritulo
403 1856 479 1889 cursu
492 1847 556 1892 ante
566 1841 666 1891 iactum
681 1856 724 1891 sa-

179 1911 310 1975 gittarum
325 1910 359 1960 ad
374 1910 480 1961 hostem
494 1910 648 1961 venirent.“
669 1911 724 1958 Ita-

179 1996 231 2044 que
247 1981 329 2030 etiam
343 1980 426 2031 Grote
441 1979 568 2046 (History
581 1981 611 2029 of
622 1980 722 2030 Graece

180 2050 227 2100 lv,
249 2065 312 2114 pag.
327 2050 378 2100 470
398 2049 467 2113 not.)
486 2066 540 2100 non
561 2055 617 2100 tam
634 2050 721 2099 citato

178 2120 281 2183 gradu,
297 2123 327 2168 ut
339 2119 431 2170 Leuke
446 2121 558 2183 statuit,
573 2135 654 2185 quarn
664 2135 723 2168 cur-

164 2204 167 2208 ·
178 2191 258 2239 sendo
265 2192 415 2240 accessisse
425 2190 459 2238 ad
466 2190 565 2239 Persas
575 2189 634 2238 vult
641 2188 722 2238 Athe-

177 2260 302 2318 nienses3
320 2260 391 2309 unde
403 2274 463 2309 cum
471 2260 561 2309 minus
571 2260 640 2309 bene
650 2259 720 2309 aciei

178 2329 300 2378 ordinem
332 2344 441 2379 servare
467 2330 608 2393 potuerint
637 2328 721 2379 Athe-

177 2399 301 2460 nienses,
322 2398 447 2448 ellectum
466 2413 573 2463 quoque
592 2414 652 2449 esse
670 2413 720 2463 pu-

177 2473 234 2532 tat,
252 2473 283 2518 ut
300 2468 390 2518 suedia
406 2468 479 2518 acies
492 2484 509 2517 a
522 2469 614 2518 Persis
628 2469 719 2519 vince·

176 2543 260 2589 retur.
291 2537 344 2589 Sed
358 2538 428 2589 hanc
441 2542 556 2604 utroque
573 2553 658 2589 cornu
673 2538 719 2590 dc-

175 2609 299 2659 biliorem
315 2609 400 2658 luisse
422 2623 504 2673 supra
526 2610 581 2658 iam
600 2610 717 2659 vidimus

176 2679 293 2743 indeque
313 2678 421 2728 facilius
433 2679 462 2727 iu
478 2678 572 2743 fugam
586 2681 657 2729 verti
671 2694 719 2743 po-

174 2749 263 2798 tuisse
289 2749 379 2813 quivis
404 2747 543 2813 intelligit.
583 2748 716 2813 Equidem

173 2833 268 2868 vocem
282 2808 389 2884 δρόμῳ,
405 2833 485 2883 quarn
497 2819 572 2868 αἰοίο
584 2833 660 2867 cursu
673 2833 716 2867 ex·

175 2888 269 2951 primit
284 2888 416 2950 Iustinus,
430 2887 521 2937 malim
532 2889 626 2952 utique
637 2887 717 2937 intel-

174 2958 258 3021 ligere
284 2957 423 3022 degrada
443 2958 531 3023 magis
551 2956 714 3020 accelerato,

175 3043 227 3092 qno
247 3029 291 3077 usi
307 3028 489 3079 Athenienses
509 3028 538 3076 in
558 3028 657 3077 Persas
679 3028 715 3075 ir·-

174 3103 297 3159 ruerent‚
318 3097 495 3148 abhorrentes
517 3112 533 3145 a
554 3112 626 3146 more
643 3112 714 3146 com·

174 3168 262 3230 muni,
282 3183 335 3232 quo
350 3166 469 3231 hoplitae
484 3166 560 3217 lento
580 3167 659 3231 quasi
680 3182 713 3215 ac

173 3237 287 3286 solemni
300 3237 387 3302 gradu
401 3237 436 3286 ad
448 3252 565 3301 pugnam
583 3236 713 3286 accedere

173 3306 299 3356 solebant
323 3322 455 3372 pereanem
482 3310 625 3366 canentes3
649 3322 714 3356 con·

171 3376 244 3426 sulto
256 3381 348 3427 autem
361 3376 389 3426 id
402 3375 467 3425 mihi
481 3376 660 3427 Athenienses
674 3376 712 3425 se-

171 3447 242 3497 cisse
255 3446 397 3509 videntur‚
420 3461 473 3511 quo
486 3449 614 3496 terrorem
628 3446 713 3495 hosti·

169 3516 221 3567 bus
236 3517 370 3582 quendam
383 3517 536 3566 incuterent
548 3517 629 3565 solito
643 3515 713 3566 cele-

170 3586 226 3636 rius
242 3586 404 3638 accedentes
420 3590 448 3635 et
468 3586 549 3650 quasi
569 3586 712 3649 irruentes,

776 1570 937 1629 perventum
951 1569 1024 1626 erat,
1046 1579 1127 1613 cursu
1140 1565 1227 1613 citato
1240 1559 1320 1627 (dpe-

776 1633 833 1698 μῳ)
844 1636 871 1681 iu
890 1634 982 1683 hostes
995 1648 1055 1681 sese
1072 1633 1241 1692 inscrebant;
1260 1634 1316 1684 rid.

775 1702 889 1752 Diodor.
904 1703 983 1762 xlv,
998 1703 1031 1752 23
1045 1708 1073 1752 et
1084 1702 1213 1767 Polyaen.
1232 1703 1274 1765 11,
1290 1705 1315 1752 2.

775 1774 799 1832 5.
811 1774 826 1820 2
840 1772 901 1824 coll.
913 1770 1093 1835 Xenophonte
1102 1771 1189 1822 Anab.
1201 1773 1223 1830 1,
1236 1771 1262 1834 8,
1275 1772 1316 1822 18.

774 1842 807 1889 ln
824 1857 916 1906 pugna
929 1840 1105 1891 Marathonia
1121 1840 1194 1891 haud
1208 1842 1265 1891 scio
1279 1857 1316 1890 au

774 1910 802 1959 id
828 1926 934 1977 quoque
955 1911 1136 1975 reputandum
1159 1912 1210 1972 sit,
1233 1911 1316 1960 Athe-

774 1981 909 2030 niensium
933 1980 1022 2029 aciem
1046 1980 1138 2029 decem
1163 1980 1314 2031 stadiorum

771 2049 917 2100 intervallo
934 2054 1089 2113 separatam
1108 2065 1125 2099 a
1144 2050 1234 2101 Persis
1253 2050 1313 2100 loco

772 2120 883 2170 stetisse
902 2119 1072 2183 aliquantum
1091 2119 1206 2169 editiore
1227 2135 1313 2184 prope

771 2190 902 2239 montium
915 2188 1099 2250 declivitate,
1112 2190 1182 2240 adeo
1193 2191 1262 2241 utin
1274 2189 1314 2239 lo-

770 2274 832 2309 cum
847 2259 1018 2320 inferiorem,
1038 2274 1090 2324 quo
1107 2260 1249 2310 Persarum
1268 2274 1313 2309 ca-

771 2335 829 2379 stra
841 2331 933 2395 posita
947 2333 1033 2390 erant,
1051 2328 1160 2379 facilius
1171 2329 1313 2379 decurrere

770 2401 918 2463 potuerint.
942 2398 984 2447 De
995 2397 1197 2449 Atheniensium
1211 2400 1271 2449 scic
1285 2399 1313 2447 in

768 2484 861 2534 pugna
875 2468 1049 2518 Marathonia
1064 2463 1190 2533 exposuit
1204 2483 1311 2534 quoque

769 2540 915 2590 Duncher:
936 2538 1033 2590 Gesclr.
1047 2538 1072 2588 d.
1086 2538 1200 2590 Alterth.
1216 2539 1264 2589 IV.
1284 2554 1310 2604 p.

768 2609 818 2659 674
832 2624 905 2674 seq.;
924 2608 995 2658 conl.
1009 2609 1091 2659 etiam
1105 2610 1189 2658 Grote
1199 2608 1218 2658 1.
1230 2608 1246 2656 l.
1260 2609 1309 2657 1v.
1327 2648 1329 2651 .

769 2694 833 2742 pag.
846 2680 898 2728 468
911 2694 979 2743 τεῳ,
996 2678 1041 2727 cui
1052 2676 1209 2742 obloquitur
1218 2678 1308 2726 Mure:

767 2748 881 2797 critical
894 2747 1000 2810 history
1013 2745 1044 2797 ol
1058 2745 1103 2797 the
1116 2747 1191 2812 lang.
1209 2745 1263 2796 snd
1275 2746 1309 2796 li-

767 2822 848 2867 terat.
865 2816 894 2867 of
906 2818 1016 2867 ancient
1031 2815 1134 2866 Greece
1144 2817 1192 2867 IV.
1206 2832 1232 2881 p.
1246 2816 1306 2867 549.

766 2887 830 2936 Alia
850 2887 877 2935 in
892 2887 1016 2937 Excursu
1030 2884 1066 2935 ed
1079 2886 1132 2950 VI,
1148 2884 1197 2936 102
1211 2886 1311 2936 citavi·

765 2972 835 3010 mus.

793 3021 901 3088 nonime
911 3017 942 3073 dl
951 3016 1117 3088 ἀνέσχοντο]
1128 3024 1232 3089 Tangit
1241 3022 1308 3074 haec

765 3094 854 3146 Sobel.
874 3095 901 3143 ln
915 3094 999 3146 Arist.
1021 3109 1084 3159 pag.
1100 3093 1150 3144 211
1163 3092 1306 3144 Frommel.

765 3163 826 3215 coll.
845 3165 955 3215 Maxim.
972 3165 1036 3229 Tyr.
1056 3162 1106 3226 30,
1119 3162 1145 3213 6.
1166 3162 1306 3228 Aristoph.

764 3234 836 3285 Nub.
860 3236 920 3287 958.
945 3233 1012 3293 981,
1037 3248 1109 3297 quae
1132 3232 1227 3282 attulit
1242 3231 1307 3282 Val-

763 3305 841 3356 chen.
869 3303 911 3354 Ad
922 3296 1014 3369 φόβος
1026 3297 1149 3352 &serious
1163 3302 1200 3353 cf.
1213 3302 1307 3353 Kueh-

763 3390 812 3425 ner·
824 3373 871 3425 Gr.
880 3374 925 3424 Gr.
939 3376 964 3437 §-
975 3373 1074 3424 640.Α.
1089 3371 1130 3422 Ad
1143 3372 1231 3437 ipsam
1244 3388 1307 3422 sen-

761 3444 877 3494 tentiam
894 3444 994 3495 referre
1007 3443 1072 3493 licet
1087 3457 1148 3492 eum
1161 3442 1305 3493 Welckero

762 3514 913 3580 Theognid.
939 3514 989 3564 757
1004 3510 1092 3577 (775),
1115 3511 1161 3562 ubi
1179 3512 1305 3578 leguntur

762 3583 845 3636 haec:

337 3703 484 3771 Πίνωμεν,
499 3701 631 3769 χαρίεντα
645 3693 705 3766 μετ’
720 3695 865 3768 ἀλλήλοισι
878 3694 1021 3766 λέγοντες,

379 3768 469 3838 μηδὲν
482 3772 533 3823 τον
546 3767 679 3838 Μήδων
695 3770 832 3831 δειδιότες
845 3765 980 3837 πόλεμον.

204 3895 265 3957 Quo
283 3893 343 3945 loco
362 3911 447 3960 aeque
466 3900 547 3960 atque
567 3895 640 3961 apud
657 3896 711 3945 He-

168 3965 293 4016 rodotum
306 3966 353 4014 rix
367 3982 436 4030 opus
451 3964 573 4030 pluribus
590 3979 709 4025 monere,

168 4035 303 4085 Medorum
320 4038 428 4085 nomine
439 4035 520 4085 haud*
528 4034 643 4097 intelligi
654 4036 708 4083 Me·

167 4105 245 4155 dicae
258 4106 417 4170 provinciae
429 4104 542 4166 incolas,
555 4104 601 4153 sed
612 4105 709 4152 Persas

168 4175 261 4238 potius
273 4175 365 4224 latiori
378 4191 461 4227 sensu
475 4187 634 4236 omnemque
644 4173 709 4222 Per-

167 4259 258 4294 sarum
276 4246 424 4296 exercitum
441 4245 574 4296 adversus
589 4242 709 4292 Graecos

167 4314 329 4379 profectum.
362 4315 464 4365 Contra
483 4316 511 4364 in
528 4314 651 4378 proxime
668 4326 710 4389 se-

167 4384 314 4448 quentibus
327 4385 430 4436 verbis:
450 4381 485 4450 τῇ
496 4382 604 4447 Πέρσαι
618 4395 648 4431 τε
660 4390 710 4429 αν-

165 4450 210 4504 rol
233 4449 283 4504 nul
301 4446 394 4504 Σάκαι
413 4445 560 4518 ἐτετάχατο
585 4452 709 4519 cogitan-

761 3894 825 3944 dum
835 3895 868 3944 de
880 3894 948 3958 ipsis
957 3892 1046 3942 Persis
1057 3889 1116 3941 sire
1127 3888 1161 3938 de
1170 3889 1215 3951 iis,
1228 3891 1274 3954 qui
1289 3906 1303 3940 e

760 3961 999 4027 Persidepropria,
1007 3957 1191 4024 quaedicitur,
1200 3974 1222 4007 s.
1230 3963 1304 4008 terra

760 4033 905 4082 Farsistan
918 4029 963 4095 (de
974 4044 1027 4094 qua
1036 4027 1091 4078 rid.
1104 4026 1156 4087 111,
1167 4027 1200 4077 97
1211 4026 1303 4091 ibique

761 4100 844 4166 nott.)
856 4100 948 4150 coacti
960 4100 1037 4149 erant
1049 4094 1157 4145 milites.
1175 4095 1216 4144 De
1230 4094 1304 4147 Sacis

760 4164 1058 4227 vid.aott.ad.111‚93.
1080 4163 1122 4215 Ad
1130 4164 1202 4215 hunc
1213 4164 1303 4230 ipsum

761 4242 926 4291 Graecorum
944 4242 1044 4287 metum
1061 4235 1164 4299 refero,
1186 4233 1257 4299 quod
1272 4236 1303 4286 in

761 4303 890 4374 Aeschyli
902 4307 994 4360 Persis
1009 4305 1091 4357 duces
1102 4306 1247 4356 Persarum
1261 4304 1302 4354 di-

762 4384 861 4431 cuntur
872 4378 924 4445 (vs.
934 4371 1113 4460 27)’φοβεροδ
1123 4366 1175 4439 μὲν
1186 4368 1261 4424 ἰδεῖν
1274 4379 1302 4425 st

763 4450 820 4517 (48)
831 4441 958 4516 φοβερὰν
971 4455 1042 4513 οψιν
1055 4442 1255 4509 προσιδέσθαι.

1037 4530 1101 4591 25*
