3100 5175
279 424 341 486 642
714 421 979 485 HERODO'PI

279 609 400 687 λιμσν,
421 594 467 679 ὡς
481 598 616 685 λέγουσι
631 595 901 684 Λακεδαιμόνιοι.
933 592 1032 666 τοῦτό
1045 622 1102 684 μοι
1117 596 1154 663 ἐν
1175 608 1260 663 τοῖσι
1280 591 1413 662 berita-

280 713 340 773 τοι)
353 710 509 789 φαίνεται
529 703 700 789 γενέσθαι.
736 697 787 768 ὅτι
801 700 864 788 μὲν
878 697 942 790 γὰρ
960 700 1148 786 κατέσκηψε
1169 699 1202 778 ἐς
1219 692 1415 783 ιἰγγὲλονςὴ

285 811 482 892 Ταλθυβίοίι
502 810 617 894 μῆνις,
640 802 721 874 οὐδὲ
741 803 909 873 ἐπαύσατο
929 805 1016 892 πρὶν
1030 796 1050 889 ἦ
1065 805 1203 889 ἐξῆλθε,
1223 799 1260 869 τὸ
1285 806 1415 869 δίκαιον

280 907 369 980 οὕτω
382 918 499 998 ἔφερε·
527 906 565 977 τὸ
580 908 617 976 δὲ
633 923 819 997 συμπεσεῖν
833 911 865 987 ἐς
879 905 955 1000 τούς
970 910 1091 987 παῖδας
1105 909 1175 973 τῶν
1187 902 1327 991 ἀνδρῶν
1339 902 1414 971 τού-

280 1041 350 1082 των
362 1018 429 1081 τῶν
446 1009 647 1098 ἀναβάντων
660 1009 742 1099 πρὸς
756 1016 894 1098 βασιλέα
909 1008 965 1080 διὰ
979 1006 1041 1098 τὴν
1053 1014 1172 1097 μῆνιν,
1191 1011 1224 1088 ἐς
1239 1007 1415 1076 Νιιιόλεων

280 1144 316 1186 τι
330 1114 390 1185 ιόν
399 1116 540 1194 Βούλιος
555 1117 610 1183 καὶ
624 1117 657 1194 ἐς
673 1112 868 1203 Ἀνήριστον
881 1113 940 1183 τὸν
951 1119 1144 1200 Σπερθίεω,
1158 1107 1194 1192 ὃς
1208 1106 1277 1180 εἷλε
1288 1106 1415 1189 Ἀλιιάς

874 1280 941 1330 mihi
951 1280 1058 1331 videtur
1065 1277 1199 1329 Herodoti
1208 1277 1356 1338 sententie,
1365 1275 1415 1326 hoc

874 1350 918 1402 vel
927 1353 1044 1400 menime
1053 1348 1186 1398 divinitus
1196 1346 1299 1397 lectum
1312 1348 1368 1397 ribi
1378 1349 1416 1395 ri·

281 1296 386 1332 ταιον
420 1280 552 1345 φαίνεται
581 1273 714 1344 γενέσθαι
748 1280 823 1331 coni.

281 1352 407 1404 Kuehuer
426 1352 474 1404 Gr.
493 1351 540 1401 Gr.
558 1354 583 1414 §-
599 1351 699 1414 59⁰4
717 1352 752 1402 ob
768 1349 824 1401 for-

281 1422 382 1472 mulam
407 1411 438 1470 ἕν
466 1423 541 1470 τοῖσι
568 1419 734 1486 superlativo
766 1421 825 1470 iun·

281 1498 370 1554 etam,
387 1507 467 1556 quani
482 1490 593 1540 eandem
607 1504 714 1555 qnoque
730 1489 825 1555 attigit

280 1560 405 1611 Frltseh:
419 1558 825 1626 Vergleichendellearbeitung

282 1631 308 1683 d.
324 1630 433 1681 Griech.
454 1646 480 1679 u.
501 1630 607 1679 Latein.
626 1628 768 1678 Pertikeln
784 1628 824 1678 11.

282 1716 344 1764 pag
360 1701 417 1751 17-1.
440 1699 520 1761 Quod
535 1714 600 1749 raro
613 1714 661 1763 pro
672 1692 825 1747 θειότατον

281 1768 415 1821 Valehen
430 1768 541 1820 rescribi
551 1768 639 1818 voluit
650 1761 734 1817 θεῖόν
746 1782 797 1844 ps
789 1755 824 1814 od

283 1838 326 1904 (ut
341 1837 423 1921 paulo
434 1840 547 1889 inferius
559 1824 685 1915 δῆλον
665 1852 705 1886 ων
718 1850 766 1902 μοι
780 1825 823 1884 ὅτι

281 1908 367 1958 θεῖον
383 1922 446 1957 ονιι
461 1898 610 1986 ἐγένετο
581 1921 613 1955 το
627 1905 758 1970 πρῆγμα,
777 1906 824 1955 ubi

281 1977 363 2044 vulgo
382 1978 460 2029 ebert
472 1968 553 2042 ova),
575 1975 602 2026 id
616 1992 633 2026 a
652 1982 741 2027 mente
759 1976 825 2025 scri·

281 2049 368 2114 ptoris
393 2062 504 2113 prorsus
534 2047 680 2097 abhorrere
705 2046 824 2107 videtur,

283 2133 364 2183 quam
375 2118 443 2167 bene
454 2123 624 2181 perspectam
633 2115 773 2167 Schultaio
783 2116 823 2164 ita

282 2187 376 2238 retulit
388 2186 676 2251 Schweighaeuserua:
690 2185 823 2250 „Talthy-

282 2257 321 2306 bii
334 2258 374 2305 ira
387 2257 420 2305 ob
434 2255 552 2307 violatos
563 2267 711 2320 praecones
725 2255 823 2306 merito

281 2325 437 2375 incumbere
455 2327 482 2373 in
499 2326 664 2389 Spartanos,
682 2326 768 2375 donee
784 2325 823 2374 et‘·

282 2395 382 2445 fectum
401 2395 500 2443 sortita
516 2402 601 2457 esset,
628 2394 732 2445 debuit.
768 2396 824 2444 ltu·

281 2479 348 2529 qne,
361 2477 422 2511 cum
435 2464 488 2512 duo
502 2462 601 2527 legati,
623 2465 671 2529 qui
685 2464 758 2518 illins
770 2465 824 2514 cri·

281 2533 361 2582 minis
379 2531 483 2597 culpam
502 2531 627 2582 luendam
646 2534 673 2583 in
688 2550 717 2585 se
733 2550 826 2585 snsce-

281 2607 385 2669 peraut,
399 2602 470 2652 salvi
480 2606 653 2669 sospitesque
663 2605 769 2655 domum
780 2621 822 2655 re·

874 1422 933 1472 deri
946 1420 1124 1480 affirmantis,
1147 1416 1218 1483 qnod
1230 1432 1263 1467 ne
1282 1415 1347 1466 tiliis
1359 1417 1416 1480 qni

873 1491 933 1540 dem
944 1488 1097 1555 pepercerit
1111 1454 1206 1537 divina
1219 1485 1346 1535 vindicte
1360 1502 1416 1537 eos·

874 1560 988 1625 demque
1002 1557 1044 1610 vel
1061 1558 1185 1607 insontes
1206 1557 1286 1605 morti
1303 1556 1415 1606 dederit

872 1633 963 1696 Atque
974 1630 1084 1693 laeger,
1102 1629 1148 1692 qui
1161 1623 1329 1675 Herodotum
1345 1625 1415 1675 ultre

875 1700 951 1748 vitae
973 1697 1109 1747 humanae
1135 1696 1236 1745 limites
1259 1696 1416 1747 extendisse

873 1767 1088 1818 moderationem
1106 1765 1317 1816 illamdivinam
1336 1772 1416 1829 negat

874 1838 1012 1903 (Disputt.
1032 1835 1153 1886 Herodd.
1170 1849 1236 1900 pag.
1253 1834 1317 1899 46),
1342 1845 1416 1885 acce*-

874 1908 938 1958 dere
951 1913 1043 1958 tamen
1057 1905 1110 1955 hue
1122 1907 1165 1954 ait
1180 1920 1242 1955 cem
1255 1904 1289 1954 de
1297 1906 1417 1954 numinis

874 1978 963 2029 divini
978 1976 1114 2041 dignitate
1134 1979 1162 2024 et
1177 1973 1297 2024 hnmana
1317 1974 1417 2025 medio

874 2049 974 2098 oritate
993 2047 1132 2111 superiore
1152 2044 1326 2108 praestantius
1345 2045 1418 2108 cogi·
1443 2093 1445 2095 .

873 2117 1023 2178 tationem,
1044 2130 1098 2179 que
1115 2112 1287 2165 admirabilia
1309 2114 1336 2165 ei
1355 2121 1383 2164 et
1400 2128 1417 2162 ιι

873 2186 981 2251 vulgari
994 2199 1083 2235 rerum
1098 2183 1194 2233 ordine
1207 2183 1300 2233 aliena
1314 2184 1418 2234 tribua·

874 2260 920 2305 tur
932 2257 987 2306 vini
1002 2270 1079 2305 suam
1093 2253 1238 2303 exserendi
1249 2254 1332 2304 ratio.
1369 2255 1417 2303 Αι-

873 2340 926 2391 que
951 2325 1015 2375 hine
1038 2329 1162 2374 nostrum
1185 2322 1274 2373 locum
1300 2322 1418 2388 intelligi

874 2394 948 2458 vult,
982 2409 1060 2459 quern
1085 2392 1240 2443 Larcherns
1264 2392 1418 2443 Valckena-

874 2466 943 2514 rium
963 2468 1073 2514 secutus
1089 2477 1230 2527 perperam
1246 2461 1356 2512 Gallice
1379 2464 1418 2512 ite

873 2533 1004 2585 reddidit:
1024 2534 1072 2597 „je
1085 2548 1116 2582 ne
1128 2541 1215 2583 trouve
1233 2533 1351 2582 dane'eet
1364 2536 1417 2583 ἐκ·

873 2612 967 2655 sternent
983 2607 1038 2654 rien
1058 2604 1203 2659 ‹redirem-‘⁴
1222 2603 1321 2653 melius
1332 2604 1417 2653 hliot:

281 2674 398 2735 dierint,
417 2671 469 2723 hoc
487 2674 565 2733 mihi,
582 2675 685 2739 inquit,
704 2676 822 2724 maxime
874 2684 918 2738 „et
930 2678 950 2724 il
961 2673 1052 2724 semble
1060 2673 1122 2737 qu’it
1131 2680 1172 2721 eat
1181 2689 1210 2722 en
1222 2675 1278 2722 cela
1289 2689 1338 2724 ιιιια
1349 2683 1418 2724 sorte

282 2742 413 2792 divinitus
438 2743 574 2794 accidisse
595 2744 718 2807 videtur,
749 2744 822 2809 quod
873 2742 1341 2806 defetatite‘bieneaetreordinaire.“
1368 2746 1417 2795 Gr.

282 2820 372 2864 temen
385 2811 434 2862 liin
446 2813 590 2863 eorundem
599 2812 700 2878 longo
714 2814 822 2878 quidem
872 2813 992 2864 conferri
1014 2811 1189 2862 iubetWolf.
1213 2812 1249 2861 ad
1272 2814 1351 2864 Reia
1378 2814 1419 2863 De

283 2888 493 2948 posttempore
508 2884 662 2948 suocapite
676 2883 824 2947 poenasil
872 2882 982 2948 prosod.
996 2882 1094 2933 Graec
1113 2887 1219 2932 secent
1242 2881 1336 2932 inclin.
1352 2897 1417 2948 pag

282 2952 336 3002 lius
358 2952 480 3003 criminis
500 2952 647 3017 Talthybio
666 2952 822 3004 dederint.“
872 2952 916 3004 23.
947 2952 1117 3003 Adrerbum
1131 2945 1293 3014 κατέσκηψε
1309 2952 1368 3002 vid.
1380 2952 1419 3002 al·

281 3024 352 3072 Nam
372 3026 515 3104 parentum
542 3028 673 3086 peecata,
698 3022 823 3086 inprimis
872 3022 1060 3081 latastlI‚
1076 3010 1417 3084 liletaddtrjwenott

280 3092 443 3155 periurium,
465 3093 493 3140 in
513 3094 630 3155 posteris
650 3107 757 3173 quoqne
773 3107 822 3157 pu·
873 3092 971 3151 adVI,
983 3091 1027 3142 80.

282 3162 334 3210 uiri
328 3162 510 3212 'Graecorum
521 3162 605 3212 luisse
615 3162 769 3224 opinionem
781 3162 821 3210 di·
908 3153 940 3209 τὸ
956 3129 1073 3209 ditares
1090 3172 1165 3208 ονιω
1177 3151 1274 3223 ἔφερε]
1299 3159 1418 3222 Quidam

282 3230 456 3289 ximusad1‚
467 3233 499 3282 ill
518 3231 606 3291 etVl,
620 3230 663 3280 86
678 3232 738 3294 §.u
773 3231 823 3281 At·
873 3220 1077 3294 libridrpe'pero
1112 3229 1167 3279 Sed
1182 3228 1238 3284 rid
1251 3234 1324 3281 nott.
1334 3230 1418 3291 edl',

282 3314 334 3364 que
344 3300 490 3350 coniuncta
504 3299 571 3351 haec
583 3302 823 3351 suntcumeaNo
875 3300 1158 3382 118.1n3eqq.nedi
1170 3290 1281 3347 τούτων
1292 3315 1343 3364 pro
1355 3313 1420 3348 too·

214 3378 217 3383 '
282 3371 333 3418 stri
343 3371 490 3430 sententia
503 3384 585 3433 qnam
597 3370 632 3420 ad
645 3369 825 3430 v11‚133e1·
872 3370 958 3433 τέων,
978 3361 1073 3419 αὐτων
1091 3383 1141 3487 pro
1161 3360 1272 3416 αατέων
1295 3375 1325 3419 et
1345 3359 1421 3430 πρὸς

282 3439 434 3502 posuimus.
450 3406 823 3520 exhaequidquidhomines
873 3436 1005 3506 βασιλέα,
1033 3428 1114 3489 ubit
1116 3453 1130 3494 ς
1155 3434 1278 3503 βασιλῆα
1305 3439 1421 3489 dederat

282 3521 366 3571 prave
377 3512 477 3570 egunt,
494 3507 521 3556 id
533 3508 628 3572 poenis
637 3508 790 3560 divinitus
783 3524 823 3557 ιιι-
873 3509 1038 3561 Scheeierns
1049 3525 1064 3557 e
1076 3502 1215 3557 Sanero'iti
1228 3507 1309 3558 libro.
1347 3508 1422 3559 Bek-

282 3576 365 3625 flictis
384 3574 461 3626 luant
478 3591 589 3628 necesse
604 3582 660 3628 est:
691 3584 773 3642 atque
795 3578 821 3627 id
872 3579 955 3629 lrerus
974 3577 1105 3629 exhibuit
1117 3567 1332 3643 ἒςβασιλέαμ-
1354 3579 1421 3628 Mox

281 3646 369 3711 ipsum
389 3644 419 3710 (i.
436 3662 458 3695 e.
476 3647 530 3696 vim
548 3647 696 3697 divinsm‘
688 3664 716 3698 in
738 3648 823 3699 homi·
873 3646 1125 3712 Bredovinm(pag
1146 3645 1208 3711 139)
1227 3655 1338 3699 secutus
1358 3663 1422 3698 cnm

281 3730 345 3765 nuru
358 3716 438 3765 rebus
450 3731 633 3781 conspicuam
648 3718 732 3781 proba
742 3724 821 3768 tuen
871 3718 1015 3769 Dietsobio
1046 3714 1157 3766 exhibui
1186 3708 1336 3766 Νικολιων
1371 3733 1422 3782 pre

282 3790 352 3847 teni,
373 3785 444 3834 male
461 3785 651 3851 punientem)
643 3802 775 3851 insignem
792 3780 820 3836 id
870 3787 943 3852 vulg
969 3779 1128 3847 Νικόλαν,
1147 3785 1171 3836 si
1197 3785 1308 3851 quidem
1333 3802 1423 3861 snpra

282 3855 389 3904 modurn
404 3854 450 3905 hie
461 3871 535 3904 cerni
549 3856 648 3906 Noster
660 3863 753 3921 putat
772 3858 820 3907 ubi
871 3858 940 3918 vll,
955 3857 1002 3908 13s
1015 3857 1154 3921 genitivus
1175 3856 1315 3907 invenitur
1329 3849 1421 3906 Νιιισ

281 3923 347 3974 lieet
369 3929 462 3988 patres
487 3939 591 3987 poenae
613 3941 643 3977 se
662 3926 822 3989 obtulerint,
870 3926 933 3978 iseo.
980 3946 982 3949 ·

281 3993 352 4045 salvi
366 4009 426 4043 enm
437 3992 500 4042 inde
515 3995 618 4058 egressi
629 4002 736 4059 essent,
751 3996 821 4047 filios
908 3985 940 4053 ὃς
953 3987 1028 4045 elie
1031 3987 1125 4051 Αλιέας
1138 4006 1207 4051 τους
1221 3983 1252 4043 ἐι
1267 3991 1423 4055 Τίρυνθος

280 4064 404 4113 vindicta
431 4062 526 4113 divine
546 4063 661 4127 arripuit
682 4034 766 4130 etqhe
792 4066 821 4115 in
873 4080 899 4117 ιι.
918 4079 942 4113 τ.
961 4062 1026 4129 l.]
1018 4081 1035 4116 ι.
1050 4080 1072 4114 e
1090 4065 1423 4148 „quipiscotereeTu-yrr·

280 4133 427 4195 perniciem
440 4132 606 4198 prostravit,
621 4133 720 4197 quiite
734 4138 820 4185 mani·
870 4137 934 4187 ιΙιιαι
946 4137 1006 4185 navi
1022 4138 1144 4184 oneraria
1163 4132 1303 4216 (nontam
1320 4136 1422 4185 merei-

280 4201 379 4251 iestum
400 4202 558 4263 redderent,
577 4201 700 4252 nullam'
692 4205 819 4254 iniuriam
870 4205 920 4255 bus
935 4202 1028 4270 quem)
1040 4206 1118 4267 plenu
1130 4205 1193 4253 viris
1204 4205 1366 4267 adseripest
1378 4219 1422 4253 ce-

281 4286 390 4321 manere
410 4273 570 4353 impunitam
594 4273 723 4338 ipsosque
748 4273 819 4325 filio'e
867 4274 933 4339 pit.“
963 4276 1008 4325 Ite
1018 4273 1085 4324 baec
1095 4273 1179 4325 rerba
1190 4272 1312 4323 reddidit
1324 4273 1420 4333 Valla,

281 4355 386 4402 eornm,
408 4341 454 4404 qui
473 4341 573 4392 iniuste
594 4343 730 4406 egissent,
754 4360 818 4409 poe·
864 4360 949 4425 quem
965 4336 1062 4401 ἁλιέας
1079 4344 1109 4407 (i.
1124 4360 1147 4394 e
1162 4342 1337 4406 piseotermer)
1361 4359 1419 4394 non

279 4425 342 4458 nem
358 4410 401 4458 vel
417 4409 497 4474 longo
513 4415 576 4475 post
592 4415 714 4475 tempore
728 4428 818 4463 acees-
864 4406 966 4471 Ἁλιέας
980 4413 1081 4479 legisse
1099 4414 1160 4463 inde
1175 4418 1308 4478 apparet,
1330 4412 1421 4463 idem·

278 4492 371 4529 euram
389 4479 506 4542 effugere
525 4479 597 4529 haud
613 4496 702 4545 posse.
739 4483 817 4533 Haec
869 4499 920 4549 que
937 4478 1055 4549 (ulline)
1071 4483 1239 4535 invenitur
1231 4499 1259 4533 ru
1274 4482 1420 4550 plerisque
