3100 5175
536 443 717 507 ERATO.
739 447 794 508 v1.
817 455 968 539 rio-nri

1253 446 1315 507 397

179 614 314 706 ὕστεροι
331 619 368 688 δὲ
378 616 576 708 ἀπικόμενοι
587 625 644 707 τῆς
660 626 829 708 συμβολῆς
844 624 1011 707 ἱμείροντο
1021 614 1110 707 ὅμως
1123 618 1315 707 θεήσασθαι

179 721 258 802 τούς
271 723 430 811 Μήδους,
446 723 603 802 ἐλθόντες
618 723 655 792 δὲ
670 726 702 802 ἐς
716 722 776 792 τὸν
788 728 991 810 Μαραθῶνα
1005 722 1205 810 ἐθεήσαντο·
1234 722 1316 812 μετὰ

180 826 218 894 δὲ
240 828 408 906 αἰνέοντες
436 824 638 915 Ἀθήναίους
664 829 720 894 καί
740 824 777 896 τὸ
799 835 899 916 ἔργον
919 817 1032 894 αὐτοῖν
1060 824 1313 896 ἀπαλλάσσοντο

180 926 298 998 ὀπίσω.

258 1039 384 1121 Θῶυμα
399 1034 439 1101 δέ
450 1060 523 1120 μοι,
545 1033 600 1100 καί
615 1028 677 1100 οὐκ
693 1033 871 1120 ἐνδέκομαι
886 1029 944 1101 τὸν
959 1030 1076 1118 λόγον,
1093 1028 1311 1122 Ἀλιιμαιοινί-
1324 1035 1378 1097 121
1457 1105 1460 1112 ,

180 1141 242 1216 δας
255 1133 298 1205 ἄν
312 1162 388 1205 κοτε
403 1133 561 1217 ἀναδέξαι
576 1135 725 1223 Πέρσῃσι
745 1140 781 1204 ἐκ
795 1136 1010 1223 συνθήματος
1023 1132 1166 1223 ιἰοπίδα,
1189 1144 1311 1225 βυυλο·

179 1241 301 1327 μένους
321 1235 388 1307 ὑπὸ
407 1237 610 1327 βαρβάροισί
627 1265 663 1307 τε
685 1238 771 1308 εἶναι
796 1237 998 1327 Ἀθηναίους
1024 1241 1079 1308 καὶ
1104 1236 1171 1310 ὑπὸ
1193 1237 1313 1329 Ἱππίῃ,

179 1347 302 1424 οἵτινες
316 1349 443 1431 μᾶλλον
464 1337 484 1429 ή
500 1338 621 1430 ὁμοίως
634 1349 765 1432 Καλλίῃ
779 1346 827 1435 τῷ
840 1349 1053 1428 Φαινίππου,
1072 1340 1262 1414 Ἱππονίκου
1276 1344 1313 1414 δὲ

180 1448 298 1534 πατρὶ,
320 1453 499 1534 φαίνονται
519 1446 756 1536 μισοτύραννοι
775 1447 896 1526 ἐόντες.
936 1454 1083 1534 Καλλίης
1102 1474 1138 1515 τε
1152 1445 1217 1536 γὰρ
1230 1454 1313 1536 μου·

213 1635 552 1725 υστεροιδὲαιτιιιόμενοι]
569 1647 721 1711 Spartanos
770 1647 813 1697 bis
841 1647 1078 1712 persuadeamus“
1114 1648 1124 1710 (
1132 1648 1215 1698 verba
1249 1654 1313 1698 snut

178 1718 327 1768 advenisse
347 1713 384 1781 τῇ
400 1706 534 1782 ὑστεραία
554 1715 605 1779 τής
629 1715 721 1782 μάχης
772 1717 989 1781 Waardenburgi
1003 1717 1045 1766 De
1060 1718 1157 1767 nativa
1170 1717 1311 1782 simplicit.

178 1786 261 1836 Plato
275 1786 381 1835 tradit
374 1801 401 1834 ru
415 1786 521 1837 Menex
534 1800 559 1849 p
576 1786 667 1866 2100,
690 1794 721 1836 ut
771 1786 904 1836 Herodot.
923 1803 950 1850 ρ.
971 1785 1043 1848 200).
1081 1787 1196 1837 Videtur
1220 1794 1312 1837 antem
1374 1833 1378 1842 .

179 1854 490 1919 observatWesseling.
520 1854 561 1903 Ad
578 1852 639 1905 τδν
658 1855 724 1905 Μα-
771 1855 819 1904 illa
832 1856 988 1905 criminatio
1002 1855 1115 1906 multum
1128 1858 1200 1922 apud
1216 1857 1312 1921 vulgus

179 1924 387 2007 quiescemus:
394 1929 463 1976 nott
472 1923 562 1986 adVl,
579 1925 637 1977 102.
657 1927 721 1975 Mox
771 1931 927 1990 propagata
940 1926 1025 1974 fuisse
1036 1927 1166 1991 gentique
1177 1928 1312 1977 nobrlmsr

178 2011 310 2047 revocavi
323 1988 484 2050 αίνεοντες
499 1997 530 2043 ut
546 1993 669 2060 plerique
683 1996 722 2044 fe
772 2011 832 2045 mae
846 1994 977 2045 invidiam
993 1996 1132 2057 attulisse
1150 2012 1232 2060 quam
1248 2012 1311 2046 ean

179 2055 247 2116 iuni
273 2064 338 2114 libri
366 2078 415 2128 pro
445 2057 622 2127 αἰνέσαντες,
648 2065 721 2129 quod
771 2065 832 2113 dem
837 2065 975 2143 ,opinior,
989 2065 1310 2144 tangitPindarnsPylh.

178 2133 470 2187 Schaelerusretinuit
472 2132 721 2200 ,qnodqneprobat
770 2136 825 2184 vll
846 2134 891 2182 fln.
927 2125 1009 2182 τὸδ’
1032 2130 1172 2211 ἄχνυμαι,
1194 2133 1311 2198 φθίνον

178 2208 224 2256 vir
239 2205 358 2254 doctus
351 2218 379 2252 sn
395 2203 457 2253 Jen.
471 2203 540 2252 Litt.
556 2205 625 2253 Zeit.
644 2205 720 2255 1817.
770 2196 958 2269 ἀμειβόμενον
975 2196 1008 2251 τὰ
1027 2196 1097 2252 καλοὶ
1119 2198 1185 2269 ἔργα
1204 2219 1230 2253 ιι
1245 2221 1269 2257 τ.
1285 2206 1310 2257 λ.

179 2291 223 2324 nr.
242 2276 298 2324 lut.
312 2288 374 2338 pag.
392 2270 452 2322 376.
770 2273 1313 2337 IndequoqueHerodotusvideturDahl-

772 2359 871 2393 manno
885 2341 1028 2406 (Herodot.
1045 2360 1072 2409 p.
1085 2343 1151 2405 58)
1144 2360 1171 2393 iu
1184 2344 1227 2407 iis,
1240 2360 1311 2409 quae

771 2413 797 2462 h.
816 2413 836 2464 1.
852 2413 946 2475 tradit,
969 2428 1002 2463 ea
1023 2421 1134 2464 secutus
1150 2430 1220 2478 esse,
1239 2430 1310 2479 quae

773 2483 845 2547 apud
859 2482 989 2548 populum
1006 2484 1181 2534 Pisistratum
1196 2490 1224 2533 et
1240 2485 1311 2534 Pisi-

771 2552 1311 2620 stratidasinsidiandioquepremeutem

771 2639 870 2688 sparsa
890 2623 1002 2674 fuerint.
1032 2624 1165 2688 Equidem
1188 2626 1311 2674 Herodo-

771 2699 830 2743 tum
846 2694 931 2754 iniis,
945 2708 1015 2757 quae
1027 2693 1053 2742 1ι,
1069 2693 1086 2742 l.
1108 2695 1194 2743 tradit
1207 2701 1235 2743 et
1248 2709 1310 2743 cou-

771 2762 958 2812 sultotradere
967 2762 1083 2823 videtur,
1095 2763 1123 2812 id
1135 2778 1228 2824 sinum,
1238 2764 1310 2828 qnod

771 2846 864 2881 rerum
877 2838 926 2887 est.
943 2840 1066 2882 secutum
1080 2834 1309 2883 essecredamea-

771 2917 824 2965 que
839 2902 871 2951 dc
881 2916 965 2950 causa
975 2903 1148 2965 potissimum
1162 2901 1309 2951 adductum

772 2969 925 3031 esseillum,
941 2978 973 3020 ut
987 2971 1087 3020 laruam
1098 2973 1168 3020 iuter
1181 2972 1309 3036 populum

361 2445 429 2495 Car.
446 2443 543 2494 cxiii.

217 2548 323 2629 &cispa
333 2542 366 2599 δέ
375 2562 434 2612 μοι,
447 2541 494 2596 καί
506 2539 559 2596 ουίι
571 2537 720 2613 ἐνδέκομαι

178 2616 232 2670 τὸν
245 2614 342 2685 λόγον]
361 2619 463 2682 Tangit
476 2618 633 2668 Herodotus
647 2618 721 2670 Plut.

180 2694 221 2743 lI.
242 2707 267 2754 ρ.
283 2690 334 2739 862
355 2689 379 2737 E
394 2704 438 2765 sq.
461 2687 565 2737 Eadem
592 2688 647 2737 lere
672 2690 721 2751 vl,

183 2761 247 2812 123·
263 2759 369 2837 θῶυμα
382 2772 423 2806 ων
434 2771 493 2820 μοι,
504 2753 552 2805 καί
562 2749 598 2805 ου’
610 2756 722 2821 προσίε-

179 2819 441 2895 μαιτήνδιαβολήν
457 2841 483 2877 ιι.
495 2830 519 2880 τ’
537 2827 560 2876 λ.
564 2832 722 2892 ,quoutro-

180 2916 235 2966 que
253 2901 315 2950 loco
333 2898 420 2947 Gaias.
440 2896 553 2947 dederat
569 2893 671 2959 θῶμα,
691 2902 722 2947 ut

180 2971 232 3030 V,l
255 2970 312 3020 117.
337 2968 443 3032 Insigni
467 2982 532 3016 vero
558 2966 720 3017 documento

180 3040 260 3089 hicce
274 3037 361 3099 locus,
379 3051 459 3102 quam
475 3037 630 3086 accurate'
624 3053 651 3086 ru
665 3038 720 3086 sin·

181 3108 249 3175 gula
261 3110 361 3159 Noster
375 3106 540 3171 inquisierit,
560 3105 632 3156 falsa
646 3121 663 3155 a
675 3121 722 3155 ve-

180 3181 222 3230 ris
234 3178 328 3230 sedulo
344 3178 497 3227 discernere
519 3175 632 3226 studens
649 3180 676 3226 et
692 3176 721 3224 iu

180 3247 336 3299 tractandis
343 3245 445 3297 fabulis
456 3246 556 3296 iustam
570 3242 664 3307 κρίσιν
674 3245 722 3294 ad·

181 3317 288 3368 hibens.
317 3317 396 3379 Quod
411 3315 481 3366 idem
504 3317 557 3365 iam
577 3330 661 3379 supra
676 3314 722 3364 ob-

182 3389 356 3439 servavimus
371 3387 399 3434 in
412 3389 482 3436 nott.
497 3385 532 3434 ad
545 3384 600 3445 lll,
615 3384 639 3436 3.
665 3384 721 3434 He·

180 3458 272 3508 rodoti
287 3471 353 3507 sane
368 3472 400 3506 eo
414 3455 501 3520 magis
518 3421 642 3505 interiuit
656 3469 721 3503 vera

164 3521 292 3578 'inhisee
306 3540 480 3591 cognoscere,
494 3539 548 3590 quo
561 3524 646 3574 maior
659 3523 722 3573 Alc-

182 3597 387 3648 maeonidarum
412 3596 507 3660 stirpis
538 3595 613 3644 fama
637 3598 721 3657 atque

181 3668 270 3734 gloria
286 3682 391 3716 omnem
404 3680 452 3729 per
467 3664 608 3715 Graeciam
623 3678 722 3729 propa·

182 3742 250 3803 gata
261 3752 311 3787 nec
324 3736 412 3785 minor
426 3735 512 3799 ipsius
528 3734 662 3784 Herodoti
677 3748 722 3783 cu-

183 3823 214 3857 ra
217 3820 414 3871 quaecunque
423 3804 457 3853 ad
465 3803 671 3855 Atheniensium
680 3797 722 3852 la

183 3882 278 3926 cenent
289 3876 402 3941 gloriam
406 3874 584 3939 ,praesertim
597 3874 722 3937 degente

184 3946 322 3998 libertatis
346 3961 364 3995 a
390 3946 516 4007 tyrannia
541 3943 723 3994 vindicandas

185 4015 388 4067 studiosissima
404 4014 451 4064 ubi
465 4014 609 4078 agebatur,
627 4029 660 4064 ea
677 4026 721 4063 cc·

183 4085 306 4137 lebrandi
319 4090 347 4134 et
364 4083 398 4134 ab
412 4083 517 4134 iniusta
530 4084 722 4133 criminatione

184 4155 288 4207 tuendi.
304 4153 382 4205 Conf.
391 4159 459 4204 nott.
468 4152 624 4215 advnluu.
644 4154 722 4216 Quae

185 4227 269 4291 igitur
282 4225 334 4274 hoc
348 4223 408 4274 loco
420 4223 575 4274 restituitur
581 4223 722 4273 Alcmaeo·

186 4294 310 4345 aridarum
324 4293 458 4355 defensio,
474 4298 589 4357 „tantas
602 4297 644 4343 est
660 4294 723 4343 sim-

186 4362 724 4430 plicitatistamquebonisprobabilibns·

770 3055 906 3103 sparsam,
925 3040 1127 3090 Alcmaeonidis
1146 3042 1310 3090 invidiosam

770 3109 845 3158 illam
858 3110 976 3174 quidem,
993 3110 1129 3160 refelleret
1139 3112 1265 3175 virosque
1277 3112 1313 3170 de

771 3182 831 3243 ipso
845 3180 946 3243 populo
964 3180 1077 3244 eiusque
1094 3180 1224 3230 libertate
1241 3182 1310 3230 bene

771 3249 882 3299 meritos
898 3250 970 3298 omni
983 3248 1054 3300 talea
1075 3249 1265 3300 criminatione
1277 3250 1310 3298 li-

771 3320 889 3371 beraret.

803 3379 985 3446 ἀναδέξαι-
952 3376 1116 3467 -u'omdu]
1139 3389 1263 3454 Respicit
1274 3387 1309 3439 ad

771 3459 818 3518 Vl,
829 3457 927 3509 llhiin.
946 3449 1081 3517 αναδεξαι
1093 3459 1225 3524 designo
1237 3458 1310 3524 quod

769 3526 883 3587 tollitur,
895 3528 1033 3578 invenitur
1045 3544 1152 3593 quoque
1170 3530 1233 3591 VII,
1250 3529 1309 3583 128.

770 3598 813 3646 De
830 3598 970 3647 locutione
984 3588 1013 3646 ἐκ
1033 3595 1219 3662 συνθήματος
1234 3599 1307 3649 conl

770 3670 803 3746 V,
825 3669 857 3717 74
881 3671 908 3717 et
927 3667 963 3718 ad
983 3683 1029 3729 ea,
1057 3682 1127 3751 quae
1146 3675 1308 3734 sequuntur:

769 3728 827 3785 ὑπο
819 3727 1011 3801 βαρβάροισί
1022 3751 1050 3786 τε
1063 3730 1138 3787 εἶναι
1150 3739 1224 3790 coni.
1238 3745 1308 3789 nott.

770 3807 805 3856 ad
818 3807 871 3870 lll
882 3808 966 3856 le
969 3806 1033 3868 ,30

801 3844 1014 3925 lanoviaovdi
1025 3872 1121 3940 πατρί]
1143 3876 1310 3927 criminatur

772 3945 840 3996 haec
858 3945 996 3995 Plutarch,
1013 3945 1030 3994 l.
1046 3946 1064 3995 l
1087 3947 1309 4026 quippeapatre

771 4015 903 4066 historiae
917 4015 1042 4064 iniecta
1035 4029 1063 4062 in
1077 4015 1194 4078 gratiam
1206 4016 1310 4078 Hippo—

771 4085 837 4145 niei,
867 4083 997 4134 ditissimi
1020 4084 1139 4132 omnium
1163 4082 1311 4135 Athenien-

772 4155 852 4205 sium.
889 4155 926 4202 At
955 4151 1003 4201 illa
1030 4158 1122 4202 aetate
1153 4168 1214 4203 oum
1238 4156 1310 4203 inter

771 4223 952 4274 Athenienses
971 4221 1077 4272 divitiis
1093 4228 1121 4273 et
1134 4222 1231 4287 opibus
1247 4225 1311 4273 emi-

773 4292 1028 4357 neretHippouicus
1041 4290 1087 4353 (de
1104 4308 1155 4356 quo
1169 4292 1226 4342 vid.
1239 4299 1310 4344 nott.

774 4363 810 4414 ad
824 4360 963 4412 Plutarch.
981 4360 1068 4413 Alcib.
1087 4377 1151 4428 pag.
1172 4362 1217 4431 99.
1237 4362 1310 4427 100),

187 4449 238 4500 que
255 4436 422 4499 argumentis
445 4433 583 4495 firmatur,
607 4439 639 4484 nt
654 4431 725 4483 ialso
774 4433 890 4498 indeque
914 4431 1073 4481 notissimus
1090 4437 1178 4494 esset,
1206 4434 1310 4497 optima

188 4519 234 4556 eos
246 4504 411 4570 proditionis
425 4502 577 4555 insimulari
588 4504 726 4554 facilene-

773 4501 1189 4570 hinceinsnomiuaudioooasio,
1204 4501 1311 4567 qualem
