3100 5175
460 435 729 500 POLYMNIA.
750 437 824 501 VII.
850 445 1002 503 rut-tur.

1234 437 1292 500 621

165 619 256 698 ρίαν,
281 607 357 701 μήτ’
375 613 589 698 ἐπεπειρέατο
611 608 725 681 αὐτοῦ.
766 613 843 680 Elui
864 610 901 680 δὲ
921 607 1004 681 κατὰ
1016 615 1121 678 ταῦτα
1134 606 1174 678 τοὶ
1191 619 1366 699 χωρίαΙῖθ

164 719 221 784 nul
235 718 368 796 λέοντες
382 718 514 811 πολλοὶ,
538 717 594 783 καὶ
607 716 685 804 βόες
704 711 832 802 ἄγριοι,
852 719 920 783 των
932 711 973 782 τὰ
994 715 1092 799 κέρεα
1106 708 1297 801 ὑπερμεγά-

164 818 231 889 θεα
246 822 333 904 ἐστι,
353 817 392 887 τὰ
407 816 609 906 έςἝίληνας
623 821 811 907 φοιτέοντα.
839 809 938 905 οὖρος
953 817 989 885 δὲ
1003 817 1089 885 τοῖσι
1103 819 1219 886 λέουσί
1230 821 1299 887 ἐστι

164 921 232 991 ὅτε
248 920 296 991 δι’
316 919 490 1011 Ἀβδήρων
503 925 590 1016 ῥέων
603 920 750 1010 ποταμός
763 924 892 1002 Νέστος
906 923 960 989 καὶ
976 915 994 990 ὁ
1014 917 1060 989 δι’
1081 916 1300 1011 Ἀκαρνανίης

165 1028 254 1116 ῥέων
273 1022 452 1119 Ἀχελῷος.Ι
475 1022 553 1095 οὔτε
574 1024 691 1114 γὰρτὸ
713 1022 795 1112 πρὸς
816 1024 876 1115 τὴν
892 1022 942 1113 ἠῶ
959 1028 1019 1093 τοῦ
1040 1026 1174 1092 Νέστου
1195 1022 1298 1095 οὐδα-

164 1129 247 1219 μόθι
263 1130 369 1216 πόσης
389 1134 446 1218 τῆς
468 1136 660 1218 ἔμπροσθεν
674 1126 841 1217 Εόροόπης
855 1133 923 1197 ίδοι
937 1155 988 1207 τις
1007 1122 1051 1195 ἂν
1065 1128 1199 1212 λέοντα,
1221 1128 1299 1198 οὔτε

165 1230 248 1320 πρὸς
260 1233 401 1319 ἑσπέρης
415 1238 475 1301 τοῦ
492 1230 657 1326 Ἀχελῴου
671 1240 708 1302 ἐν
722 1237 762 1324 τῇ
779 1236 941 1324 ἐπιλοίπῳ
955 1228 1100 1324 ἠπείρῳ,
1117 1227 1191 1299 ἀλλ’
1210 1235 1245 1301 έν
1260 1237 1302 1325 τῇ

163 1333 289 1424 μεταξὺ
303 1336 432 1405 τούτων
451 1342 520 1404 τῶν
542 1340 700 1424 ποταμῶν
714 1343 877 1422 γίνονται.
916 1330 973 1414 Ὡς
988 1333 1026 1403 δὲ
1041 1337 1074 1413 ές
1087 1332 1149 1422 τὴν
1163 1338 1366 1425 ΘίρμηνΙῖῚ

164 1436 303 1507 ἀπίκετο
324 1433 342 1507 ὁ
363 1441 502 1526 Ξέρξης,
529 1444 648 1526 ἵδρυσε
674 1436 780 1508 αὐτοῦ
798 1436 860 1527 τὴν
878 1436 1045 1526 στρατιήν.
1085 1440 1200 1527 ἐπέσχε
1221 1440 1257 1508 δὲ
1279 1436 1297 1508 ὁ

164 1540 310 1629 στρατὸς
321 1539 426 1611 αὐτοῦ
445 1541 790 1631 στρατοπεδευόμενος
808 1540 870 1631 τὴν
889 1538 979 1631 παρὰ
998 1540 1173 1610 θάλασσαν
1186 1543 1299 1633 χώρην

163 1743 274 1805 Ιοοοοιι,
294 1757 342 1809 per
355 1742 593 1808 Peloponnesum
586 1743 708 1810 rnoogni·

164 1818 218 1865 tos.
254 1813 307 1864 Sed
323 1811 394 1861 idem
412 1812 548 1865 Homerus
565 1818 658 1865 leonem
681 1819 709 1864 et

162 1893 263 1934 τααηιιιι
276 1886 428 1948 pugnantes
442 1882 515 1933 hond
536 1883 619 1935 semel
637 1899 708 1934 eom

163 1957 298 2003 memoret
317 1953 360 2002 lli.
378 1951 447 2014 Xll,
467 1953 527 2003 203.
548 1953 627 2015 XVI,
644 1955 705 2004 437.

162 2023 258 2085 XVII,
276 2023 342 2073 5422
364 2021 482 2087 indeque
506 2024 589 2072 etism
606 2023 708 2088 Pythio

162 2094 193 2143 in
205 2091 309 2143 oraculi
321 2092 460 2154 versibus,
484 2090 556 2141 infru
569 2095 640 2157 opud
653 2095 708 2144 He·

162 2162 288 2212 rodotum
297 2159 361 2222 Vll,
373 2161 425 2212 220
433 2161 558 2225 protetio.
581 2162 649 2211 Inde
661 2162 708 2212 ob-

162 2237 260 2283 servet
272 2229 372 2281 Pinder
390 2229 562 2295 (Numismm.
576 2231 666 2282 inedd.
682 2232 705 2283 1.

161 2316 227 2367 peg.
235 2299 291 2365 20),
302 2299 497 2350 Aesnthiorum
507 2300 534 2349 in
544 2303 632 2352 numis
643 2316 708 2351 eon-

162 2371 235 2436 spiei
258 2373 350 2421 leonem
373 2375 400 2419 et
421 2377 519 2419 ιαιιταιιι
544 2378 706 2436 pugnantes,

162 2441 300 2505 suffertque
315 2454 441 2502 numum,
461 2440 549 2505 quiin
564 2447 641 2504 perte
659 2456 707 2490 en·

163 2512 222 2560 tien
245 2509 354 2560 exhibet
375 2511 471 2559 leonem
497 2514 525 2558 et
546 2510 706 2560 bucrouium

162 2597 224 2633 eum
244 2578 387 2635 cornibus:
419 2580 447 2629 in
472 2595 523 2645 quo
543 2596 624 2631 numo
644 2580 704 2631 illu·

161 2651 278 2703 strendo
293 2650 335 2701 vir
349 2648 446 2699 doetus
463 2649 543 2700 buius
555 2646 706 2701 Heroddtei

161 2721 219 2772 loei
230 2736 284 2770 non
300 2719 354 2769 init
368 2719 520 2779 immemor;
537 2720 610 2784 conf.
624 2722 707 2771 etism

162 2790 297 2841 Classiesl
310 2790 432 2839 Museum
447 2789 469 2838 I.
483 2804 547 2854 pag.
560 2788 593 2839 85
606 2795 633 2840 et
646 2790 708 2841 vide

162 2876 236 2926 quus
251 2860 284 2910 de
302 2857 426 2909 leonibus
445 2874 493 2923 per
512 2858 562 2910 has
582 2861 707 2925 regiones

162 2930 227 2980 olim
240 2927 312 2980 houd
325 2928 541 2993 infrequentibus
555 2931 707 2982 monuimus

162 3000 199 3051 ad
213 3001 260 3064 VI,
275 3002 317 3051 44.

330 3135 396 3186 Cur.
417 3136 539 3187 CXXVI.

199 3234 264 3305 βόες
280 3228 387 3305 ἄγριοι]
408 3239 544 3291 Credibile
560 3243 603 3290 est
624 3239 657 3288 de
673 3254 705 3290 eo

161 3310 191 3360 h.
199 3309 218 3360 Ι.
225 3310 270 3374 ogi
281 3308 360 3358 boum
370 3324 478 3374 genere,
488 3310 532 3359 oni
542 3324 614 3359 nune
624 3307 705 3373 vulgo

161 3394 261 3430 nomen
273 3383 315 3429 eet
327 3379 459 3429 Aueroelrs
470 3395 492 3430 s.
508 3381 616 3430 Wioeut.
641 3377 706 3429 -Plu-

77 3468 83 3477 ·
159 3450 232 3499 rirno
249 3447 325 3499 dubit
336 3447 486 3499 Schneider
497 3450 536 3499 iu:
556 3448 704 3498 Anmerlrk.

161 3536 188 3570 π.
204 3517 317 3584 Belogg.
331 3517 425 3583 physe.
438 3533 499 3583 pag.
510 3519 544 3569 25
559 3533 576 3567 α
586 3519 635 3569 Or.
648 3517 706 3568 lon·

161 3589 256 3639 dutus.
273 3588 458 3639 Hosoeboves
468 3587 623 3651 silvestres,
639 3603 704 3652 quo·

160 3674 222 3709 rurn
234 3673 337 3708 eornue
351 3659 483 3708 immense
496 3663 559 3708 sunt
570 3658 706 3722 magnitu-

159 3729 236 3792 dine,
255 3728 332 3779 norit
345 3742 453 3793 quoque
464 3726 664 3792 Theopompus,
677 3728 705 3776 iu

159 3798 299 3848 Paeonios
308 3797 427 3863 Philippi
440 3796 616 3862 expeditione
628 3812 705 3847 ener-

161 3867 251 3919 ronde
274 3868 314 3917 sie
334 3867 456 3918 soribsns
473 3872 544 3918 teste
562 3866 704 3917 Athenaeo

162 3938 218 4000 XI,
234 3935 284 3987 ol:
302 3928 370 3994 τούς
383 3928 416 3985 dl
431 3929 566 3985 Παιόνων
581 3933 705 4003 βασιλεῖς

160 4140 257 4211 μένων
269 4139 376 4210 μεγαλα
381 4142 491 4228 κέρατα
503 4137 651 4224 φυόντων,
665 4134 704 4201 ὦς

160 4217 267 4296 perpetu
284 4217 358 4279 τρεις
374 4232 393 4280 η
381 4207 542 4297 τέτταρας
556 4204 639 4291 χόας,
660 4203 704 4262 tx-

159 4281 283 4350 ποόματα
295 4287 390 4335 ποιειν
404 4275 484 4344 έξ’
447 4282 557 4347 notor,
577 4298 612 4331 τα
626 4280 705 4347 χείλη

160 4368 427 4419 περιαργυροοντας
445 4350 493 4404 καὶ
495 4348 704 4434 χρυσοῦντας,

161 4429 192 4477 et
203 4440 315 4509 esp.
258 4424 327 4476 34:
345 4420 413 4486 περὶ
424 4416 502 4473 δὲ
469 4439 523 4488 την
534 4420 668 4472 Μολοσσί
656 4417 704 4470 ίδα

163 4489 195 4545 ot
212 4485 315 4564 βοες“
299 4492 436 4560 exspem}
454 4485 636 4558 ίστοροννται
660 4488 702 4540 κέ-

758 1758 829 1806 ρατα
855 1736 942 1807 ἔχειν,
974 1728 1089 1807 περὶ
1068 1757 1108 1791 ων
1135 1742 1185 1807 τῆς
1215 1759 1299 1793 κατα-

758 1811 859 1877 σκευῆς
876 1805 1077 1874 Θεόπομπος
1064 1820 1180 1875 ιστορει
1221 1801 1299 1876 Quae

757 1881 915 1946 tulissent,
933 1887 964 1931 ut
975 1882 1010 1931 sd
1024 1882 1156 1932 Herodoti
1170 1885 1254 1934 rerba
1267 1885 1299 1934 il-

756 1952 901 2002 lustrando
922 1951 1047 2014 vsleent,
1073 1967 1161 2018 neque
1180 1970 1244 2005 vero
1265 1972 1298 2004 ex

756 2021 898 2072 Herodoto
911 2022 1011 2070 iterate
1024 2022 1184 2086 videantur,
1198 2029 1229 2072 ut
1240 2024 1298 2088 pla-

757 2098 802 2142 eet
815 2090 979 2141 Frommelio
998 2092 1025 2140 in
1045 2091 1173 2142 Creuzeri
1191 2093 1297 2144 Melett.

757 2161 809 2212 111.
828 2176 890 2226 pag
904 2160 963 2212 139.
988 2161 1030 2212 De
1042 2160 1093 2211 hoe
1105 2162 1184 2212 boum
1199 2179 1297 2228 genere

756 2246 828 2281 nune
839 2231 993 2296 disputavit
1008 2230 1210 2282 Tehihsteheff:
1232 2235 1298 2284 Asie

756 2303 877 2350 mineure
892 2300 929 2349 11.
944 2315 1007 2366 peg.
1020 2300 1071 2350 750
1088 2317 1163 2368 seqq

791 2367 826 2419 τοὶ
843 2359 897 2427 ές
896 2369 1021 2434 nuper
1040 2368 1203 2435 φοιτέοντα]
1224 2371 1296 2422 Arti-

756 2441 844 2492 oulum
865 2453 933 2496 τους
947 2445 1010 2505 post
1025 2429 1053 2497 ές
1071 2441 1152 2507 vulgo
1167 2441 1264 2492 libris
1257 2458 1298 2491 rn-

755 2511 821 2561 vitis
834 2511 964 2561 insertum
974 2508 1098 2575 equidem
1111 2527 1171 2562 eum
1182 2518 1297 2562 reeentt.

755 2580 816 2632 edd.
835 2579 932 2633 delevi.
972 2581 1047 2643 Quos
1062 2581 1171 2632 eosdem
1187 2588 1298 2633 secutus

756 2653 884 2786 utu
903 2649 975 2786 tt
989 2641 1128 2770 ‘utu
1151 2643 1298 2773 tutu

756 2789 798 2840 Ad
813 2793 976 2839 structurum
991 2791 1213 2870 praepositionis
1217 2782 1297 2873 πρὸς,

756 2875 827 2925 quse
839 2874 900 2909 enm
917 2859 1076 2909 accusativo
1090 2852 1173 2923 (πρός
1182 2874 1235 2923 την
1245 2853 1300 2936 η’ὠ)

756 2919 1299 3062 ἓέἓῖξτ33ἓέ03333ὲέ3οέ33

756 3085 813 3132 ται,
831 3066 885 3117 vid.
902 3066 988 3116 sllnts
1005 3067 1040 3117 sd
1056 3068 1108 3129 IV
1129 3070 1185 3117 122.
1208 3066 1253 3118 191
1269 3072 1297 3116 et

756 3139 794 3189 cf.
815 3152 885 3203 quse
909 3152 995 3201 nuper
1020 3135 1150 3188 disseruit
1171 3136 1296 3187 Fritsch·

755 3205 910 3272 Vergleieh.
930 3206 1067 3257 Beerbeit.
1094 3206 1120 3259 d.
1142 3207 1248 3258 Grieeb.
1269 3222 1297 3258 u.

755 3276 863 3328 Letoia.
875 3276 1014 3327 Parrikeln
1025 3277 1062 3326 II.
1074 3292 1101 3341 p.
1116 3278 1171 3327 121.
1195 3279 1236 3327 De
1247 3278 1298 3326 Ne·

754 3356 794 3398 sto
814 3346 898 3396 fluvio
917 3346 972 3397 vid.
994 3350 1064 3397 nott.
1083 3347 1118 3397 ad
1138 3347 1207 3410 VIl,
1230 3347 1294 3407 1093

756 3417 789 3467 de
801 3416 910 3466 Acheloo
931 3417 986 3466 vid.
1001 3416 1135 3467 Herodoti
1151 3417 1238 3467 locum
1256 3418 1295 3479 ΙΙ,

757 3487 803 3547 10;
826 3485 897 3536 elios
912 3491 1034 3536 veterum
1051 3486 1126 3537 locos
1145 3487 1296 3538 attulerunt

757 3555 909 3606 Tzsehuek.
927 3558 955 3606 in
971 3561 1040 3606 nott.
1054 3572 1147 3623 exegg.
1168 3557 1204 3607 nd
1217 3558 1296 3608 Pom·

754 3642 818 3691 pon.
835 3625 897 3675 Mel.
909 3624 948 3688 II,
961 3626 985 3676 3.
1001 3629 1025 3690 ἕ.
1041 3626 1080 3677 l0.
1096 3643 1158 3692 pag.
1173 3626 1224 3677 330
1236 3644 1293 3692 seq.

754 3704 783 3747 et
794 3696 926 3760 Forbiger
939 3694 958 3746 l.
974 3695 992 3748 l.
1010 3696 1061 3744 111.
1076 3712 1101 3760 p.
1116 3697 1177 3757 872,
1192 3697 1241 3761 qui
1253 3712 1295 3746 re-

752 3766 886 3815 centiores
906 3780 1012 3831 qnoque
1030 3763 1165 3815 indicarit
1180 3766 1295 3829 scripto-

753 3851 813 3897 res,
834 3836 880 3900 qui
892 3835 973 3884 buius
990 3834 1081 3896 fluvii,
1099 3835 1143 3883 oni
1156 3849 1228 3884 nuno
1245 3851 1294 3886 no-

754 3920 815 3955 men
828 3905 1027 3965 Aspropotomo,
1044 3904 1208 3954 mentionem
1223 3904 1295 3956 feee-

753 3977 832 4033 runt3
852 3973 894 4022 his
907 3978 938 4022 tu
950 3972 1012 4023 edd
1026 3973 1059 4023 R.
1073 3973 1236 4024 Sobillbseh
1249 3978 1293 4025 in:

695 4041 932 4114 Archaeolog.
951 4044 1065 4106 Anzeig.
1089 4043 1161 4091 XVI.
1181 4058 1222 4095 nr.
1245 4044 1294 4094 112

695 4104 957 4188 (annituntur).
971 4110 1158 4162 l86*.-Pro
1171 4108 1294 4162 τουτέων

752 4181 865 4231 exhibui
876 4172 994 4228 τούτων.

914 4318 978 4370 Cur.
998 4317 1135 4371 CXXVII.

789 4414 884 4507 χώρην
897 4414 1030 4487 τοσήνδε]
1041 4424 1086 4473 Its
1097 4423 1206 4503 plurimi
1215 4425 1296 4478 eodd.

753 4492 860 4556 Quod'
852 4509 880 4543 ιο
897 4493 960 4543 eliis
976 4499 1068 4544 exstet
1086 4487 1220 4557 τοσόνδε,
1240 4511 1295 4547 non
