3100 5175
440 402 806 465 TERPSIOHORE.
829 406 868 467 V.
891 415 934 469 5&
957 416 1001 471 59.
1245 406 1285 466 99

145 584 254 656 λωνος
266 579 327 644 τοῦ
343 570 511 664 Ἰσμηνίου
530 572 569 645 ἐν
583 576 712 667 Θήβῃσι
725 583 801 667 τῇσι
816 583 974 648 Βοιωτῶν
995 575 1048 647 ἐπὶ
1070 586 1204 668 spinosi
1219 599 1285 649 τισι

145 775 214 827 dem.
242 777 284 826 Ac
298 776 455 828 Pausanias
469 791 574 843 quoque
587 778 636 840 IX,
648 776 689 828 10.
741 779 802 844 bus,
814 781 869 845 qui,
880 794 949 845 quae
959 778 1113 844 tripodibus
1123 779 1178 830 illis
1190 780 1284 830 inscri-

142 850 166 908 ς.
179 848 197 896 4
212 846 286 897 inter
298 846 431 913 tripodes,
445 847 542 911 quihus
554 846 691 911 Apollinis
741 855 791 913 pta
801 850 977 914 erantprisct
986 849 1080 914 lingat
1091 849 1242 916 priscisque
1254 848 1285 899 li-

142 915 457 982 lsmenIitempluml'nit
467 920 690 978 ornatum,nnum
740 920 816 981 teris,
829 919 857 969 in
866 919 937 969 hunc
948 918 1088 969 cultiorem
1099 919 1285 983 utiqueGrae-

142 986 320 1049 potissimum
328 990 462 1037 memorat
473 986 608 1052 tripodem
619 988 690 1036 anti·
740 981 835 1053 c‘isque
856 988 904 1038 ills
921 989 1078 1054 antiquiora
1095 989 1284 1051 ignorantibus

141 1056 250 1120 quitata
280 1071 368 1122 aeque
401 1055 569 1107 celebratum
604 1063 688 1122 atque
741 1059 838 1109 mellus
850 1059 990 1124 cognitum
1001 1073 1150 1109 sermonem
1164 1064 1284 1109 transtu·

135 1125 301 1176 dedicantis
346 1126 433 1188 lorit,
461 1125 604 1177 donarium
626 1127 691 1177 Am·
739 1126 823 1179 lerint
842 1132 924 1193 atque
943 1129 984 1177 sic
1002 1128 1144 1178 Herodoto
1163 1128 1284 1178 tradide-

141 1194 300 1260 phitryonis
320 1142 367 1245 gri
384 1188 520 1258 Ἡρακλεῖ
535 1193 690 1259 deosque-
738 1197 805 1247 rint.
839 1199 977 1260 Tripodes,
1001 1213 1113 1262 quorum
1132 1199 1186 1247 iam
1209 1198 1283 1262 apud

141 1259 278 1328 nquam,
299 1266 373 1316 unde
394 1270 487 1315 tamen
509 1264 594 1315 aliurn
617 1265 690 1315 hunc
738 1268 885 1317 Homerum
900 1267 1027 1331 frequens
1045 1267 1163 1328 mentio,
1182 1269 1281 1332 partim

141 1349 203 1384 esse
229 1336 367 1399 tripodem
397 1340 479 1399 atque
503 1335 688 1386 Herodeteum
738 1337 775 1386 ad
792 1335 989 1401 supellectilem
1004 1336 1180 1387 domesticam
1196 1338 1282 1402 perti-

138 1404 200 1454 vult
217 1404 336 1454 Sisbelis
354 1404 390 1454 ad
400 1406 521 1455 Pansan.
534 1404 552 1456 l.
567 1404 586 1456 l.
601 1422 627 1469 p.
643 1405 685 1454 35.
737 1407 848 1468 nebant,
859 1407 951 1456 varios
962 1405 996 1455 ad
1007 1420 1071 1457 usus
1081 1406 1209 1469 adhibiti,
1221 1421 1282 1471 par-

139 1473 181 1523 De
205 1472 297 1524 literis
323 1474 426 1539 tripodi
452 1474 596 1539 insculptis
618 1474 687 1523 nibil
737 1476 786 1525 tim
801 1477 836 1527 ad
849 1491 961 1526 munera
970 1480 1067 1541 sponte
1079 1476 1175 1525 amIcis
1189 1476 1283 1527 oblata

140 1543 294 1608 quidquam
316 1550 510 1595 commemorat
522 1544 686 1605 Pausanias,
737 1545 781 1596 vel
807 1547 930 1610 praemia
952 1545 982 1594 in
1000 1545 1197 1595 certaminibus
1220 1545 1282 1595 dari

139 1628 207 1677 quas
223 1614 384 1665 Herodotus
398 1629 428 1664 se
442 1614 543 1664 vidisse
557 1616 687 1677 testatur,
736 1614 820 1664 solita
832 1615 993 1665 victoribus.
1019 1615 1072 1676 Qui
1083 1615 1164 1664 iidem
1177 1630 1237 1664 cum
1252 1615 1280 1664 in

138 1698 280 1748 quasque,
299 1684 335 1733 ab
347 1682 488 1733 Herodoto
499 1697 562 1733 mox
574 1680 686 1744 allatas,
737 1699 818 1734 sacra
841 1683 977 1749 Apollinis
993 1683 1162 1747 supellectile
1179 1690 1281 1746 essent,

139 1768 156 1802 a
167 1753 269 1802 dextra
285 1753 320 1803 ad
333 1753 442 1803 laevam
456 1753 622 1818 processisse
637 1767 686 1817 pro
737 1753 859 1804 crebrius
878 1754 913 1803 ab
927 1752 1118 1816 antiquissimo
1134 1753 1196 1803 inde
1215 1758 1282 1802 tenr-

138 1823 254 1887 sntiquo
272 1838 348 1873 more
367 1822 440 1872 haud
457 1821 527 1873 male
543 1822 597 1873 riri
613 1822 687 1871 docti
737 1839 818 1888 pore,
833 1823 993 1889 praesertim
1009 1827 1155 1889 antequam
1171 1822 1279 1873 simula·

138 1892 326 1958 suspicantur.
351 1894 411 1955 Quo
425 1892 514 1942 minus
527 1907 589 1942 cum
602 1892 634 1940 F.
651 1893 684 1941 A.
736 1909 785 1944 ora
797 1892 923 1944 dedicare
936 1896 1126 1954 consuessent,
1135 1892 1162 1939 in
1172 1892 1279 1956 templis

138 1961 238 2012 Wolfio
252 1962 380 2027 Prolegg.
400 1962 436 2011 ad
451 1962 563 2011 Homer.
584 1976 612 2025 p.
626 1960 682 2012 LV.
737 1962 872 2027 Apollinis
879 1978 928 2027 pro
936 1961 1058 2011 donariis
1066 1960 1280 2011 collocabantur.

139 2030 286 2095 iaciamus,
300 2032 427 2094 mirante,
442 2031 513 2095 quod
527 2029 684 2080 Herodotus
736 2031 928 2094 Quorumhinc
937 2044 1063 2082 numerus
1074 2036 1223 2095 temporum
1234 2030 1280 2081 da·

137 2100 206 2151 haec
223 2105 427 2167 epigrammata
444 2099 481 2150 nd
498 2099 594 2150 Cadmi
608 2105 684 2149 aeta·
736 2117 836 2163 cursu,
852 2105 882 2150 ut
898 2100 944 2161 lit,
958 2100 1073 2150 maxime
1087 2102 1187 2158 crorit;
1208 2100 1278 2150 unde

137 2175 192 2221 tem
215 2173 340 2236 proxime
366 2169 492 2220 retrudat
519 2175 547 2220 et
565 2171 686 2219 Homero
736 2170 857 2233 iactum,
877 2176 908 2220 ut
926 2170 1040 2218 Ismenii
1056 2169 1191 2234 Apollinis
1213 2173 1279 2220 tem·

137 2241 226 2291 trihus
242 2245 396 2306 quatuorve
416 2238 515 2291 seculis
535 2239 686 2290 constituat
735 2240 819 2305 plum,
831 2242 860 2290 in
873 2255 926 2305 quo
939 2243 995 2289 tam
1006 2238 1085 2289 multi
1096 2239 1279 2291 servabantur

138 2311 245 2374 priora;
258 2312 355 2375 itaque
364 2309 533 2360 Herodotum
545 2308 687 2360 contendit
736 2309 874 2375 tripodes,
885 2308 1022 2359 Pindarus
1037 2313 1149 2359 vocaret
1168 2307 1279 2361 thesau-

138 2396 154 2430 α
167 2380 401 2430 monstratoribus
414 2379 454 2429 sic
464 2378 588 2429 edoctum
601 2378 686 2428 luisse
735 2395 796 2430 rum
806 2377 944 2445 tripodum
959 2392 1102 2428 aureorum
1113 2376 1220 2443 Pythio.
1236 2379 1277 2429 IX

137 2454 297 2516 etsccepts
308 2465 358 2514 pro
372 2463 446 2498 more
459 2447 596 2511 retulisse,
607 2447 683 2498 doce·
735 2450 797 2500 init.
825 2449 889 2498 Vid.
902 2447 1045 2513 Spanhem.
1064 2447 1100 2498 ad
1114 2446 1275 2500 Callimacb.

28 2569 29 2586 ,
137 2526 216 2584 ptum
229 2520 369 2571 inusitati
380 2519 521 2568 literarum
536 2517 624 2568 formd
634 2531 685 2567 nec
734 2519 771 2569 H.
782 2519 809 2568 in
821 2517 882 2572 Del.
891 2517 933 2568 89.
941 2533 966 2582 p.
975 2518 1024 2568 451
1033 2518 1065 2567 Ε.
1073 2521 1100 2567 et
1113 2532 1182 2581 quae
1194 2532 1278 2580 supra

29 2588 31 2615 ³
136 2591 247 2656 ingenio
275 2591 346 2641 satis
367 2590 482 2640 subacto
510 2590 683 2641 instructum.
736 2589 878 2640 attulimus
888 2589 924 2638 ad
937 2588 960 2649 Ι,
974 2590 1018 2639 92.
1032 2586 1148 2648 Ν,179.
1160 2586 1277 2637 Orsuae·

29 2678 31 2733 ξ
137 2660 218 2722 Quod
245 2665 279 2710 ut
297 2659 422 2723 credam,
447 2657 547 2708 adduci
569 2671 684 2721 nequeo,
734 2675 780 2710 rus
802 2658 900 2709 laudat
918 2656 1059 2707 Thierseh.
1080 2655 1210 2720 Epochen
1229 2655 1276 2706 der

136 2732 300 2795 praesertim
328 2745 390 2779 oum
408 2727 579 2780 Herodotum
602 2732 683 2776 tanta
733 2728 801 2778 hild.
814 2730 904 2777 Knnst
916 2741 979 2791 pag.
993 2725 1042 2775 147
1055 2725 1098 2775 ed.
1112 2723 1160 2775 alt.

137 2815 197 2850 cum
217 2814 287 2850 curs
305 2799 335 2848 in
356 2798 424 2848 haec
448 2798 625 2863 inquisivisse
643 2797 683 2845 vi·
769 2790 799 2846 ἐν
820 2793 861 2863 τῷ
883 2787 937 2860 ἱρῷ
961 2794 1014 2843 τοῦ
1029 2783 1201 2851 ’Λπόλλωνος
1222 2789 1276 2841 τοῦ

31 2908 33 2923 .
137 2868 225 2933 deam,
239 2884 311 2935 quse
323 2868 386 2918 inde
398 2868 439 2919 sio
448 2866 552 2930 retulit,
563 2869 594 2917 ut
605 2866 682 2915 lirma
727 2856 873 2931 Ἰσμηνίου
884 2857 914 2913 ἐν
920 2855 1040 2928 Θήβῃσι]
1052 2862 1186 2926 Apollinis
1192 2862 1276 2913 Isme-

31 2938 32 2943 ’
136 2954 255 3002 severs,
269 2939 362 3003 prouti
375 2937 683 3002 ipsirisserant,are·
732 2936 772 2986 nii
787 2934 917 2999 templum
933 2933 969 2982 nd
983 2931 1106 2995 dextram
1120 2930 1275 2981 Thebarum

135 3007 219 3074 liquis
232 3008 331 3058 haberi
344 3006 441 3070 vellet,
460 3005 529 3057 adeo
542 3010 589 3068 ut,
609 3004 681 3069 quod
731 3010 841 3071 portam
862 3002 916 3053 fuit
941 3004 1121 3063 exstructum,
1146 3001 1174 3048 in
1196 2998 1275 3061 colle,

32 3086 33 3125 l
136 3079 170 3128 ad
189 3079 315 3144 ipsarum
335 3077 477 3128 literarum
494 3091 528 3126 ao
544 3075 681 3140 tripodum
732 3090 813 3139 quem
827 3070 1039 3138 praeterlabitur
1052 3069 1187 3119 Ismenius
1202 3068 1275 3120 rivu-

32 3144 33 3149 ’
136 3149 333 3213 antiquitatem
351 3147 467 3209 attinet,
494 3143 584 3196 nullus
603 3143 682 3193 dubi·
732 3144 784 3195 lus.
812 3141 875 3194 Vid.
888 3141 1008 3191 Pausan.
1020 3140 1069 3201 IX,
1083 3140 1124 3190 10.
1141 3140 1166 3200 ξ.
1178 3140 1204 3188 2.
1221 3139 1276 3188 He-

33 3216 35 3247 l
136 3219 215 3268 tandi
239 3218 319 3268 locus
340 3216 525 3281 relinquatur3
550 3228 632 3278 quam
652 3215 681 3262 in
731 3214 819 3265 rodot.
832 3212 855 3274 1,
868 3211 912 3271 ts,
924 3210 971 3260 ubi
983 3208 1102 3259 eiusdem
1114 3207 1190 3258 sedis
1202 3222 1275 3256 men-

136 3304 191 3338 rcm
213 3302 323 3353 quoque
340 3285 428 3336 mults
450 3283 564 3350 protulit
585 3286 682 3333 contra
732 3284 782 3346 tio,
794 3281 873 3344 VIII,
886 3278 936 3330 134
949 3277 1007 3344 (nbi
1020 3278 1052 3328 de
1065 3275 1186 3339 oraculo,
1201 3276 1274 3340 quod

33 3348 35 3389 ¹,
134 3356 263 3408 Wolflnm
274 3357 364 3407 Mure:
381 3355 496 3418 History
506 3353 538 3404 oi
547 3351 593 3402 the
605 3350 679 3416 lang.
731 3345 1274 3414 sacrificantesApolliuiindesumebsut),

34 3426 35 3481 ζ
135 3428 187 3479 and
201 3427 309 3480 litarat.
324 3425 354 3476 of
362 3439 423 3475 ano.
435 3424 538 3474 Graece
548 3423 603 3473 111.
619 3435 681 3486 pag.
732 3420 901 3485 PindPyth.
917 3419 966 3478 XI,
980 3416 998 3467 6
1010 3417 1068 3483 (ubi
1083 3416 1139 3466 vid.
1152 3415 1272 3467 Boeckh.

134 3495 430 3563 Adbseqq.,Herodoto
446 3494 680 3559 patrocinaturus·
732 3490 882 3556 Explicatt.
896 3504 923 3553 p.
938 3486 1016 3550 337),
1032 3484 1158 3551 Sophocl.
1175 3484 1273 3549 Oedip.

136 3567 216 3628 Quod
228 3566 266 3615 ad
278 3567 354 3629 Ipsos
367 3578 464 3615 versus
476 3562 577 3614 attinet
596 3561 681 3625 tripo·
733 3563 798 3626 Tyr.
811 3559 854 3621 21,
870 3563 898 3610 et
911 3557 984 3609 coni.
997 3555 1028 3606 C.
1041 3556 1072 3606 Ο.
1086 3554 1213 3606 Mueller:
1227 3554 1276 3604 Or-

35 3630 36 3679 i
135 3636 213 3686 dibus
227 3634 393 3699 inscriptos,
414 3648 481 3700 quos
495 3631 530 3681 ad
543 3629 682 3681 Homerici
733 3630 855 3682 chomen.
869 3645 896 3693 p.
912 3627 968 3677 148.
983 3625 1044 3688 487,
1065 3624 1173 3689 Unger:
1191 3624 1275 3673 Para-

135 3707 152 3754 i.
166 3723 190 3757 e.
204 3704 333 3757 cultioris
345 3705 434 3754 lonici
447 3702 579 3753 sermonis
592 3699 683 3749 imita·
732 3700 793 3751 dos.
809 3698 932 3749 Theben.
947 3712 972 3761 p.
988 3695 1036 3745 141
1050 3693 1111 3744 coll.
1126 3692 1175 3742 120
1187 3708 1275 3757 seqq,

36 3774 37 3779 ’
136 3777 238 3826 tionem
252 3776 344 3825 factos
360 3788 421 3824 esse
433 3771 547 3822 Wolfius
558 3769 632 3833 vult,
646 3768 681 3818 ab
697 3780 700 3785 '
731 3770 832 3820 Pabst:
856 3768 898 3817 De
915 3766 968 3816 diis
984 3762 1106 3813 fatidico.
1120 3761 1233 3813 Graeco.
1246 3777 1273 3826 p.

38 3838 39 3909 ,
135 3845 199 3909 ista,
210 3859 285 3911 qnae
298 3843 414 3905 feratur,
429 3845 568 3893 vetustate
579 3839 681 3903 longis·
731 3839 775 3892 tr.
801 3838 937 3888 Acourate
949 3834 1038 3901 ipsum
1051 3830 1147 3883 collem
1161 3845 1195 3879 ac
1209 3834 1275 3880 tem·

38 3952 39 3983 ,
134 3915 201 3966 sime
219 3914 420 3974 abhorrentes,
442 3911 470 3960 id
487 3909 594 3977 quidem
612 3908 681 3958 bene
732 3908 806 3973 plum
828 3908 857 3956 in
881 3904 952 3956 colle
977 3893 1145 3954 exstructum
1169 3899 1275 3981 iudicat

38 3986 39 4035 f
135 3983 235 4051 largior
249 3984 312 4036 viro
331 3981 424 4046 docto,
439 3979 489 4032 hos
505 3994 599 4030 versus
614 3992 681 4028 asne
731 3976 943 4028 Forchhammer
954 3972 982 4021 in
999 3969 1096 4021 tabula
1114 3968 1275 4049 geographi:

38 4050 39 4093 ἓ
135 4069 192 4105 eam
200 4052 578 4120 praeberelinguameasque
588 4047 680 4099 dicen·
732 4062 781 4108 ea,
794 4062 865 4112 qnae
877 4043 972 4094 addita
992 4045 1036 4090 est
1053 4042 1277 4088 commentationi

39 4154 40 4185 ,
135 4123 161 4173 di
176 4124 296 4187 Iormns,
311 4136 383 4188 quae
398 4120 434 4171 ad
450 4118 621 4170 Homericam
640 4115 681 4166 di·
731 4116 764 4166 de
774 4106 1275 4190 topographia'Fhebarumlleptapy-

39 4190 40 4235 ἕ
136 4195 211 4245 condi
227 4195 383 4255 rationem,
404 4189 494 4256 qualis
513 4187 587 4254 apud
609 4186 681 4236 anti·
729 4184 818 4235 larum
831 4183 933 4247 (Kiline
947 4178 1041 4243 1854),
1058 4177 1106 4228 nbr
1118 4175 1174 4259 md.
1188 4192 1216 4240 p.
1234 4176 1273 4256 173

39 4266 41 4303 Ξ
137 4265 240 4327 quiores
261 4263 388 4315 Graecos
411 4259 474 4310 iude
496 4259 532 4308 ab
551 4272 585 4308 ea
609 4270 681 4321 quae
731 4255 814 4305 Hunc
829 4268 894 4303 vero
911 4252 1051 4314 Apollinem
1064 4248 1207 4309 Ismenian,
1228 4259 1275 4310 qur

134 4332 214 4387 fertur
225 4332 344 4385 Homeri
365 4334 458 4382 aetate
476 4327 608 4389 obtinuit,
624 4323 682 4376 effi·
716 4325 828 4393 ‚utique
846 4319 920 4372 Solis
942 4324 1002 4369 erat
1027 4317 1108 4376 deus,
1134 4331 1151 4397 e
1173 4315 1274 4397 Cadmo

134 4410 187 4456 etse
204 4405 296 4457 rideri
317 4404 433 4469 queant.
459 4397 493 4447 Id
510 4412 575 4450 vero
592 4395 682 4460 ipsum
731 4390 969 4454 Phoenicihnsque
987 4385 1101 4437 allatum
1124 4399 1171 4435 vix
1191 4383 1275 4434 alnum

130 4472 228 4529 iactum
241 4489 308 4527 esse
324 4468 491 4524 crediderim
503 4481 520 4518 s
534 4464 684 4519 sacerdoti·
732 4478 794 4514 esse
806 4462 956 4513 Creuzerus
966 4456 1024 4509 vult
1035 4456 1114 4506 deum
1127 4458 1212 4518 atque
1224 4454 1277 4503 Pu·

1032 4538 1077 4605 7*
