3100 5175
241 349 299 412 ΗΒ

669 347 935 412 HERODOTI

239 538 318 611 λους
338 530 488 618 ἐποίησε,
516 529 583 596 τῶν
593 522 708 608 Ἴωνος
731 529 877 613 παίδων,
902 525 1080 605 Γελέοντος
1103 523 1159 593 καὶ
1179 517 1374 611 Αἰγικόρεος

240 733 350 786 Atticae
386 732 510 784 civitatis
542 730 672 792 tribubus,
712 745 783 796 quae

241 805 360 856 omnium
389 804 502 854 lonicae
536 804 629 868 stirpis
663 803 783 867 gentium

241 889 397 926 communes
423 889 455 924 ac
483 874 611 939 propriae
636 871 722 923 inisse
742 872 783 922 ri·

242 946 340 995 dentur
365 942 432 1008 (rid.
455 942 558 996 Herod.
578 945 615 1004 V,
637 940 672 992 69
691 942 784 1005 ibique

242 1012 325 1080 nott.)
348 1028 499 1077 nomenque
521 1028 598 1062 snum
617 1011 731 1062 Athenis
748 1011 783 1060 ab

243 1085 317 1136 Ionis
332 1083 394 1133 filiis
408 1084 547 1147 accepisse
565 1082 706 1141 dicuntur,
728 1080 783 1130 vid.

244 1170 314 1221 quae
332 1169 347 1203 e
364 1153 483 1203 virorum
503 1152 644 1203 doctorum
659 1150 787 1216 disquisi-

244 1225 274 1274 ti·
285 1223 367 1273 nibus
377 1222 493 1273 collecta
509 1222 622 1285 praebet
632 1221 662 1271 C.
673 1221 704 1270 F.
717 1221 787 1270 Her·

244 1309 340 1344 mann:
360 1291 468 1343 Griech.
486 1290 691 1341 Staatsulterth.
705 1294 730 1353 §-
743 1290 787 1341 94.

245 1364 353 1412 Etenim
383 1361 621 1425 antiquissimam,
656 1364 787 1424 quantum

246 1437 318 1482 certe
330 1431 470 1492 norimus,
487 1432 597 1481 Atticae
612 1430 734 1480 civitatis
750 1429 789 1478 di·

245 1501 379 1552 visionem
388 1500 439 1551 hae
450 1505 579 1565 quattuor
590 1500 678 1550 tribua
689 1499 789 1550 consti-

247 1577 344 1635 tuunt,
360 1571 510 1620 naturalem
524 1586 557 1621 ac
569 1570 734 1634 primitivam
749 1569 790 1618 di-

246 1642 340 1702 xeris,
366 1656 435 1705 quae
453 1640 531 1690 varia
552 1641 626 1690 vitae
644 1655 745 1704 genera
762 1643 790 1689 et

249 1711 446 1771 occupationes
460 1709 664 1775 complectitur,
687 1710 715 1758 iu
730 1709 790 1773 qni·

248 1781 299 1830 bus
316 1780 387 1829 lilius
406 1779 562 1845 plerumque
577 1783 681 1843 patrem
700 1779 790 1843 sequi·

248 1855 309 1911 tur,
331 1865 417 1913 neque
437 1865 500 1900 vero
515 1866 547 1900 ea
566 1849 626 1914 lege
638 1850 789 1914 pdstrietns

249 1924 307 1980 est,
328 1935 407 1983 quam
422 1921 450 1970 iu
462 1920 657 1984 Aegyptiorum
670 1924 697 1969 et
710 1919 789 1968 ludo-

248 2005 307 2038 rum
317 1990 417 2053 castis,
433 2005 502 2054 quas
515 1994 630 2050 vocant,
643 1989 734 2039 valere
745 2004 792 2037 no·

249 2059 353 2119 vimus,
366 2063 397 2108 ut
406 2060 493 2123 patris
504 2059 642 2124 negotium
652 2073 685 2107 ac
695 2073 793 2107 munus

249 2129 405 2180 necessario
417 2126 500 2177 tilium
511 2131 587 2192 sequi
600 2132 735 2192 oporteat,
745 2127 793 2179 sed

248 2198 334 2248 libere
345 2196 445 2260 eligere
457 2196 542 2247 eidem
553 2196 634 2246 liceat
645 2197 717 2247 aliud
728 2213 794 2261 qno-

251 2283 317 2331 que,
338 2282 499 2332 quamquam
516 2267 544 2315 id
557 2267 646 2316 rarius
659 2273 732 2317 certe
747 2283 794 2332 per

250 2337 298 2387 illa
313 2344 437 2400 tempora
454 2336 556 2386 suctum
572 2352 632 2387 esse
655 2339 794 2387 existima-

250 2421 326 2462 mus,
350 2405 448 2470 quibus
465 2421 498 2454 ex
516 2406 713 2458 consuetudine
728 2422 794 2471 qua-

251 2475 313 2525 dam
327 2475 423 2524 innata
434 2473 518 2523 filium
533 2478 620 2539 patris
630 2477 740 2542 negotia
750 2492 794 2525 ca-

252 2560 362 2611 pessere
375 2550 586 2596 consentaneum
600 2552 666 2599 erat.
695 2545 793 2611 ltaque

251 2631 344 2666 omnes
353 2616 461 2665 Atticos
471 2615 592 2666 homines
602 2633 649 2681 per
662 2621 793 2680 quattuor

251 2684 332 2735 hasce
349 2685 437 2733 trihus
458 2684 604 2736 secundnm
621 2687 694 2735 vitae
708 2701 793 2748 genus

252 2760 279 2804 et
293 2770 339 2818 pro
350 2754 518 2818 negotiorum
531 2754 690 2806 diversitate
703 2757 794 2805 distri·

251 2825 332 2873 butos
353 2824 438 2874 fuisse
454 2823 599 2874 credimus.
633 2825 675 2875 De
695 2825 793 2890 quihus

251 2893 364 2958 siugulis
375 2908 460 2958 aeque
475 2910 508 2944 ac
520 2893 553 2943 sle
567 2894 734 2958 singularum
749 2895 795 2944 tri·

251 2966 334 3015 buum
353 2965 472 3028 negotiis
489 2964 518 3013 in
539 2965 661 3015 Excursn
685 2965 720 3016 ad
733 2964 759 3014 h.
774 2962 793 3014 l.

251 3035 459 3097 disputavimus,
471 3049 522 3084 nec
534 3033 612 3098 plura
627 3035 741 3087 adhunc
755 3035 795 3084 lo·

253 3118 312 3153 curn
323 3103 493 3166 proferamus
503 3103 536 3151 de
542 3104 676 3167 phratriis,
688 3106 716 3155 in
727 3119 795 3167 quus

251 3172 358 3223 divisae
368 3172 471 3224 inerint
480 3171 577 3237 trihus,
587 3172 703 3237 aliisque
713 3176 794 3224 rebns

251 3242 304 3291 huc
316 3242 521 3305 spectantibus,
536 3258 607 3305 quae
617 3243 650 3291 ad
662 3244 793 3294 llerodoti

251 3310 340 3361 locum
348 3310 540 3361 illustrandum
548 3313 635 3363 minus
645 3313 794 3377 pertinent:

253 3394 414 3444 quaeramus
427 3383 534 3444 potins,
550 3380 613 3444 quid
625 3382 734 3431 consilii
744 3382 796 3432 ha·

253 3449 342 3499 buerit
356 3448 525 3513 Clisthenes,
548 3450 649 3514 quidve
664 3453 796 3515 spectarit

254 3518 376 3579 omnino,
396 3535 456 3570 enm
473 3525 603 3584 quattuor
617 3523 736 3588 antiquis
748 3522 796 3571 tri-

252 3588 342 3638 bubus
353 3588 494 3641 dissolutis
505 3590 597 3641 decern
608 3607 694 3643 novas
709 3592 797 3642 trihus

253 3658 434 3709 constitueret
453 3675 555 3725 essqne
574 3676 634 3710 enm
649 3661 734 3712 deruis
756 3662 796 3711 ita

252 3729 444 3793 coniungeret,
477 3735 508 3779 ut
531 3729 645 3794 singulis
671 3730 797 3781 tribubus

253 3803 356 3849 certum
378 3798 517 3850 demorum
534 3814 676 3849 nnmerum
695 3801 798 3851 adscri-

252 3869 344 3930 beret,
363 3867 456 3920 demes
474 3869 557 3934 igitur
571 3886 664 3921 omnes
678 3887 726 3934 per
743 3872 798 3921 sin-

254 3938 332 4004 gulas
346 3937 434 3988 trihus
447 3938 633 3990 distribueret.
663 3941 739 3990 Inter
751 3957 798 3991 ve·

253 4016 325 4058 teres
336 4008 389 4057 iarn
400 4008 560 4059 Aristoteles
572 4009 697 4061 Politice.
708 4010 759 4071 ΙΙΙ,
773 4011 795 4064 l.

253 4078 307 4139 v1,
320 4079 346 4127 2.
363 4082 387 4142 ς.
409 4077 436 4127 ΙΙ
453 4077 604 4145 (Schmin.)
620 4080 690 4131 hanc
705 4082 795 4145 reipu-

253 4146 342 4198 blicae
359 4149 554 4212 mutationem,
578 4166 647 4214 qnae
667 4152 695 4199 iu
710 4155 793 4200 aneto

253 4215 395 4280 phylarnrn
413 4219 541 4269 consistit
559 4235 685 4280 numero,
707 4220 742 4270 ad
760 4235 794 4268 eu

254 4285 353 4345 refert,
372 4286 469 4349 quibus
483 4289 638 4351 respublica
652 4290 740 4354 magis
757 4289 793 4338 ad

254 4353 384 4419 populare
398 4354 556 4406 detrudatur
567 4358 722 4422 imperinm:
749 4360 795 4409 cni

254 4422 362 4473 scilicet
379 4427 540 4489 conveniat,
558 4431 591 4477 nt
604 4429 741 4493 prioribus
755 4430 795 4479 ei-

833 732 907 782 rinm
928 727 1064 780 classibus
1090 725 1188 778 solutis
1210 738 1303 776 omues
1321 740 1375 774 om-

834 804 908 851 nium
929 799 1049 866 gentium
1066 800 1141 848 cives
1157 812 1239 863 quam
1261 797 1377 845 maxime

834 873 1049 937 permisceantur
1074 882 1125 918 nee
1150 873 1208 917 tarn
1232 871 1292 917 arto
1319 867 1376 916 rin-

834 942 896 993 culo
919 939 1018 1005 singuli
1041 954 1101 989 cum
1123 936 1237 1000 singulis
1259 936 1377 1001 amplius

834 1015 1041 1063 connectantur.
1075 1010 1144 1057 Nam
1158 1007 1268 1057 videtur
1283 1008 1379 1072 ntique

836 1082 888 1132 hoc
906 1087 1048 1146 spectasse
1065 1077 1236 1137 Clisthenes,
1257 1084 1289 1126 ut
1306 1078 1378 1126 omni

837 1151 1005 1216 reipublicae
1047 1147 1232 1212 descriptione
1271 1152 1378 1197 mumtu

838 1222 1012 1286 optimatium
1036 1223 1121 1282 atque
1143 1217 1273 1267 nobilium
1302 1228 1380 1283 pote-

839 1297 897 1342 stas
910 1292 1083 1354 frangeretur
1092 1303 1126 1337 ac
1139 1288 1225 1352 magis
1237 1289 1381 1353 magisque

839 1362 1039 1412 deminueretur
1048 1374 1089 1418 eo,
1102 1357 1175 1422 qnod
1185 1358 1232 1422 qui
1244 1374 1291 1422 per
1302 1363 1381 1422 quat·

839 1437 903 1481 tuor
924 1431 1011 1480 tribus
1036 1428 1100 1478 olim
1123 1426 1264 1477 distributi
1289 1433 1382 1479 esseut

840 1501 959 1562 nobiles,
980 1499 1085 1548 viribus
1106 1499 1189 1561 igitur
1207 1499 1295 1562 magis
1315 1513 1381 1548 eon·

840 1572 955 1631 iunctis,
971 1570 1025 1619 iam
1035 1583 1083 1632 per
1092 1566 1184 1616 decem
1194 1568 1282 1618 tribus
1292 1567 1382 1632 sparsi

841 1641 970 1690 minorem
988 1641 1017 1687 in
1035 1637 1152 1701 reliquos
1170 1638 1245 1687 cirea
1266 1653 1383 1688 omnem-

840 1726 893 1775 que
912 1708 1107 1771 rempublicam
1126 1722 1252 1757 exercere
1270 1712 1383 1772 possent

840 1781 909 1841 uim,
929 1777 1015 1843 plebis
1033 1792 1098 1827 vero
1116 1782 1240 1840 potestas
1258 1777 1384 1842 eliquan-

840 1854 896 1899 tum
910 1852 1055 1912 augeretur
1064 1846 1107 1896 vel
1121 1848 1205 1910 magis
1217 1862 1296 1911 quam
1309 1865 1323 1898 e
1334 1847 1383 1897 So-

841 1919 912 1969 lonis
924 1919 1067 1978 institnto,
1086 1918 1133 1981 qni
1145 1923 1324 1982 temperatam
1338 1933 1384 1967 vo·

841 1989 931 2039 luerat
942 1986 1136 2051 rempublicam
1147 1993 1175 2038 et
1184 1988 1306 2044 mixtam,
1319 2003 1384 2036 con-

843 2059 959 2111 veniret.
996 2057 1105 2107 Etenim
1126 2057 1191 2106 bina
1212 2058 1384 2122 potissimum

845 2133 923 2191 snut,
938 2128 1047 2193 quaein
1061 2126 1112 2176 huc
1124 2133 1185 2176 tota
1197 2143 1227 2177 re
1239 2128 1385 2192 praecipue

845 2198 994 2262 spectanda
1010 2195 1151 2246 videntur:
1172 2196 1297 2258 alterum,
1312 2197 1385 2262 qnod

845 2267 999 2318 Clisthenes
1006 2264 1148 2330 phylarnm
1157 2282 1297 2318 nnmerum
1308 2269 1386 2317 anxit

845 2337 888 2387 rel
898 2339 989 2402 potins
997 2341 1125 2400 quattuor
1133 2337 1253 2402 antiquis
1260 2337 1386 2387 tribubus

844 2407 986 2457 dissolutis
999 2405 1089 2455 decem
1103 2421 1188 2455 novas
1200 2408 1321 2457 institnit
1337 2408 1386 2456 tri-

844 2478 908 2540 bus,
923 2478 950 2525 in
964 2476 1063 2539 quibus
1077 2475 1192 2539 singulis
1207 2479 1295 2527 minor
1309 2476 1386 2526 nohi-

844 2547 911 2596 linm
928 2561 1054 2597 numerus
1071 2547 1211 2612 minorque
1223 2548 1386 2609 arroteritae,

844 2616 892 2667 sed
910 2617 996 2666 maior
1005 2615 1170 2680 reliquorum
1183 2618 1284 2668 civium
1298 2617 1389 2668 multi·

844 2686 910 2736 tnrlo
922 2687 1061 2751 maiorque
1074 2687 1137 2737 inde
1153 2689 1292 2751 potentia,
1308 2704 1387 2751 prae·

845 2757 938 2806 sertim
955 2757 978 2805 si
990 2771 1085 2805 verum
1099 2762 1153 2809 est.
1168 2758 1239 2823 quod
1255 2758 1388 2807 Aristote·

844 2825 884 2877 les
900 2827 982 2875 Polit.
997 2826 1056 2886 ΙΙΙ,
1075 2828 1103 2879 1.
1126 2825 1155 2875 l0
1173 2828 1283 2889 scribit,
1307 2829 1387 2877 testis

845 2896 913 2946 satis
936 2894 1072 2959 locuples,
1099 2894 1266 2948 Clisthenem
1286 2897 1387 2947 multos

847 2966 995 3029 inquilinos
1012 2969 1040 3015 et
1052 2965 1192 3018 libertinos
1205 2968 1233 3017 in
1244 2967 1387 3018 civitatem

847 3035 911 3085 etin
922 3049 1018 3093 novas,
1029 3050 1097 3099 quas
1110 3038 1239 3100 institnit,
1247 3038 1335 3088 tribus
1346 3054 1386 3087 re-

847 3107 968 3168 cepisse3
988 3104 1116 3165 alterum,
1138 3108 1210 3169 quod
1225 3107 1313 3173 phylis
1330 3123 1347 3157 a
1358 3124 1388 3158 se

846 3174 986 3224 institutis
998 3173 1091 3224 demus
1106 3176 1245 3227 adiunxit:
1266 3179 1312 3241 qui
1327 3193 1387 3228 cnm

845 3245 964 3294 locorum
987 3246 1121 3295 rationem
1144 3247 1225 3297 unice
1241 3262 1387 3311 sequeren—

845 3319 904 3377 tur,
926 3314 954 3362 id
972 3314 1096 3366 effectum
1112 3320 1166 3379 est,
1186 3323 1217 3366 nt
1234 3319 1280 3381 qui
1294 3318 1388 3368 eodem

845 3383 906 3434 loco
926 3383 1098 3447 habitarent,
1116 3387 1177 3436 iura
1194 3386 1303 3450 publica
1323 3402 1388 3451 quo·

846 3468 898 3518 que
913 3455 1158 3515 communicarent,
1180 3455 1286 3506 nobiles
1302 3471 1389 3521 aeque

847 3528 930 3587 atque
943 3523 1085 3587 ignobiles,
1098 3526 1197 3577 divites
1207 3541 1294 3590 aeque
1306 3532 1388 3590 atque

847 3608 995 3657 pauperes,
1016 3598 1099 3657 atque
1116 3598 1253 3646 communi
1271 3595 1389 3661 quodam

847 3662 954 3712 vinculo
973 3665 1069 3713 iurium
1084 3664 1204 3715 civitatis
1219 3665 1389 3717 contineren-

848 3736 900 3782 tnr.
926 3733 1003 3794 Quod
1017 3735 1157 3799 sapienter
1170 3750 1186 3784 a
1197 3735 1336 3786 Clisthene
1349 3736 1390 3785 in-

847 3801 973 3851 stitutum
998 3818 1060 3853 esse
1085 3806 1179 3869 negari
1202 3806 1249 3856 vix
1277 3808 1388 3870 poterit,

848 3887 908 3921 cnm
929 3873 967 3921 ita
986 3872 1146 3926 diversitate
1161 3876 1261 3926 civium
1278 3876 1389 3926 sublata

848 3957 942 3992 omnes
968 3942 1043 3993 cives
1072 3944 1167 3996 melius
1192 3942 1333 3995 ebuinncti
1362 3948 1389 3994 in

849 4026 931 4060 uuum
957 4013 1039 4075 qnasi
1069 4029 1167 4079 eorpus
1194 4014 1389 4075 coalescerent,

845 4080 1021 4144 omnibusque
1038 4082 1204 4136 factionibus
1222 4102 1255 4136 ac
1268 4084 1389 4135 dissidiis

845 4149 955 4198 obviam
970 4151 1064 4202 iretur.
1099 4155 1224 4212 Accedit,
1243 4155 1313 4218 qrrod
1329 4155 1389 4217 ipsu

845 4219 947 4267 civitas
961 4221 1054 4273 Attica
1073 4224 1255 4274 Pisistratidis
1273 4239 1389 4287 regnan·

845 4288 920 4337 tibus
939 4290 980 4339 ita
1004 4297 1086 4342 ancta
1108 4301 1168 4343 erat
1188 4298 1215 4343 et
1239 4293 1337 4356 opibus
1361 4298 1389 4343 el

845 4373 955 4410 numero
969 4359 1122 4425 hominum,
1144 4365 1241 4426 quibus
1256 4363 1388 4425 antiquae

844 4434 975 4494 quattuor
999 4430 1096 4498 phylae
1119 4434 1243 4484 sufficere
1271 4432 1388 4498 amplius
