3100 5175
275 410 335 473 146

707 407 975 471 HERODOTI

273 605 388 656 πουσι·
423 593 458 656 οἱ
477 585 514 654 δέ
534 584 711 674 ἱπποβόται
729 585 903 655 ἐκαλέοντο
924 587 959 652 οἱ
976 586 1095 672 παχέες
1116 586 1183 651 των
1205 584 1410 652 Χαλκιδέων.

273 689 372 770 ῦσους
395 689 432 758 δὲ
448 691 505 759 καὶ
524 688 654 759 τοῦτων
674 687 880 778 ἐζώγρησαν,
905 684 974 776 ἅμα
992 703 1078 756 τοῖσι
1094 690 1254 754 Βοιωτῶν
1268 689 1410 774 ἐζωγρή-

273 798 403 884 μένοισι
419 793 509 882 εἱχον
526 798 564 864 ἐν
579 797 732 883 φυλακή,
751 797 790 863 ἐν
809 795 926 871 πέδαις
950 789 1125 878 δήσαντες·
1153 788 1262 881 χρόνῳ
1284 790 1321 857 δὲ
1336 797 1410 858 έλυ-

274 897 339 967 σόν
352 918 474 986 σφεας,
499 902 640 988 δίμνεως
659 895 949 986 ἀποτιμησάμενοι.
978 893 1036 974 τὰς
1058 894 1094 962 δέ
1109 896 1211 973 πέδας
1225 890 1354 979 αῦτῦν,
1376 896 1413 962 ἐν

274 1007 350 1091 τήσι
365 1004 537 1089 ἐδεδέατο,
552 998 782 1091 ἀνεκρέμασαν
796 1004 829 1081 ἐς
842 998 904 1088 τήν
917 995 1117 1088 ἀκρόπολιν,
1134 1002 1233 1082 αἵπερ
1248 1003 1296 1065 ἔτι
1309 998 1366 1065 καὶ
1381 1001 1414 1077 ἐς

275 1106 331 1194 ἐμὲ
352 1095 439 1195 ήσαν
458 1110 668 1193 περιεοῦσαι,
691 1103 896 1194 κρεμάμεναι
916 1107 953 1173 ἐκ
972 1104 1108 1190 τειχέων
1126 1104 1413 1189 περιπεφλευσμέ-

277 1273 385 1323 nomino
405 1271 523 1322 vidimus
541 1273 577 1322 ed
592 1274 631 1333 V,
650 1273 693 1324 30.
712 1300 749 1312 -
767 1264 818 1321 αῦ-

274 1344 332 1390 roic
351 1346 379 1422 et
395 1333 505 1389 τούτων
519 1341 582 1393 δαδὶ
601 1359 650 1408 pro
666 1337 775 1391 αῦτέων
792 1347 819 1392 et

274 1424 407 1528 τουρεων.

312 1494 327 1528 ο
352 1473 384 1530 δέ
397 1471 555 1544 ἱπποβόται
569 1470 716 1529 ἐκαλέοντο
727 1472 756 1528 οἱ
768 1495 820 1528 πα-

276 1545 336 1615 χέες
359 1547 416 1598 τῶν
437 1544 621 1615 Χαλκιδέων]
660 1549 818 1614 „Equidem

276 1635 331 1670 non
344 1620 440 1684 opinor
452 1620 491 1670 sic
509 1620 545 1669 ab
558 1619 700 1671 Herodoto
714 1620 819 1683 potuis·

276 1689 423 1751 suscribi,
441 1689 488 1739 sed
505 1689 622 1739 articulo
639 1690 740 1739 omisso
762 1683 819 1736 ἱπ-

277 1749 431 1824 ποβόται
456 1752 496 1807 δὲ
521 1748 597 1808 dael.
620 1753 650 1807 οἱ
673 1773 740 1821 παχ.
762 1754 819 1806 νῦν

278 1822 474 1880 Χαλκιδέων,“
509 1828 662 1878 Valcken.
695 1828 772 1890 Quae
793 1843 820 1877 e·

278 1897 417 1948 mendstio
448 1897 578 1946 nudecior
601 1901 629 1947 et
654 1913 671 1946 e
695 1898 821 1961 vestigiis

278 1982 352 2016 nnnc
365 1966 474 2030 vulgati
486 1972 578 2016 textus
590 1966 700 2030 lougius
714 1966 822 2017 recede-

279 2051 307 2085 re
323 2035 431 2086 videtur
442 2036 502 2087 Hoc
523 2051 568 2086 ero
586 2037 626 2085 ite
643 2033 669 2086 h.
687 2035 705 2084 l.
720 2036 822 2086 consti-

279 2105 369 2154 tuenti
382 2093 404 2152 οἳ
412 2119 426 2161 ς
442 2101 460 2151 δ
467 2096 480 2153 d
496 2051 674 2170 [δπποβόται]
693 2095 822 2154 ἐκαλέον-

277 2188 309 2223 το
321 2167 351 2222 οἱ
361 2167 463 2236 παχέες
476 2170 533 2221 τοῖν
545 2170 719 2238 Χαλκιδέων,
736 2175 778 2224 ite
790 2178 822 2225 ut

278 2258 332 2292 vox
343 2232 500 2306 ἱπποβόται
514 2257 546 2292 ex
561 2242 663 2293 scholio
676 2243 705 2292 in
717 2250 821 2294 textum

278 2312 424 2376 irrepsisse
449 2312 628 2366 existimetur.
659 2312 721 2362 Vid.
745 2314 819 2364 Aett.

278 2380 380 2447 philoll.
395 2381 519 2432 Menace.
538 2382 593 2431 Ill.
615 2397 641 2446 p.
660 2383 720 2433 4115.
750 2383 821 2432 Mihi

278 2449 390 2515 vulgate
410 2455 551 2514 proestare
569 2450 690 2514 ridetur,
716 2452 745 2500 in
766 2467 821 2517 qua

278 2534 349 2585 quse
368 2520 405 2569 sit
422 2519 531 2570 articuli
548 2519 606 2582 vie,
635 2521 703 2571 bene
726 2520 821 2572 docuit

277 2588 402 2641 Hertlein
411 2589 453 2640 in:
470 2590 627 2641 Observntt.
640 2591 714 2641 critt.
729 2592 757 2641 in
767 2593 820 2642 Xe·

277 2658 408 2724 nophont.
421 2659 571 2713 Hellenicc.
580 2658 632 2712 111.
648 2658 818 2726 (Werthsim.

279 2727 357 2794 1845)
369 2744 433 2796 pag.
453 2729 498 2792 16,
509 2729 649 2794 vulgatam
662 2735 689 2779 et
702 2731 761 2794 ipse
779 2747 821 2783 re·

276 2798 417 2849 tinendem
436 2804 527 2858 retus,
546 2814 626 2864 quem
647 2800 759 2850 eandem
778 2816 820 2851 re—

277 2869 413 2920 centiores
435 2884 544 2934 quoque
562 2869 623 2919 edd.
638 2871 818 2922 retinuerunt.

312 2930 343 2988 ἐν
360 2935 462 2996 πέδαις
486 2933 641 3003 δήσαντες]
668 2929 699 2987 ἒν
718 2935 820 2997 πέδαις

276 3024 326 3073 pro
337 3008 412 3073 vulg.
425 2999 454 3065 ἐς
466 3002 556 3066 πέδας
568 3025 583 3059 e
598 3008 737 3060 Seuerofti
747 3009 818 3061 libro

277 3076 387 3142 alioque
403 3077 463 3128 cod.
477 3080 590 3143 reposui
601 3094 662 3129 curn
676 3078 773 3129 Mettlr.
792 3083 820 3131 st

277 3145 433 3197 Scheelero.
460 3147 535 3197 Hinc
548 3152 624 3198 recte
637 3164 699 3199 mox
714 3141 750 3198 ἐν
761 3146 803 3215 τῇ
811 3179 821 3190 -

278 3227 308 3264 σι
325 3207 471 3277 ἐδεδέατο,
487 3219 519 3266 nt
533 3217 561 3279 Ι,
573 3216 621 3280 66,
639 3217 688 3267 nbi
699 3219 736 3270 cf.
749 3223 819 3270 nott.

276 3285 341 3349 lpse
355 3300 419 3335 vero
431 3284 499 3335 hsec
511 3285 623 3336 vincula
634 3286 663 3337 in
677 3303 741 3338 eree
754 3288 820 3339 fnis-

276 3368 306 3403 se
321 3353 575 3432 suspeuss„Sohol.
590 3356 719 3407 Aristidis
735 3359 821 3407 tradit

275 3422 448 3548 ωειλ,
466 3418 670 3551 eluti}
683 3427 821 3559 ἔκαε

276 3575 321 3618 τες
335 3554 384 3609 καὶ
398 3551 502 3618 ὁποίας
515 3554 723 3628 ἀπαιτήσαντας
736 3562 821 3623 δίκας

276 3626 325 3679 καλ
345 3623 504 3687 Χαλκιδέας
526 3628 578 3696 τῆς
600 3626 690 3698 αῦτής
712 3625 820 3698 ήμέρας

275 3692 426 3763 ἀνέδησαν
439 3713 467 3748 τε
479 3692 531 3758 τὰς
543 3694 633 3759 πέδας
644 3692 675 3749 ἐν
687 3701 723 3769 τῇ
734 3694 819 3766 dape·

274 3764 371 3834 πόλει,
390 3762 438 3828 αἶς
454 3766 523 3828 τοῦς
538 3762 733 3835 αἰχμαλώτους
754 3766 817 3837 έδρ-

276 3835 406 3903 σαν,καὶ
425 3836 550 3905 χαλκοῦν
568 3835 733 3905 τέθριππον
747 3832 820 3893 διιό-

274 3922 350 3959 τισιν
364 3907 421 3959 τοῖν
436 3899 553 3973 λῦτρων.
580 3911 657 3973 Quee
670 3912 765 3963 cedern
779 3918 820 3963 et·

274 3982 329 4032 iem
342 3981 518 4045 proferuntur
529 3995 555 4044 p.
569 3981 628 4033 351.
641 4007 674 4018 -
687 3982 729 4031 Ad
745 3983 818 4033 deti—

274 4067 336 4102 vum
350 4043 443 4118 χρόνῳ
456 4050 491 4102 cf.
513 4051 564 4113 Ill,
584 4048 623 4102 13.

317 4118 439 4181 δίμνεως
459 4111 728 4187 ἀποτιμησάμενοι]
754 4122 772 4174 1.
793 4138 816 4174 e.

273 4205 317 4241 coe
335 4191 482 4241 dimicentur
501 4190 566 4241 dinis
584 4191 656 4241 minis
674 4194 818 4243 aestimatos

273 4261 818 4323 s.redemptionisprelr'obr'naramruiuoram

869 1266 1090 1319 Hemsterhusins
1103 1268 1130 1317 in
1145 1271 1202 1317 not.
1216 1266 1251 1316 sd
1263 1265 1290 1316 h.
1304 1265 1322 1315 l.
1351 1267 1414 1317 Duo

869 1338 932 1388 libri
945 1336 1094 1401 διμναὶας,
1111 1340 1151 1387 ite
1165 1349 1196 1387 ut
1208 1335 1415 1400 Schweighaeu-

870 1424 930 1457 sero
945 1407 1104 1458 Herodotus
1123 1408 1267 1471 scripsisse
1286 1405 1415 1455 videetnr

869 1473 1029 1540 διμναὶους.
1053 1475 1143 1541 (Apud
1155 1476 1337 1525 Themistiuur
1350 1491 1414 1540 psg.

870 1547 921 1597 290
929 1547 957 1596 G.
975 1544 1013 1610 [p.
1029 1544 1094 1610 351,
1116 1547 1156 1598 15.
1172 1545 1202 1595 16
1214 1542 1354 1609 Diodori]
1371 1560 1415 1594 ex·

870 1622 928 1665 stet
948 1612 1102 1678 διμνααίος
1117 1622 1146 1665 ct
1165 1614 1311 1677 μνααῐος.)
1340 1616 1414 1664 Nen-

870 1690 942 1735 trum
963 1700 1027 1734 vero
1055 1683 1100 1734 hic
1119 1686 1205 1749 recipi
1231 1699 1333 1749 posse,
1366 1684 1415 1733 sed

870 1770 953 1803 unum
965 1770 1059 1804 verum
1074 1758 1102 1803 et
1118 1754 1152 1803 ab
1165 1754 1305 1804 Herodoto
1324 1753 1416 1818 profe-

871 1831 943 1874 ctum
954 1819 1085 1886 dipsacos,
1095 1831 1212 1874 accentu
1225 1829 1356 1887 retracto,
1368 1823 1416 1873 do·

871 1901 986 1944 cuernnt
999 1892 1121 1943 Lobeclr.
1139 1893 1174 1942 sd
1185 1892 1332 1958 Phrynich.
1350 1908 1413 1958 psg.

871 1963 923 2013 554
936 1967 964 2012 et
976 1962 1091 2012 Brsdov.
1108 1977 1170 2027 pag.
1186 1961 1244 2012 139.
1271 1963 1314 2013 Ad
1324 1963 1415 2027 ipssm

871 2047 927 2081 reru
938 2031 1007 2081 benc
1022 2037 1114 2081 monet
1126 2031 1300 2097 Wesseling„
1313 2048 1347 2082 ex
1359 2033 1416 2083 He·

873 2101 930 2150 rod.
943 2101 991 2163 Vl,
1005 2101 1039 2151 79
1050 2100 1130 2151 binas
1145 2101 1233 2151 minse
1246 2103 1319 2165 apud
1330 2101 1416 2152 Grec·

871 2185 919 2220 cos
930 2169 1047 2221 solemne
1058 2172 1087 2219 in
1098 2170 1220 2234 singulos
1233 2171 1361 2235 captivos
1374 2187 1416 2221 rc-

872 2239 1038 2303 demptioais
1050 2240 1168 2304 pretium
1184 2239 1280 2293 inisse.
1309 2241 1352 2290 Ad
1367 2256 1415 2290 no·

872 2314 957 2359 stram
979 2314 1115 2358 monetam
1140 2309 1163 2357 si
1184 2311 1374 2373 revocaveris,
1400 2326 1415 2360 e

872 2379 988 2427 Wurmii
1006 2379 1160 2428 rationibus
1180 2382 1259 2428 erunt
1273 2379 1415 2429 8611οτεηὶ

871 2448 905 2497 52
924 2449 1026 2513 crncig.
1047 2447 1105 2497 sive
1123 2449 1158 2499 18
1176 2447 1274 2499 theler.
1294 2449 1413 2514 dgross.

870 2517 970 2568 Ssxon.
1008 2518 1031 2567 A
1048 2518 1135 2568 Fabio
1152 2518 1287 2579 Maximo,
1309 2530 1342 2569 ut
1363 2519 1414 2568 hoc

870 2588 983 2651 addam,
996 2589 1132 2640 Romanos
1147 2589 1182 2638 eb
1194 2589 1351 2641 Hannibale
1371 2604 1415 2639 ce-

869 2663 932 2723 ptos
943 2659 1101 2718 redimente,
1117 2657 1253 2709 debentur
1267 2659 1295 2708 in
1306 2657 1415 2725 singule

870 2728 962 2792 eapite
977 2732 1047 2777 teste
1062 2727 1208 2779 Plutarcho
1229 2729 1257 2778 in
1266 2729 1347 2779 Fabii
1359 2730 1413 2780 vit.

870 2813 931 2861 cop.
949 2797 964 2846 7
982 2798 1105 2849 ducentae
1120 2799 1300 2864 quinquaqinta
1318 2796 1414 2849 drach-

869 2881 945 2925 mee;
975 2883 1044 2932 quse
1071 2883 1176 2918 sununs
1204 2867 1314 2918 excedit
1343 2883 1414 2931 cem,

869 2951 940 3001 quse
960 2937 1033 3002 apud
1048 2938 1168 2989 Graecos
1186 2935 1318 3003 invaluit,
1339 2938 1416 2988 dimi

869 3005 914 3055 dio
927 3007 1024 3057 minse.

905 3066 1101 3141 ἀνεκρέμασαν
1122 3068 1150 3132 ές
1167 3066 1220 3139 τήν
1238 3066 1414 3141 ἀκρόπολιν]

870 3145 911 3195 De
924 3147 1129 3211 praepositione
1142 3139 1183 3202 εἱς
1195 3145 1260 3196 hnic
1272 3146 1356 3197 verbo
1367 3148 1414 3196 ed·

871 3215 929 3265 dita
940 3231 994 3266 nou
1003 3217 1084 3266 aliter
1092 3220 1176 3279 etque
1187 3215 1276 3267 verbis
1287 3215 1413 3279 κεῖσθαι,

870 3279 1057 3348 καθέζεσθαι,
1083 3284 1145 3336 sliis
1164 3285 1200 3336 οἱ.
1217 3284 1347 3337 Knehncr
1364 3285 1412 3335 Gr.

870 3354 917 3406 Gr.
936 3357 961 3417 ἕ.
978 3358 1039 3417 622,
1051 3355 1077 3404 b.
1102 3354 1179 3405 Inlrs
1194 3355 1231 3418 V,
1249 3355 1283 3406 95
1300 3349 1415 3417 ἀνεκρέ-

869 3436 963 3486 μασαν
987 3417 1075 3489 πρός
1099 3419 1138 3473 τὸ
1163 3418 1326 3489 Ἀθήναιον.
1373 3425 1414 3475 Ad

870 3493 1014 3545 formulam
1025 3491 1110 3556 αἱπερ
1125 3488 1163 3544 ἔτι
1178 3491 1227 3543 καλ
1239 3486 1267 3551 ἐς
1280 3483 1328 3558 ἐμὲ
1340 3481 1414 3559 ἦσαν
1438 3507 1444 3520 ·

871 3562 923 3622 (its
935 3563 997 3614 dedi
1010 3579 1058 3629 pro
1070 3557 1151 3627 ἐσαν)
1162 3560 1328 3626 περιεοῦσαι
1340 3565 1415 3615 simi·

868 3632 907 3684 lia
924 3634 1057 3697 quaedam
1077 3634 1212 3684 excitavit
1227 3631 1361 3685 Valcken.
1381 3649 1413 3684 ex

869 3703 971 3754 Herod.
982 3704 1057 3762 1,66.
1072 3702 1111 3765 11,
1127 3703 1184 3754 181.
1200 3703 1318 3766 111,121.
1334 3703 1415 3766 VIII,

869 3771 912 3823 39.
937 3772 1007 3826 Δδδ.
1024 3772 1115 3825 Schol.
1129 3772 1243 3824 Aristid.
1256 3772 1274 3822 1.
1287 3772 1305 3823 1.

899 3833 928 3889 ἐκ
939 3836 1053 3906 τειχέων
1062 3840 1350 3907 περιπεφλευσμένων
1359 3858 1413 3892 πυ-

870 3905 909 3976 ρ1]
920 3911 1025 3963 Moeru'a
1034 3913 1164 3977 intelligit
1173 3913 1264 3962 adacta
1272 3914 1339 3977 iane,
1348 3928 1413 3963 nsrn

870 3996 887 4030 a
899 3982 981 4033 verbo
998 3978 1162 4047 περιφλεῦω
1173 3981 1282 4032 ducitur
1296 3996 1400 4046 περιπε

869 4049 1068 4116 φλευσμένων,
1082 4051 1154 4117 quod
1168 4052 1264 4106 Psuw.
1276 4056 1412 4104 mutatum

869 4120 966 4172 meluit
979 4124 1007 4172 in
1017 4115 1294 4187 περιπεφλνσμένων,
1310 4122 1345 4172 ob
1354 4123 1415 4174 Ari-

868 4190 995 4255 stophan.
1011 4192 1081 4242 Ναὶ).
1098 4191 1166 4254 365,
1186 4192 1234 4243 ubi
1252 4185 1412 4255 περιφλύει.

868 4262 933 4311 Sine
947 4263 1022 4313 inste
1032 4276 1124 4325 censu,
1138 4261 1242 4326 opinor,
1253 4275 1315 4312 cunr
1325 4262 1414 4313 Hero·

272 4330 298 4378 in
311 4330 422 4390 sinpalcr
440 4333 583 4381 constitura.
618 4326 738 4393 διμνέως
758 4331 817 4395 plu·
867 4331 949 4382 dotus
961 4333 1075 4383 eandem
1087 4333 1115 4381 in
1124 4330 1176 4382 hoc
1185 4330 1268 4381 verbo
1280 4338 1415 4397 sequatur

272 4397 445 4449 resederunt
459 4399 554 4463 codd,
574 4399 645 4450 unde
658 4398 755 4449 Pollux
767 4402 816 4465 lx,
867 4403 1002 4453 radonem
1025 4406 1110 4467 etque
1126 4402 1155 4452 in
1175 4401 1258 4452 verbo
1275 4392 1412 4464 κελεύειν,

271 4466 306 4517 65
329 4468 400 4518 citet
422 4464 542 4531 δέμνως,
576 4467 648 4535 quod
673 4471 817 4534 proposuit
866 4473 944 4524 caius
957 4470 1107 4538 perfectum
1127 4470 1233 4538 passivi
1252 4472 1316 4538 peri
1330 4472 1412 4525 modo
