3100 5175
262 401 324 467 380

699 401 965 465 HERODOTI

262 585 458 671 ἐπιθέμενοι
483 580 520 651 δὲ
540 577 739 667 ἑσσώθησαν
762 584 804 670 τῇ
823 577 919 667 μάχη.
946 572 1154 665 ὑπερβάντες
1185 576 1221 646 δὲ
1241 580 1276 645 οἱ
1295 572 1396 672 Ἀθη-

261 704 351 759 ναῖοι
365 686 443 768 τούς
458 691 491 757 ολ
503 691 682 774 Κορίνθιοι
697 689 827 771 ἔθηκαν
841 686 1047 751 Πλαταιεῦσι
1062 680 1149 750 εἶναι
1164 677 1304 768 οὔρους,
1319 682 1395 750 τού-

263 822 340 872 τους
365 787 572 879 ὑπερβάντας
593 785 651 857 τδν
673 784 827 856 Ἀσωττδν
853 783 956 854 αὐτὸν
985 785 1183 873 ἐποιήσαντο
1203 776 1307 872 οὖρον
1328 793 1395 873 Θη-

261 904 387 986 βαίοισι
410 893 490 983 πρὸς
506 894 692 971 Πλαταιέας
717 892 803 961 εἶναι
824 891 879 958 καὶ
896 885 1014 970 Ὑσιάς.
1049 886 1194 959 Ἕδοσαν
1221 888 1284 977 μὲν
1305 886 1347 977 δὴ
1367 892 1401 957 οἱ

262 1002 445 1079 Πλαταιέες
474 1000 578 1086 σφέας
611 991 734 1074 αὐτούς
764 992 972 1082 Ἀθηναίοισι
1004 992 1117 1086 τρότιςο
1143 996 1191 1086 τῷ
1216 996 1397 1087 εἰρημένῳ·

262 1095 346 1193 ἧκον
362 1105 399 1173 δὲ
414 1101 486 1172 τότε
505 1104 537 1181 ές
554 1105 755 1186 Μαραθῶνα
768 1100 980 1186 βοηθέοντες.

198 1213 257 1275 109
350 1216 440 1276 Τοῖσι
456 1206 493 1275 δὲ
518 1203 709 1292 Ἀθηναίων
723 1216 935 1289 στρατηγοῖσι
951 1203 1101 1287 ἐγίνοντο
1118 1203 1193 1286 δίχα
1209 1202 1246 1266 αἱ
1257 1203 1398 1286 γνῶμαι,

240 1316 333 1379 ,τῶν
346 1311 408 1399 μὲν
430 1307 491 1378 οὐκ
514 1307 648 1377 έῶυτων
667 1305 892 1394 συμβάλλειν,
914 1301 1048 1390 ὀλίγους
1067 1299 1132 1390 γάρ
1154 1301 1239 1371 εἶναι
1262 1308 1399 1391 στρατιῇ

262 1420 303 1504 τῇ
324 1414 457 1503 Μήδων
477 1414 697 1500 συμβαλέειν,
725 1415 795 1477 τῶν
824 1409 861 1479 δέ
881 1410 938 1477 καλ
959 1405 1157 1476 Μιλτιάδεω
1177 1405 1397 1475 κελευόντων.

263 1515 307 1598 ῶς
321 1519 358 1587 δέ
373 1523 449 1605 δλχα
462 1543 498 1585 τε
520 1518 672 1602 έγίνοντο
695 1514 750 1581 καὶ
766 1516 859 1581 ἐνίκα
872 1508 894 1601 ἡ
907 1516 1031 1599 χείρων
1051 1514 1120 1578 τῶν
1139 1511 1318 1596 γνωμέων,
1342 1513 1395 1578 έν-

262 1627 390 1707 θαῦτα,
425 1613 468 1710 ἦν
494 1616 557 1708 γάρ
583 1620 758 1698 ἑνδέκατος
778 1614 1012 1704 ψηφιδοφόρος
1034 1608 1052 1681 δ
1079 1618 1124 1707 τῷ
1149 1612 1266 1707 κυάμῳ
1287 1612 1399 1702 λαγῶν

297 1819 469 1891 ἐποιήσαντο
483 1853 517 1862 -
535 1818 607 1874 εἶναι
626 1818 674 1873 καλ
689 1815 802 1887 Ὑσιάς]

261 1899 380 1950 Verbum
394 1889 468 1946 εἶναι
483 1895 566 1946 simili
576 1894 655 1944 modo
670 1893 804 1954 additum,

263 1983 316 2033 qno
330 1970 362 2026 V,
376 1969 419 2018 25.
448 1968 490 2017 Ι)ε
501 1966 597 2031 Hysiis
609 1963 666 2014 vid.
682 1969 753 2014 nott.
768 1963 804 2012 ad

260 2039 300 2092 V.
315 2041 356 2088 74.
391 2040 431 2087 De
446 2037 533 2099 Ακυγο
547 2036 584 2086 cf.
604 2039 673 2084 nott.
692 2034 727 2084 ad
740 2033 803 2097 VII,

262 2108 321 2159 199.
344 2109 396 2170 IX,
417 2108 448 2157 to
471 2113 523 2156 etc.
559 2104 638 2167 Quod
661 2103 696 2152 ad
715 2104 803 2168 ipsam

261 2193 317 2227 rem
333 2181 445 2236 attinet,
459 2176 592 2225 Herodoti
608 2174 692 2223 vcrba
706 2174 747 2223 sic
763 2175 804 2222 in·

262 2246 348 2311 teiiigi
361 2244 449 2296 voluit
464 2247 552 2295 Kruse
567 2244 673 2306 (Hellas
686 2243 722 2292 11.
738 2258 802 2307 pag.

261 2315 340 2377 415),
360 2321 391 2364 ut
411 2316 484 2365 linet
507 2315 577 2364 inter
594 2313 679 2377 Asopi
699 2313 803 2362 fontem

262 2391 290 2434 ct
305 2384 409 2446 Hysiae
427 2385 510 2433 dtrctit
521 2382 722 2433 Plataeensium
735 2382 803 2432 ditio

261 2470 278 2503 a
288 2453 426 2506 Thebanis
440 2453 634 2516 seiungeretur.
657 2451 724 2500 Cum
737 2469 802 2501 vero

261 2525 368 2588 Asopus
381 2524 453 2573 inter
469 2521 670 2572 Plataeensinm
685 2537 717 2570 ac
731 2521 804 2571 The-

261 2596 391 2645 banorum
404 2609 485 2658 agros
502 2593 562 2659 ipse
575 2593 685 2654 flueret,
697 2592 802 2643 huncce

260 2664 375 2715 rivulum
397 2663 512 2714 limitem
536 2662 674 2713 Thebanis
698 2662 801 2712 iactum

261 2750 321 2786 esse
335 2733 465 2784 Plataeas
481 2738 509 2784 ct
523 2734 624 2798 Hysias
638 2748 732 2783 versus
746 2748 803 2784 cre·

261 2805 325 2855 dere
343 2804 439 2855 maluit
452 2805 560 2869 Poppo:
580 2803 757 2867 Prolegomm.
775 2805 803 2852 in

261 2874 415 2940 Thucydid.
433 2876 465 2925 P.
479 2876 502 2927 l.
522 2873 583 2924 Vol.
597 2873 635 2922 11.
656 2888 720 2936 pag.
741 2874 803 2935 282,

261 2945 380 3010 itemquo
389 2943 532 2995 Friedrich
554 2943 581 2992 in
600 2942 676 2993 llerr.
693 2943 803 2993 Platae-

261 3030 332 3065 enes.
350 3017 500 3079 specimine
518 3029 545 3078 p.
563 3013 604 3064 15.
632 3011 747 3065 Ethacc
760 3028 803 3063 ra-

259 3086 299 3134 tio
310 3086 406 3149 utique
421 3089 563 3150 praestare
578 3081 696 3133 videtur.

454 3256 520 3305 Gne.
535 3254 607 3306 CIX.

295 3354 361 3422 δίχα
379 3351 412 3406 αλ
430 3355 552 3423 γνῶμαι]
585 3358 627 3407 De
648 3372 715 3407 voce
734 3353 802 3420 δίχα

260 3443 320 3477 eum
342 3428 426 3478 verbo
451 3425 601 3491 γίγνεσθαι
628 3427 723 3476 iuncta
745 3426 801 3476 vid.

259 3498 388 3548 Kuehncr
401 3498 447 3551 Gr.
459 3497 506 3547 Gr.
521 3500 546 3560 ξ,
558 3494 617 3557 titt,
629 3496 713 3560 3,ροί
730 3495 800 3547 idem

258 3571 282 3631 5.
293 3566 345 3619 639
357 3566 537 3616 consulendus
548 3567 581 3616 de
591 3565 721 3616 infinitivi
730 3572 802 3616 atru-

260 3643 337 3688 ctnra
353 3637 380 3686 iu
394 3638 484 3687 vorbis
497 3629 608 3699 ὀλίγους
621 3662 654 3671 -
667 3630 800 3700 συμβαλεῖ

258 3721 310 3769 ειν,
321 3721 391 3771 quae
403 3704 511 3756 valent:
530 3706 665 3768 pauciores
674 3708 736 3755 enirn
745 3721 802 3755 esre

259 3793 332 3842 quum
348 3779 391 3842 qui
405 3792 458 3826 cum
471 3777 603 3826 Medorum
616 3777 731 3825 exercitu
742 3791 800 3824 con-

256 3847 440 3912 prederentur,·
463 3845 565 3896 retinui
585 3849 676 3894 autern
696 3841 800 3910 σνμβα·

258 3916 331 3966 λεέιν
345 3923 373 3968 et
386 3916 412 3970 λι,
425 3916 443 3968 1.
455 3922 482 3966 et
492 3916 575 3976 infra,
587 3931 687 3966 memor
698 3930 800 3981 corum,

259 4003 330 4053 quuc
343 3988 377 4038 ad
390 3988 443 4046 VI,
455 3987 490 4039 89
500 3984 591 4037 attuli.
615 3985 718 4036 Eadem
731 3992 801 4035 stru·

259 4062 337 4108 ctura
349 4059 413 4117 VII,
427 4058 476 4107 207
492 4056 538 4108 fin.
566 4057 608 4107 Dc
622 4056 707 4107 verbo
717 4052 801 4103 νικᾶν

260 4129 294 4178 ci.
306 4128 356 4187 VI,
370 4128 417 4179 101
430 4127 496 4192 ibiq.
510 4131 580 4176 nott.
607 4126 638 4175 In
652 4126 735 4177 verbo
746 4117 802 4173 ένέ·

259 4197 378 4248 tiuhand
392 4196 633 4262 praetermittenda
648 4194 801 4259 imperfecti

259 4268 301 4318 vis
316 4272 344 4318 et
356 4274 496 4332 potestas,
511 4283 590 4332 quam
600 4267 640 4314 ita
656 4266 683 4314 in
699 4266 800 4314 Latina

259 4337 383 4386 versione
397 4340 601 4402 expresserunt:
621 4350 673 4383 curn
683 4339 708 4385 in
718 4350 748 4384 eo
759 4350 801 4384 es-

258 4413 311 4467 tet,
327 4413 354 4454 ut
364 4407 436 4467 peior
450 4408 572 4456 cententio
585 4407 709 4457 vinceret:
727 4405 800 4467 pcio·

258 4491 314 4526 rem
326 4479 417 4525 autem
434 4475 501 4525 dicit
510 4476 609 4525 Noster
620 4488 679 4523 carn
692 4478 801 4522 senten-

902 1739 919 1772 O

856 1822 931 1884 tiam,
942 1836 1011 1886 quae
1023 1835 1142 1886 pugnam
1154 1821 1290 1870 committi
1299 1822 1398 1872 vetuit.

855 1892 1033 1956 Sequentiorn
1042 1890 1186 1940 verborum
1198 1895 1336 1941 structura
1350 1892 1400 1941 im-

855 1962 949 2026 pedita
959 1961 993 2010 ob
1003 1960 1094 2024 plures
1101 1975 1183 2011 voces
1194 1965 1221 2010 et
1232 1961 1307 2025 ipsas
1315 1977 1400 2012 enun-

856 2031 985 2082 tiationes
999 2030 1172 2092 interiectam
1189 2030 1267 2081 dccet
1280 2032 1350 2080 enirn
1364 2033 1397 2083 ad

854 2116 949 2151 rocem
964 2091 1105 2162 ἐνθαῦτα,
1121 2115 1137 2150 a
1150 2115 1204 2165 qua
1217 2100 1348 2164 epodosis
1360 2103 1399 2151 in-

854 2171 932 2235 cipit,
949 2172 1038 2234 ipsum
1053 2169 1163 2219 verbum
1176 2170 1296 2232 finitum
1316 2187 1396 2222 senso

856 2246 948 2291 tamen
961 2240 1119 2304 exprimitur
1137 2239 1228 2290 verbis
1247 2235 1321 2304 πρὸς
1334 2239 1399 2290 τοῦ·

854 2325 906 2359 του
920 2299 1014 2358 itudo
1026 2300 1189 2373 Μιλτιάδης
1205 2302 1278 2372 ἔλεγε
1300 2309 1398 2364 ταῦτα,

854 2382 897 2430 De
910 2379 1008 2430 vocula
1020 2371 1091 2443 γάρ,
1113 2394 1183 2443 quae
1197 2381 1326 2431 turbatae
1338 2398 1398 2432 ver-

854 2452 948 2500 borum
962 2455 1117 2499 structurae
1130 2464 1223 2498 ausam
1237 2450 1328 2511 dedit,
1341 2452 1394 2502 vid.

854 2519 933 2570 modo
946 2534 1029 2584 supra
1043 2520 1099 2575 VI,
1117 2519 1163 2569 102
1176 2519 1266 2584 ibique
1280 2527 1349 2572 nott.
1364 2550 1395 2558 —

853 2580 1060 2653 ψηφιδοφόρος
1079 2590 1179 2641 dicitur
1204 2591 1230 2644 h.
1251 2591 1268 2642 l.
1289 2594 1328 2655 is,
1352 2595 1397 2657 qui

852 2661 1001 2724 euffrupium
1013 2661 1082 2721 ser-t:
1097 2661 1130 2710 dc
1144 2662 1205 2725 ipsa
1220 2661 1297 2711 vocis
1312 2663 1396 2727 origi-

854 2746 889 2780 ne
902 2731 936 2779 cf.
951 2731 1057 2780 Janson
1074 2731 1116 2779 in:
1134 2730 1248 2781 Jahrbb.
1263 2731 1284 2783 f.
1298 2731 1395 2783 Philol.

853 2816 880 2852 u.
891 2799 1011 2864 Peedag.
1027 2799 1119 2864 Suppl.
1134 2801 1208 2850 xlx.
1223 2816 1285 2865 pag.
1300 2803 1360 2852 527.

889 2860 904 2918 ὁ
922 2866 962 2934 τῷ
981 2860 1078 2936 κυάμῳ
1098 2864 1192 2934 λαγῶν
1207 2897 1243 2906 -
1258 2871 1396 2934 πολεμαρ-

854 2936 941 3005 χέειν]
971 2940 1045 2989 Satis
1063 2939 1187 2989 novimus
1208 2941 1278 2990 iuter
1297 2957 1395 2991 novem

853 3009 999 3060 archontes
1011 3010 1120 3058 Atticos
1137 3025 1220 3060 unum
1239 3010 1324 3062 sitisse
1344 3025 1395 3060 zo-

852 3074 1002 3143 λέμαρχον,
1019 3080 1064 3144 qui
1079 3080 1228 3143 peregrinis
1239 3082 1283 3131 ius
1293 3081 1396 3132 diceret

854 3155 882 3201 et
904 3164 1082 3215 quaecunque
1099 3149 1133 3198 ad
1153 3149 1316 3200 familiarum
1336 3152 1394 3201 iure

851 3221 1036 3283 pertinerent.
1052 3224 1176 3281 curaret,
1190 3219 1247 3269 alia
1259 3220 1287 3270 id
1299 3237 1395 3285 genus.

850 3288 913 3339 vid.
925 3290 1009 3339 Meier
1028 3294 1056 3338 et
1071 3288 1257 3339 Schoemann:
1279 3290 1335 3339 Der
1349 3291 1395 3340 At·

852 3357 939 3408 tische
953 3360 1079 3409 Process.
1096 3375 1120 3422 p.
1135 3359 1170 3408 50
1185 3374 1260 3425 seqq.
1293 3360 1345 3410 Coi
1358 3360 1395 3411 ei·

851 3429 910 3478 dem
926 3444 1013 3478 rerum
1025 3427 1184 3478 militarium
1200 3445 1293 3479 curam
1309 3432 1394 3495 priori

852 3503 925 3548 corte
939 3503 1032 3548 aetate
1045 3498 1236 3548 demandatam
1251 3499 1335 3551 fuisse
1351 3500 1393 3549 vei

851 3569 940 3632 ipsum
952 3584 1048 3618 nomen
1060 3567 1184 3618 declarat
1197 3569 1345 3635 Nostrique
1358 3570 1393 3619 Ιο-

851 3653 899 3687 cus
911 3639 1086 3701 comprobat,
1103 3653 1264 3704 quamquam
1280 3639 1344 3691 inde
1360 3640 1393 3689 ab

851 3706 986 3756 Herodoti
1005 3716 1127 3772 tempore
1139 3707 1214 3758 nulla
1228 3709 1394 3773 polemarchi

851 3777 953 3826 mentio
976 3778 1003 3826 in
1027 3793 1116 3827 rerum
1137 3778 1295 3829 militarium
1317 3795 1393 3842 cura,

852 3862 922 3912 qnae
947 3846 982 3895 ad
1008 3848 1100 3898 decem
1128 3842 1303 3911 στρατηγοὺς
1330 3850 1393 3900 iude

852 3915 1004 3966 translatae
1025 3922 1099 3967 sunt.
1136 3917 1178 3967 cf.
1200 3918 1393 3969 Wachsmuth:

850 3984 957 4037 Hellen.
975 3986 1171 4037 Alterthumslr.
1193 3988 1230 4037 lI.
1252 4004 1313 4053 pag.
1333 3990 1393 4050 325,

851 4055 882 4104 C.
902 4056 934 4106 F.
953 4056 1105 4107 Hermann:
1128 4057 1271 4108 Lehrbuch
1289 4063 1343 4109 etc.
1366 4063 1392 4121 §-

853 4126 911 4175 138.
926 4132 983 4175 not.
996 4128 1021 4177 9.
1041 4132 1066 4190 ξ.
1084 4129 1146 4188 152,
1163 4127 1261 4178 Grote:
1277 4128 1393 4191 History

852 4194 881 4245 ολ
893 4195 996 4246 Graece
1008 4199 1041 4248 V.
1057 4213 1083 4261 ρ.
1093 4198 1155 4249 372,
1178 4198 1268 4263 Atque
1282 4214 1331 4262 per
1342 4197 1392 4247 sli-

851 4280 883 4314 as
896 4281 1003 4330 quoque
1015 4265 1148 4317 Graeciae
1166 4268 1297 4318 civitates
1312 4268 1393 4318 rebus

851 4335 1017 4385 militaribus
1036 4351 1140 4386 summo
1159 4335 1219 4387 loco
1238 4338 1393 4403 praefuisse

850 4404 1004 4454 invenimus
1025 4405 1226 4469 polemarchoa,
1247 4408 1293 4472 qui
1311 4407 1392 4463 iidem

851 4473 924 4538 apud
937 4472 1068 4539 Boeotos,
1084 4480 1116 4525 nt
1127 4475 1178 4526 hoc
1194 4482 1254 4527 utar
1268 4476 1392 4542 exemplo
