3100 5175
273 419 333 486 254

708 423 975 489 HERODOTI

273 597 331 668 τὸν
351 595 519 687 ἀδελφεὸν
539 596 644 669 αὐτοῦ
658 605 860 689 Πυθογένεα
883 605 916 683 ἐς
931 598 1068 672 Ἴνυκον
1088 597 1188 670 πόλιν
1214 595 1408 688 ἀπέπεμψε·

274 701 351 781 τούς
365 703 401 773 δὲ
417 701 555 783 λοιπούς
568 710 793 790 Ζαγκλαίους,
816 704 1136 793 κοινολογησάμενος
1148 720 1234 773 τοῖσι
1249 712 1410 792 Σαμίοισι

272 808 328 875 καὶ
350 804 471 893 ὅρκους
494 806 575 886 δούς
598 810 655 876 καὶ
674 809 869 896 δεξάμενος,
892 812 1075 895 προέδωκε.
1109 805 1230 895 μισθὸς
1251 810 1292 875 δέ
1310 812 1347 876 σί
1367 799 1409 895 ήν

272 913 445 998 εἰρημένος
464 905 522 978 ὅδε
536 906 603 979 ὑπὸ
616 917 686 980 τῶν
699 919 856 999 Σαμίων,
881 911 1017 981 πάντων
1031 916 1099 979 τῶν
1114 914 1265 980 ἐπίπλων
1278 912 1334 978 καὶ
1347 907 1407 978 σἰν·

272 1013 453 1102 δραπόδων
471 1011 511 1081 τὰ
530 1010 650 1101 ήμίσεα
673 1023 791 1103 λαβεῖν
812 1021 882 1084 τῶν
901 1019 938 1084 ἐν
957 1021 999 1105 τῇ
1020 1013 1114 1102 πόλι,
1142 1012 1182 1082 τὰ
1208 1012 1240 1081 δ’
1264 1015 1318 1081 ἐπὶ
1339 1018 1408 1082 τῶν

271 1113 384 1204 ἀγρῶν
397 1115 506 1185 πάντα
515 1112 732 1206 Ἱπποκράτεα
746 1118 935 1206 λαγχάνειν.
961 1116 1038 1198 τούς
1051 1118 1114 1206 μὲν
1126 1115 1168 1205 δή
1177 1120 1325 1196 πλεῦνας
1339 1122 1408 1185 τῶν

271 1226 470 1305 Ζαγκλαίων
490 1217 590 1300 αὐτὸς
611 1224 648 1289 ἐν
668 1219 895 1310 ἀνδραπόδων
916 1221 1004 1315 λόγῳ
1027 1221 1094 1308 εἶχε
1114 1221 1235 1309 δήσας,
1261 1218 1340 1298 τούς
1369 1219 1406 1288 δὲ

271 1328 479 1409 κορυφαίους
492 1320 606 1391 αύτοῐν
618 1333 830 1413 τριηκοσίους
843 1331 949 1394 ἔδωκε
962 1340 1047 1394 τοῖσι
1061 1332 1220 1411 Σαμίοισι
1234 1322 1405 1410 κατασφά-

224 1429 264 1489 24
275 1429 344 1506 ξαι·
375 1422 416 1494 ού
435 1428 498 1513 μέν
516 1454 566 1495 τοι
587 1432 622 1495 σί
640 1455 677 1514 γε
692 1428 816 1518 Σάμιοι
831 1430 993 1516 ἐποίησαν
1008 1432 1122 1496 ταῦτα.
1154 1426 1296 1513 Σκύθης
1310 1424 1367 1510 δὲ,
1387 1420 1405 1494 δ

268 1534 337 1597 τῶν
352 1535 551 1615 Ζαγκλαίων
564 1530 762 1621 μούναρχος,
776 1535 813 1601 ἐκ
828 1537 884 1620 τῆς
899 1530 1028 1601 Ἰνύκσυ
1043 1529 1255 1618 ἐκδιδρήσκει
1269 1525 1392 1615 ἐςἹμέ-
1403 1541 1453 1590 419

269 1706 333 1753 suut
343 1704 366 1764 Ι,
379 1703 421 1754 88.
438 1703 616 1764 111,23.1·.)8.
633 1705 682 1768 IV,
698 1705 756 1758 135.
774 1707 806 1770 V,

268 1771 311 1824 33.
327 1773 375 1832 Vl,
388 1772 429 1822 23.
447 1771 490 1822 39.
503 1773 536 1822 87
553 1778 581 1823 et
593 1774 670 1824 mulli
682 1775 731 1825 alii
744 1774 807 1837 loci,

268 1842 316 1891 ubi
333 1842 405 1891 alise
426 1841 557 1892 formulae
583 1841 711 1907 loquendi
731 1860 808 1907 repe·

266 1912 388 1974 riuntur,
402 1925 470 1976 quas
485 1912 574 1961 sciens
587 1914 808 1976 praetermitto.“

266 1981 400 2045 Equidem
421 1980 524 2030 nullam
545 1980 669 2032 idoneam
694 1998 807 2034 causam

267 2050 404 2114 intelligo,
424 2066 472 2099 cur
485 2049 625 2101 Herodoto
646 2052 808 2102 abiudicon-

267 2117 329 2168 dum
340 2122 377 2169 sit
388 2120 499 2169 verbum
512 2113 646 2183 πεδήσας,
661 2123 686 2170 si
699 2122 807 2187 quidem

265 2188 378 2237 verbum
395 2182 490 2235 πεδία
512 2187 624 2250 (pedicis
640 2192 731 2255 vincio)
744 2207 808 2256 pro·

266 2257 308 2306 bis
322 2257 438 2334 testibqs
452 2257 558 2317 nititur,
569 2259 687 2310 Homero
695 2260 806 2325 (Odyss.

266 2326 314 2386 IV,
324 2326 390 2375 38οι
410 2339 487 2380 σατις
499 2318 529 2386 μ’
543 2321 701 2376 ἀθανάτων
713 2323 806 2398 πεδοὶρι

266 2390 314 2441 καί
326 2389 408 2456 ἔδησε
422 2390 571 2457 κελεύθου,
585 2396 625 2446 ΙΙΙ,
640 2398 717 2460 XIII,
730 2397 806 2463 435),
836 2435 842 2448 .

265 2461 400 2526 Aeschylo
424 2460 601 2524 (Eumenidd.
623 2465 708 2530 635),
733 2467 805 2532 aliis,

265 2547 378 2598 quorum
397 2530 471 2581 locos
489 2531 588 2583 allatos
602 2533 680 2583 vides
692 2536 719 2583 in
733 2536 805 2588 The-

265 2617 337 2653 εσσε.
354 2601 432 2666 Ling.
449 2602 545 2657 Graec.
563 2602 624 2654 Vol.
639 2604 685 2655 VI.
705 2622 732 2671 p.
752 2608 805 2657 844

265 2670 446 2722 cd.Dindorl.

299 2733 327 2798 lc
343 2731 457 2790 Ἴνυκον
471 2731 567 2805 πόλιν]
596 2742 657 2791 Hoc
672 2741 713 2791 ita
724 2741 804 2793 intel·

262 2811 311 2877 ligi
325 2811 415 2869 debet,
426 2815 457 2860 ut
467 2811 650 2876 Hippocrates
661 2816 805 2877 utrumque

264 2880 308 2944 (el
323 2879 452 2945 Scytham
472 2886 499 2930 et
518 2879 720 2945 l'ythogensm)
743 2885 804 2931 vin-

262 2957 335 3000 ctum
356 2949 531 3015 compedibus
554 2944 713 3014 (πεδήσας)
739 2951 804 3013 luy·

262 3034 322 3070 cum
342 3019 486 3085 relegarit,
507 3034 620 3085 parvum
640 3024 672 3069 ut
694 3020 804 3070 videtur

261 3090 404 3154 oppidum,
424 3090 451 3137 in
470 3104 523 3153 quo
539 3094 653 3154 uterque
673 3089 741 3139 bene
757 3106 803 3140 cn·

261 3159 360 3208 stodiri
374 3162 402 3208 et
415 3157 553 3208 observari
566 3163 683 3223 poterat.
705 3159 801 3224 Steph.

260 3229 326 3291 Byz.
345 3243 367 3278 s.
383 3243 408 3276 v.
422 3243 486 3311 paq.
502 3229 553 3277 411
570 3229 598 3277 iu
611 3229 751 3307 Herodoto
765 3229 802 3278 ls-

260 3299 332 3360 gisse
344 3297 453 3346 videtur
474 3299 561 3346 Ινυκα
577 3304 604 3346 ei
620 3313 682 3347 mox
698 3300 802 3355 Ινυκσς

260 3380 277 3413 a
294 3364 383 3414 forma
394 3358 486 3425 Ἰννξ,
497 3365 575 3415 cuius
588 3365 647 3416 loco
660 3366 709 3416 elii
724 3366 800 3417 dixs-

258 3426 461 3496 ruut'lvvnov‚
475 3438 545 3482 teste
560 3433 666 3485 Cluver.
684 3436 737 3485 Sic.
751 3452 800 3486 an-

259 3502 308 3566 tiq.
322 3502 345 3565 Ι,
360 3503 391 3551 18
404 3502 448 3551 fin.
464 3519 491 3566 p.
508 3502 569 3565 230,
582 3505 626 3553 cui
643 3505 720 3554 addit
735 3506 799 3555 Val-

258 3570 336 3621 ckeu.
360 3571 468 3622 Platon.
481 3571 564 3635 Hipp.
579 3574 644 3623 Mai.
663 3588 690 3637 p.
706 3574 796 3625 28211.

258 3641 338 3690 2848
355 3646 382 3690 ct
394 3639 552 3691 Philostrat.
565 3642 621 3691 vit.
635 3642 755 3707 Sophist.
774 3645 796 3706 Ι,

258 3710 283 3759 3.
300 3709 350 3773 (ΙΙΙ
360 3709 456 3774 Ηὶρρ.)
470 3725 496 3774 p.
511 3710 561 3760 495
572 3710 662 3761 Olear.
686 3713 729 3761 'l'u
740 3714 796 3764 vid.

858 1705 939 1756 cendi
953 1704 1040 1755 forma
1051 1690 1166 1767 (ὅρκους
1178 1692 1248 1757 δούς
1260 1696 1308 1750 καλ
1320 1695 1401 1761 δεξαί-

859 1772 955 1838 μενος)
967 1773 1086 1824 conlerri
1098 1772 1157 1823 vult
1169 1770 1351 1821 Matthiaeum
1367 1772 1402 1820 ad

858 1844 960 1908 Hymn.
977 1844 1102 1893 Homcrr.
1122 1856 1184 1906 pag.
1197 1843 1259 1890 414.
1287 1842 1330 1890 Tu
1345 1841 1402 1891 vid.

859 1918 929 1963 nott.
945 1912 981 1962 ad
995 1913 1048 1974 111,
1063 1913 1106 1962 74.

892 1975 999 2045 μισθὸς
1013 1978 1044 2029 δὲ
1059 1974 1089 2028 σί
1109 1966 1147 2043 ἦν
1164 1971 1328 2042 εἰρημένος]
1354 1978 1402 2027 ΑΙ-

859 2051 912 2101 lort
934 2052 1011 2102 Mure
1026 2047 1152 2114 (Criticul
1167 2049 1282 2113 History
1304 2049 1336 2098 oi
1355 2047 1401 2098 tbe

857 2121 993 2185 language
1007 2127 1060 2170 stc.
1079 2120 1128 2169 1v.
1147 2134 1173 2183 p.
1188 2116 1252 2182 552)
1274 2118 1346 2168 inter
1362 2117 1401 2167 lo·

858 2193 984 2241 cotiones
996 2190 1114 2239 Homero
1135 2193 1163 2238 et
1173 2187 1315 2237 Herodoto
1327 2202 1401 2237 com·

857 2275 960 2323 munes,
974 2273 1137 2324 comparans
1146 2257 1258 2307 Homer.
1268 2256 1399 2318 Ili.VlIl‚

857 2330 923 2379 524:
946 2326 1042 2390 μύδσς
1055 2318 1084 2375 δ’
1099 2365 1105 2396 ,
1123 2317 1155 2383 δς
1173 2317 1225 2389 μὲν
1239 2324 1294 2374 νύν
1308 2317 1400 2390 ὑγιής,

857 2392 1004 2462 εἰρημένος
1024 2390 1110 2456 ἔστως
1131 2411 1203 2461 quae
1215 2410 1248 2444 ex
1263 2410 1322 2446 mes
1338 2412 1400 2446 sen·

858 2470 945 2517 tentia
958 2482 1069 2532 prorsus
1083 2466 1193 2517 diversa
1205 2469 1279 2518 sunt.

890 2534 998 2604 λαβεῖν]
1027 2536 1072 2586 Sic
1090 2535 1153 2585 olim
1169 2536 1223 2584 iam
1240 2533 1398 2600 legebatur:

854 2607 1040 2657 eFlorentiuo
1059 2605 1175 2671 aliisque
1191 2604 1398 2671 Schweighaeu-

855 2690 931 2726 ssrus
954 2676 1056 2740 recepit
1075 2671 1257 2740 μεταλαβεῖν,
1282 2689 1398 2740 eumque

855 2750 964 2797 secutus
977 2751 1019 2796 est
1028 2744 1166 2795 Gaislord.
1191 2744 1323 2808 Equidem
1335 2760 1397 2795 cnm

854 2814 1014 2875 Schaelsm,
1027 2814 1127 2864 Matlh.
1148 2818 1175 2863 et
1194 2819 1309 2863 recenti.
1334 2814 1397 2866 edd.

853 2883 923 2933 redii
942 2885 978 2935 ad
998 2883 1041 2946 id,
1065 2882 1137 2949 qnod
1160 2884 1235 2946 prins
1252 2881 1397 2948 vulgatum

854 2959 928 3015 erat,
949 2954 1076 3018 quodque
1096 2955 1157 3017 ipsa
1170 2952 1313 3016 scriptoris
1335 2969 1398 3004 sen·

853 3023 1149 3087 tentiamibiflagiters
1158 3021 1310 3073 videbatur.
1325 3023 1397 3072 Mer-

853 3108 898 3143 ces
918 3093 989 3142 enim
1003 3091 1104 3143 haecce
1120 3106 1137 3140 a
1150 3091 1250 3141 Samiis
1262 3094 1397 3142 eonstitu-

853 3166 882 3212 to
899 3163 1000 3212 dicitur
1010 3198 1017 3224 ,
1027 3165 1058 3211 ut
1068 3161 1208 3212 dimidiam
1221 3165 1326 3224 partem
1340 3178 1396 3211 om-

851 3233 935 3293 nium,
953 3232 1065 3297 quaein
1078 3231 1146 3281 urbs
1158 3236 1251 3280 essent
1264 3235 1291 3280 et
1305 3246 1395 3282 rernm

851 3302 990 3351 mobilium
1001 3307 1028 3351 ot
1039 3301 1232 3363 mancipiorum
1238 3299 1395 3364 fflppocra·

849 3376 891 3422 tes
906 3372 1053 3435 acciperet.
1079 3362 1113 3419 τὰ
1124 3367 1229 3422 ἔπιπλα
1243 3385 1314 3435 quae
1327 3371 1393 3431 sint,

851 3441 968 3490 diximus
984 3441 1019 3490 ad
1033 3441 1055 3504 I,
1067 3440 1112 3491 114.
1124 3440 1348 3489 -Locutionem
1361 3431 1393 3489 ἐν

849 3503 1043 3573 ἀνδραπόδων
1055 3501 1127 3591 λόγῳ
1140 3508 1224 3572 attigi
1237 3509 1272 3558 sd
1286 3510 1333 3573 VI,
1351 3511 1391 3561 19.

849 3605 883 3615 -
903 3579 935 3628 In
958 3594 1032 3644 seqq.
1052 3593 1121 3637 τσυς
1139 3576 1317 3641 κορυφαίους
1337 3580 1392 3630 dici

849 3654 940 3713 putem
953 3651 1136 3711 opulentiores,
1159 3649 1334 3698 eminentiores
1351 3650 1392 3698 in·

848 3724 891 3768 ter
914 3716 1079 3780 Zanclaeos,
1102 3721 1232 3781 optimates
1251 3717 1335 3782 igitur
1359 3735 1391 3769 ac

255 3778 400 3844 Forbigcr:
420 3779 528 3830 Haudb.
544 3779 569 3828 d.
582 3780 630 3829 ait.
642 3780 796 3847 Geograph.
845 3790 975 3851 principes
986 3791 1065 3850 cives,
1080 3794 1112 3838 ut
1128 3789 1186 3848 111,
1204 3786 1248 3837 82.
1264 3788 1321 3838 159.
1341 3788 1390 3851 VI,

256 3848 311 3898 111.
328 3864 391 3913 pag,
403 3848 456 3898 812
469 3852 497 3898 et
509 3848 544 3899 cl.
561 3850 642 3900 etiam
650 3850 748 3901 Wassc
760 3853 797 3901 ad
847 3857 890 3909 98,
904 3884 938 3892 -
955 3848 1050 3906 αύτύν
1065 3852 1195 3922 rescripsi
1208 3872 1256 3922 pro
1270 3850 1389 3910 αὐτέων,

257 3917 409 3982 'ancydid
422 3919 474 3979 VI,
489 3918 531 3969 94.
561 3919 622 3981 Quo
640 3919 700 3971 Ιοσο
712 3922 795 3971 situm

255 3989 337 4037 suerit
354 3987 492 4054 oppidum,
501 3990 546 4037 vix
559 3994 687 4041 accurate
701 3990 796 4041 defini-

256 4073 301 4119 as3
321 4057 358 4107 ad
370 4058 442 4108 ostia
455 4060 531 4109 fluvii
544 4060 656 4125 Hypsas
670 4060 698 4109 in
712 4060 794 4112 laeva

254 4128 315 4191 ripa
329 4129 364 4178 ab
380 4129 483 4179 oriente
493 4128 641 4179 Selinuntio
655 4132 737 4180 situm
751 4132 793 4180 fu-

254 4198 309 4246 isse
320 4197 460 4262 probabile
475 4203 526 4249 est.
549 4200 591 4249 De
603 4199 686 4249 verbo
698 4213 793 4249 κοινο-

1027 4029 1093 4084 Οκσ,
1112 4029 1212 4079 XXIV.

879 4123 908 4178 ἐκ
922 4128 973 4195 τῆς
984 4122 1095 4181 Ἰνύκου
1110 4123 1307 4197 ἐκδιδρήσκει]
1342 4130 1386 4185 ef.

844 4200 892 4262 lv,
906 4200 969 4250 148:
983 4195 1131 4251 οίΜινύαι
1144 4192 1339 4263 ἐκδράντες
1355 4191 1386 4250 ίκ

252 4263 400 4328 λσγείσθαι
415 4266 560 4331 (sermones,
575 4270 680 4319 consilio
693 4270 794 4332 conser-
843 4265 893 4331 τῆς
902 4258 1002 4333 ἓρκτῆς
1014 4268 1106 4330 ῐζσντσ
1115 4286 1171 4322 κ.τ.
1179 4269 1291 4335 l.,quod
1297 4271 1386 4335 ipsum

253 4333 294 4409 ηε)
309 4334 364 4383 dixi
381 4336 565 4411 sed-Plutarch.
581 4337 674 4401 Pyrrh.
692 4354 718 4401 p.
730 4340 791 4390 204.
842 4339 954 4389 verbum
966 4340 1210 4405 indicotScytbam
1220 4340 1386 4390 incustoditi

252 4415 358 4463 σρκους
380 4399 482 4452 δουναι
502 4405 565 4456 Ιιίοσ
590 4407 660 4455 dixit
685 4422 793 4473 quoque
842 4413 977 4459 retentum
987 4409 1050 4459 inde
1060 4411 1223 4475 profugisse.
1243 4409 1284 4459 cf.
1295 4409 1384 4472 ΙΙΙ,4.

251 4471 372 4521 Pausau.
387 4473 434 4535 IV,
448 4472 491 4524 23.
507 4477 531 4537 ς.
547 4476 572 4524 4.
586 4476 629 4528 Or.
643 4474 738 4526 dehac
752 4475 792 4526 di·
842 4477 890 4540 lX,
904 4478 946 4529 88.
961 4478 1010 4541 Vl,
1024 4478 1067 4543 90,
1080 4479 1127 4529 ubi
1140 4480 1211 4530 idem
1222 4479 1336 4530 verbum
1349 4479 1386 4528 si·
