3100 5175
720 402 989 468 HERODO'I'I

289 400 352 465 682

239 677 242 682 Ι
286 573 544 666 ἀχαριτώτατον.
586 576 734 671 Τοιούτῳ
755 577 818 667 μὲν
836 577 948 674 τρόπῳ
971 576 1136 667 τύραννος
1154 585 1309 675 ἐγεγόνεε
1323 592 1423 677 μέγας

287 677 445 752 ὁΓέλωο.
1119 713 1131 728 “

221 783 281 843 157
372 786 451 855 Τότε
465 786 521 873 δὲ,
542 780 587 865 ὡς
607 790 642 854 oi
658 780 793 872 ἄγγελοι
811 781 1057 879 τῶνἙλλήνων
1076 787 1219 862 ἀπίκατο
1233 792 1338 876 lewis
1351 806 1419 866 Συ·

288 990 419 1056 populum
431 991 465 1042 ob
478 990 596 1052 gratiam
614 989 667 1040 sibi
688 1005 742 1041 non
757 988 829 1040 rels·
878 997 998 1044 sementa
1022 992 1069 1042 des
1084 993 1169 1045 Grecs
1191 1010 1225 1045 en
1243 995 1339 1048 Sicilie
1358 1015 1418 1065 pag.

287 1067 343 1112 tam
357 1067 459 1111 vocant
475 1057 568 1126 δῆμον
582 1049 744 1124 ipsiorum,
773 1059 828 1112 Sed
881 1062 929 1112 llll
942 1079 1017 1128 seqq.
1033 1069 1061 1112 et
1075 1064 1198 1129 inprimis
1212 1080 1273 1132 pag.
1289 1067 1338 1117 137
1351 1086 1419 1136 seq,

286 1147 433 1196 agnoscere
461 1132 488 1181 iu
513 1130 615 1180 talibus
638 1129 702 1179 mihi
732 1130 828 1180 videor
878 1132 977 1183 Grote:
1002 1134 1118 1200 History
1138 1135 1168 1184 of
1183 1136 1285 1186 Greece
1304 1139 1337 1186 V.
1357 1156 1417 1204 pag.

285 1202 427 1268 scriptoris
442 1201 562 1251 animum
576 1215 594 1251 a
605 1199 679 1249 nulla
694 1215 723 1249 re
738 1201 826 1264 magis
876 1203 928 1254 ⁴285
943 1217 1027 1269 seqq„
1037 1209 1065 1253 et
1086 1207 1233 1270 praecipue
1247 1206 1343 1258 Plass:
1368 1211 1418 1260 Die

284 1271 417 1334 alienum,
440 1287 521 1337 quarn
540 1286 557 1320 a
574 1270 719 1334 tyrannide
738 1287 771 1320 ac
784 1275 826 1335 ty·
876 1271 1014 1335 Tyrannis
1031 1273 1053 1328 l.
1066 1289 1129 1340 pag.
1143 1274 1192 1324 282
1204 1291 1281 1341 seqq.
1296 1279 1348 1329 293
1362 1296 1416 1345 seq.

284 1357 446 1403 rannerum,
470 1341 516 1406 qui
542 1340 656 1391 Graecis
682 1345 824 1403 vocantur,
876 1340 988 1393 Gelonis
1002 1358 1046 1393 res
1060 1345 1189 1406 peculiari
1201 1347 1353 1410 scriptione
1363 1365 1419 1414 per-

285 1412 413 1477 imperio,
429 1427 478 1476 pro
491 1411 614 1476 ingenito
627 1408 675 1460 illo
689 1409 824 1460 libertatis
875 1417 986 1462 secutus
1000 1417 1042 1463 est
1056 1414 1099 1463 W.
1113 1415 1149 1467 H.
1162 1430 1216 1466 van
1225 1415 1417 1484 Hardenberg:

284 1482 390 1544 studio,
413 1496 466 1547 quo
477 1482 606 1532 Nostrum
626 1481 767 1530 incensum
781 1480 824 1530 fu·
874 1480 916 1530 De
928 1480 1180 1548 GeloneSyracuss.
1189 1489 1317 1549 tyranno.
1328 1489 1419 1540 Ultra·

284 1553 339 1602 isse
352 1552 426 1602 haud
438 1552 518 1615 pauci
528 1550 703 1600 historiarum
716 1549 771 1599 loci
783 1551 824 1599 iu·
876 1551 939 1601 ieet.
961 1551 1037 1604 1841.

283 1622 384 1673 dicant.
409 1621 511 1682 viuv,
521 1619 555 1671 66
572 1619 664 1684 ibique
679 1624 749 1672 nott.
762 1619 825 1671 coll.

282 1691 548 1753 v‚78etvl1,164.
578 1689 825 1754 Numquemultum
1050 1727 1106 1777 Ost
1136 1727 1237 1777 CLVII

282 1778 348 1813 sane
363 1762 459 1813 abesse
472 1761 594 1823 videtur,
609 1765 639 1809 ut
649 1760 778 1811 Gelonem
792 1776 824 1810 eo
1108 1764 1115 1779 '
1239 1764 1246 1775 ⁴

282 1846 335 1896 quo
348 1832 430 1897 vulgo
441 1832 576 1897 accipitur
587 1845 669 1881 sensu
678 1835 822 1893 tyranuum
908 1816 1044 1895 ἀπίκατο]
1066 1830 1136 1881 Olim
1148 1821 1285 1882 ἀπικέατο
1295 1850 1303 1892 3
1315 1835 1351 1885 de
1365 1851 1417 1901 qua

283 1902 368 1953 fuisse
386 1901 582 1962 existimemus,
605 1900 622 1949 i.
636 1916 660 1950 e.
675 1915 764 1964 regem
779 1914 824 1950 sn·
874 1899 1035 1951 eoniusioue
1050 1902 1105 1952 vid.
1118 1900 1205 1952 alluta
1223 1903 1259 1953 ad
1275 1904 1343 1962 Vll,
1360 1906 1414 1956 116.

282 1972 407 2037 perhum3
431 1986 509 2037 quem
534 1970 626 2035 potius
647 1985 707 2020 curu
729 1971 823 2035 aequi·
873 1969 984 2019 ——Mox
1003 1986 1062 2021 cum
1074 1972 1217 2023 Dietschio
1235 1973 1347 2025 exhibui
1360 1982 1415 2026 Au-

281 2046 340 2092 tate
348 2041 500 2094 Siculorum
509 2057 552 2092 res
561 2040 744 2091 moderantem
755 2041 824 2105 opti·

281 2128 340 2162 mas
353 2111 428 2178 leges
441 2113 538 2163 tulisse
549 2110 721 2174 omniumque
732 2126 821 2162 rernm

281 2182 478 2233 abundantiam
491 2196 651 2247 procurasse
665 2185 749 2246 atque
765 2196 822 2230 om·

280 2253 346 2302 nino
367 2252 460 2318 populi
482 2251 711 2302 studiosissimum
737 2251 822 2301 fuisse

281 2327 398 2372 testatur
411 2321 493 2374 Diod.
504 2322 559 2371 Sic.
569 2322 617 2380 xl,
625 2321 668 2372 38.
692 2320 733 2370 cf.
743 2319 823 2371 Goel-

281 2390 329 2442 ler.
338 2392 372 2441 de
381 2392 436 2441 situ
446 2396 473 2440 et
485 2391 552 2454 orig.
565 2390 693 2454 Syracua.
705 2406 768 2456 pag.
778 2390 820 2442 15.

308 2454 437 2526 Tosou'rqs
448 2453 499 2522 pio
507 2451 604 2523 τρόπῳ
613 2450 754 2518 τύραννος
766 2449 822 2523 ἔγε-

277 2524 359 2595 γόνεε
371 2527 456 2594 μέγας
473 2521 488 2579 ὁ
503 2525 612 2595 Γέλων]
633 2530 703 2579 Vere
723 2531 765 2581 ita
782 2545 822 2580 re·

278 2606 375 2667 cteque
384 2603 484 2652 Noster
496 2600 695 2667 pronuntiavit,
706 2602 752 2665 qui
761 2617 822 2652 ver-

277 2672 321 2723 bis
338 2672 459 2737 proxime
475 2671 715 2722 antecedentibus:
740 2667 821 2733 νομί-

873 2032 1056 2103 κεδαιμόαιοί
1072 2054 1101 2090 τε
1119 2039 1168 2091 aul
1185 2032 1349 2107 Ἀθηναῖοι,
1370 2045 1414 2094 nbi

872 2108 954 2174 vulgo
976 2110 1054 2161 abest
1080 2110 1180 2162 vocula
1200 2126 1244 2176 τε,
1274 2115 1376 2164 omissa
1398 2130 1414 2163 a

872 2179 997 2230 Behlrero
1012 2187 1040 2231 et
1052 2181 1209 2241 Diodorfio‚
1226 2183 1276 2234 aed
1292 2184 1363 2238 bene
1375 2200 1415 2236 re·

872 2253 950 2299 tenta
963 2264 980 2298 a
992 2251 1144 2304 Dietschio.
1176 2252 1307 2305 Adluisse
1324 2261 1414 2306 autem

871 2321 926 2369 und
940 2319 1147 2375 Atheniensium
1162 2321 1270 2387 legatos
1286 2329 1366 2388 patet
1382 2341 1413 2376 es

871 2389 1005 2440 Herodot.
1019 2391 1082 2449 Vll,
1097 2391 1143 2442 161
1158 2397 1186 2442 et
1197 2392 1290 2444 Sehol.
1301 2394 1411 2445 Pindar.

872 2459 907 2508 sd
921 2459 1027 2523 Pythi
1042 2460 1087 2512 liu.
1102 2475 1124 2514 a.
1141 2461 1200 2513 146.
1229 2464 1278 2513 Or.
1295 2465 1413 2515 conferri

871 2527 931 2580 vult
939 2530 1043 2594 Ephori
1051 2532 1186 2597 Eragmm.
1198 2547 1259 2598 pag.
1270 2534 1331 2584 221.
1352 2536 1413 2584 Ets-

871 2601 925 2649 nim
938 2599 1077 2664 Ephorus‚
1096 2606 1127 2652 ut
1141 2618 1155 2653 e
1169 2603 1284 2653 Pindari
1300 2604 1412 2656 scholiis

869 2669 886 2720 1.
902 2668 921 2718 1.
936 2677 1064 2735 apparet,
1077 2671 1110 2721 de
1122 2672 1217 2722 iisdem
1231 2674 1312 2725 rebus
1325 2676 1412 2725 tradi-

278 2755 328 2800 οας
340 2739 434 2806 δῆμον
452 2734 526 2790 εἶναι
543 2738 704 2804 συνοίκημα
722 2731 821 2804 ἄχαρι·
870 2739 962 2796 derat.
977 2741 1124 2806 etquidem
1136 2742 1218 2806 paulo
1231 2742 1314 2794 aliter
1329 2750 1411 2810 atque

276 2809 402 2861 τοίτατον
413 2811 542 2864 Gelonem
552 2810 749 2875 quodammodo
760 2826 820 2876 per·
869 2810 1033 2861 Herodotus.
1060 2812 1120 2872 Quo
1132 2813 1203 2863 enim
1216 2817 1338 2879 tempore
1347 2816 1413 2865 Xer·

277 2882 411 2948 stringere
418 2882 538 2933 voluisse
546 2880 632 2931 vider-i
640 2885 740 2946 potest,
747 2879 819 2946 quod
867 2895 916 2931 xes
930 2879 1029 2931 bellum
1042 2881 1171 2945 parabat,
1191 2882 1279 2948 legati
1296 2899 1314 2935 a
1327 2884 1411 2937 Grae·

277 2952 381 3016 plebem
392 2952 575 3003 inhumaniter
589 2952 753 3002 tractaverit
761 2952 819 3001 ani·
869 2951 909 3002 cis
927 2950 962 3000 ad
982 2950 1111 3002 Gelonem
1131 2954 1207 3004 missi
1227 2953 1358 3005 dicamur
1375 2955 1410 3005 ab

277 3038 402 3087 mumque
415 3023 449 3072 ab
463 3039 496 3074 ea
507 3036 633 3071 aversum
652 3037 717 3086 prae
734 3037 763 3073 se
776 3025 819 3072 tu·
868 3021 991 3085 Ephoro:
1011 3021 1059 3071 sed
1069 3022 1161 3073 eodem
1172 3028 1294 3090 tempore
1303 3040 1410 3089 quoque

275 3093 348 3143 lerit.
374 3093 483 3143 Etenim
496 3108 551 3141 non
560 3107 663 3156 mopsus
674 3090 760 3143 solum
770 3107 818 3141 rex
865 3090 973 3155 legatos
983 3092 1128 3145 Persarum
1143 3098 1171 3143 et
1182 3093 1351 3145 Phoenicum
1366 3095 1411 3145 hic

276 3162 384 3214 exstitit
396 3162 473 3227 Gelo,
486 3177 580 3212 verum
592 3161 726 3212 maximus
739 3161 818 3225 adeo,
867 3160 964 3213 scribit
981 3163 1139 3225 pervenisse
1153 3161 1188 3213 ad
1201 3163 1411 3229 Carthaginien-

276 3233 323 3298 qui
333 3249 386 3283 non
396 3236 503 3282 tantum
515 3232 596 3283 rebus
607 3232 635 3282 ln
649 3231 719 3281 bello
730 3232 817 3295 gestis
837 3232 847 3257 ‘
867 3247 911 3281 ses
920 3246 1022 3296 eosque
1031 3233 1174 3295 invitasse,
1191 3239 1221 3283 ut
1232 3234 1349 3286 classem
1362 3251 1412 3300 pa-

274 3303 432 3367 praeclsrus
446 3302 565 3352 Graecos
583 3302 610 3350 in
626 3299 724 3353 Sicilia
740 3301 817 3352 habi·
867 3307 969 3360 rorent,
981 3316 1034 3366 qua
1045 3302 1168 3352 Siciliam
1179 3307 1315 3367 peterent,
1328 3305 1413 3356 Grae·

274 3377 368 3422 tentes
386 3388 403 3421 a
416 3374 569 3423 Poenorum
588 3372 704 3436 imperio
715 3371 816 3421 libera·
867 3373 961 3436 cisque
976 3371 1003 3420 iu
1016 3370 1111 3422 Sicilia
1124 3372 1247 3424 subactis
1260 3375 1351 3438 ipsam
1361 3376 1412 3426 Pe·

274 3443 332 3503 vit,
347 3440 817 3506 sedetiamdomisnmmdprnden·
864 3441 1043 3506 loponnesum
1072 3442 1294 3508 aggrederentur.
1335 3446 1412 3506 Quos

275 3512 315 3561 tin
324 3526 389 3581 usus
399 3513 426 3561 in
437 3527 466 3562 re
478 3511 587 3576 publica
598 3511 816 3562 administranda
865 3526 925 3562 cum
944 3513 1177 3578 appropinquare·
1186 3513 1343 3566 audivisset
1358 3516 1412 3566 Ge-

274 3596 340 3647 opes
353 3582 588 3647 Syracusanorum
610 3583 651 3631 ita
669 3582 761 3639 auxit,
784 3585 815 3631 ut
865 3580 906 3645 lo,
922 3582 1031 3646 copias,
1051 3597 1119 3646 quas
1144 3582 1178 3633 ad
1195 3598 1272 3647 opem
1294 3583 1411 3637 Graecis

273 3655 391 3704 maxime
410 3653 538 3703 florerent
555 3666 647 3702 eorum
669 3666 712 3701 res
730 3654 759 3701 et
778 3650 813 3701 ad
863 3650 1003 3702 ferendam
1023 3657 1171 3714 paraverat
1192 3652 1339 3716 (ducentas
1361 3671 1411 3705 na-

273 3721 414 3788 isstiginm
432 3722 490 3773 iere
506 3722 578 3772 omni
592 3722 672 3771 modo
685 3719 814 3786 perduce-
863 3736 920 3783 res,
934 3721 986 3771 duo
999 3719 1075 3771 milis
1085 3723 1215 3786 equitnm.
1225 3723 1319 3774 decem
1332 3726 1411 3775 milia

271 3796 378 3843 renturr
403 3792 525 3856 beneque
549 3792 672 3841 civitatis
697 3789 812 3841 salutem
862 3790 1412 3856 peditum),contracerthsginieuseadu·

271 3862 317 3912 ille
327 3864 397 3913 tueri
411 3861 530 3924 studuit,
549 3859 730 3927 locupletibus
746 3861 813 3910 civi-
863 3863 937 3912 risse
958 3860 1086 3911 Gelonem
1105 3863 1194 3928 iisque
1212 3863 1332 3915 devictis
1353 3881 1409 3915 non

270 3932 321 3983 bus
332 3932 362 3983 in
376 3932 468 3983 urbem
482 3932 599 3993 coactis,
618 3932 646 3980 in
660 3945 714 3997 qua
730 3946 811 3995 opum
862 3930 1013 3981 Siculorum
1027 3936 1143 3994 tantum,
1160 3935 1352 3984 verumetiam
1368 3940 1412 3986 to·

271 4003 456 4068 augendarum
475 4002 577 4067 optima
594 4000 661 4050 datu
679 4006 753 4051 esset
767 4015 812 4051 oo·
861 4002 917 4050 tius
929 4001 1245 4054 Graeciaeliheratorem
1254 4004 1408 4055 exstitisse.

271 4073 361 4131 casio,
380 4071 458 4138 plebe
470 4086 556 4136 egena
570 4075 598 4121 et
609 4070 643 4120 ad
655 4070 751 4120 turbas
769 4085 810 4122 se·
862 4071 939 4132 Quae
961 4070 1030 4120 talia
1049 4072 1173 4135 proiecto
1199 4077 1279 4136 aunt,
1305 4079 1338 4123 ut
1358 4076 1411 4125 mi·

269 4142 443 4208 ditioresque
453 4157 538 4207 prona
552 4157 585 4191 ex
596 4141 664 4190 urhe
680 4140 769 4190 eiecta
781 4140 809 4189 in
860 4141 933 4191 nime
952 4140 1067 4191 conficta
1082 4156 1193 4205 prorsus
1208 4142 1356 4194 videantur
1369 4145 1410 4195 ab

268 4227 323 4275 rus,
334 4212 382 4262 uhi
393 4227 462 4278 opus
474 4211 588 4262 taceret.
612 4211 702 4277 Quare
714 4210 810 4261 merito
861 4211 984 4275 Ephoro,
1004 4226 1072 4274 quae
1086 4213 1222 4263 Kortlimii
1237 4217 1281 4265 est
1295 4218 1412 4265 senten·

269 4296 398 4332 summam
419 4280 524 4332 laudem
539 4281 604 4331 Gelo
619 4279 692 4345 apud
703 4284 811 4331 veteres
861 4281 916 4330 tio:
934 4279 1042 4332 Griech.
1060 4281 1160 4333 Gesch.
1179 4283 1201 4333 l.
1221 4284 1325 4347 pauo.
1361 4285 1410 4335 Tu

268 4366 356 4415 aeque
371 4357 453 4417 atque
474 4351 547 4416 apud
560 4351 727 4400 recentiores
746 4350 811 4401 sori-
861 4350 1022 4402 centenam
1031 4349 1127 4403 Grote:
1138 4352 1412 4417 HistoryoiGresce

269 4423 361 4482 ptores
378 4426 476 4473 noetus
493 4426 543 4472 est.
569 4420 630 4473 vid.
650 4420 754 4470 Brunet
777 4420 810 4470 de
861 4422 894 4471 V.
915 4435 977 4483 pag.
998 4418 1049 4470 293
1065 4436 1123 4487 seq.
1145 4426 1173 4473 et
1189 4423 1241 4474 Ad.
1259 4421 1411 4474 Stellrens:

267 4488 373 4541 Presle:
393 4490 562 4542 Reeherohes
576 4505 622 4542 aur
637 4488 676 4542 les
697 4488 811 4542 dtsblia·
860 4490 903 4540 De
913 4489 1018 4556 Ephori
1027 4488 1138 4543 Quasi
1149 4491 1201 4543 tide
1212 4498 1296 4558 atque
1306 4498 1413 4545 aucto-
