3100 5175
296 391 357 451 790

727 389 992 452 Huitououi

295 565 360 656 γὰρ
375 563 487 651 εἶπας,
506 563 637 636 ἅκαντα
657 561 765 654 ἀντέβη
787 561 886 634 οὕτω.
921 569 987 634 νῦν
1002 565 1109 653 δόμοι
1121 562 1211 649 siai,
1234 560 1325 633 κόσοι
1336 565 1410 642 τινές

298 676 362 741 ελσε
385 675 420 739 ολ
438 670 548 740 λοιποὶ
561 671 838 758 Λακεδαιμόνιοι,
865 668 1072 738 καὶτούτων
1093 664 1207 739 ὁκόσοι
1223 662 1363 736 τοὶοῦτοι
1380 665 1412 734 τὰ

297 777 455 863 πολέμια,
478 783 544 844 εἴτε
565 776 623 843 καὶ
641 770 796 854 ἅπαντες.
835 769 871 842 ‘0
891 770 923 842 δ’
940 772 1032 842 εἶτε·
1061 764 1102 841 Ὠ
1121 777 1279 860 βασιλεῦ,
1300 775 1414 858 πλῆθος

298 879 360 968 μὲν
382 878 519 948 πόντων
539 882 608 947 τῶν
621 884 900 967 Λακεδαιμονίων
922 874 1062 964 ττολλδν,
1084 879 1141 946 καὶ
1160 876 1274 954 πόλιες
1293 882 1413 944 πολλαί·

298 982 336 1054 τδ
365 983 402 1053 δὲ
421 986 534 1062 δόλεις
557 985 738 1069 ἐκμαθεῖν,
766 981 919 1069 εἰδήσεις.
966 979 1055 1050 Ἔστι
1083 984 1120 1050 ἐν
1140 984 1181 1068 τῇ
1202 984 1416 1066 Λακεδαίμονι

300 1087 457 1175 Σπάρτη,
472 1087 568 1166 πόλις
581 1082 718 1175 ἀνδρῶν
727 1083 984 1173 ὀκτακισχιλίων
996 1084 1137 1172 μα’λιστό
1151 1104 1209 1171 κη·
1238 1074 1331 1153 οὗτοι
1345 1079 1417 1151 τόν·

299 1219 353 1272 τες
374 1192 439 1261 εἰσὶ
459 1187 566 1279 ὁμοῖοι
585 1205 671 1259 τοῖσι
691 1188 817 1260 ἐνδόδε
839 1191 1111 1279 μαχεσαμένοισι·
1144 1193 1178 1258 οῖ
1195 1214 1234 1273 γε
1253 1186 1316 1276 μὲν
1336 1182 1418 1255 ἄλλοι

301 1396 387 1445 banos
406 1408 439 1442 ac
458 1390 634 1441 Plataeenses
656 1390 718 1440 inde
741 1392 841 1457 repetit

302 1465 332 1515 (l.
344 1458 376 1513 Ο.
387 1460 511 1513 Mueller:
527 1460 689 1511 Orchomen.
705 1477 768 1527 pag.
779 1463 840 1523 413,

302 1535 373 1600 quod
393 1538 498 1583 mature
523 1547 540 1580 a
560 1531 672 1582 Boeotis
696 1546 841 1596 eorumque

301 1604 426 1663 loedere,
439 1603 483 1653 cui
494 1600 604 1652 Thebae
618 1608 774 1667 praeerant,
789 1602 843 1653 dia·

301 1678 444 1725 cesserant
456 1671 642 1723 Plataeenses.

446 1846 512 1895 Car.
532 1844 703 1896 ccxmv.

336 1942 371 2000 τὰ
388 1942 519 2014 πολέμια]
538 1948 623 2000 Plano
641 1948 681 1998 sic
694 1949 762 2007 Vll,
779 1946 840 1998 238.

303 2022 365 2072 Vid.
379 2026 448 2072 nott.
462 2019 496 2071 ad
511 2019 568 2081 ΠΙ,
584 2021 609 2070 4.
648 2018 681 2068 In
699 2033 772 2084 seqq.
793 2033 842 2083 pro

302 2091 376 2155 vulg.
387 2083 482 2146 πόλις
499 2089 563 2140 dedi
574 2082 692 2152 πόλιες,
705 2089 760 2139 vid.
772 2093 841 2137 nott.

192 2174 199 2188 ²
303 2161 338 2210 ad
350 2160 412 2222 vii,
425 2161 466 2209 22.
479 2159 542 2217 123;
562 2150 632 2209 idem
644 2158 696 2208 leci
707 2174 767 2208 mox
779 2173 843 2223 cap.

303 2230 354 2282 235
362 2231 405 2280 lin.
430 2230 484 2279 Pro
495 2219 666 2292 ἐκμαθὲειν
678 2244 693 2279 e
703 2227 843 2279 Saucrolti

303 2300 373 2350 libro
381 2298 471 2363 recepi
479 2287 645 2357 ἐκμαθεῖν,
659 2297 843 2352 videretur.

303 2385 329 2436 p.
344 2368 410 2430 3253
429 2369 462 2419 de
482 2368 568 2417 forma
585 2368 681 2418 louica
702 2368 790 2417 itrturi
808 2360 845 2415 εἰ-

303 2432 400 2504 δήσεις
414 2439 468 2490 vid.
482 2438 596 2488 cundem
610 2436 725 2488 Bredor.
741 2454 767 2502 p.
782 2437 843 2488 412.

338 2501 420 2566 πόλις
434 2498 550 2567 ἀνδρῶν
564 2500 779 2572 ὀκτακισχιλίων
786 2499 845 2571 ’μα’-

303 2570 382 2629 λιστα
394 2576 442 2644 κη]
462 2576 549 2629 Affert
562 2576 690 2629 Euststh.
704 2577 740 2629 ad
756 2577 799 2628 lli.
817 2593 843 2642 p.

303 2650 364 2711 294,
379 2651 413 2699 'tl
425 2665 447 2701 s.
463 2650 527 2708 222,
539 2651 582 2699 47.
607 2649 693 2712 Quem
707 2663 771 2699 vero
784 2648 810 2697 h.
825 2647 844 2697 1.

304 2721 404 2771 Noster
411 2717 503 2785 piodit
512 2733 651 2769 numerum
662 2718 772 2781 civium,
783 2734 844 2769 enm

304 2805 395 2841 arcro
410 2805 463 2840 non
480 2788 560 2854 longe
573 2791 683 2850 abesse,
703 2789 766 2839 iude
784 2790 845 2839 iure

304 2859 371 2911 mihi
389 2859 518 2924 colligere
536 2875 618 2926 posse
633 2859 742 2921 videor,
763 2857 845 2925 quod,

303 2930 379 2981 victi
389 2930 541 2992 Messenii,
561 2944 707 2996 aequarum
725 2930 845 2978 omnium

271 3005 275 3010 '
303 3001 501 3066 Spartanorum
517 3001 630 3051 sortium
643 3000 727 3050 fuisse
739 2998 845 3063 accepi-

304 3085 363 3122 mus
386 3067 454 3134 (rid.
479 3070 618 3121 Plutarch.
646 3070 703 3120 Vit.
726 3071 844 3133 Lycurg.

303 3156 364 3205 cap.
383 3139 411 3202 8)
431 3155 514 3190 nocem
535 3141 616 3201 milio,
640 3140 669 3188 iu
694 3154 762 3205 quas
784 3137 844 3189 scil.

304 3210 391 3261 omnis
403 3215 476 3261 esest
485 3210 576 3261 divisa
587 3217 675 3266 terra:
693 3224 753 3259 cum
762 3213 845 3259 antea

304 3280 383 3330 modo
396 3294 446 3330 ενα
455 3281 606 3344 mutarive,
621 3279 710 3331 otalii
722 3279 844 3340 tradunt,

303 3356 422 3415 ᾳοοιιιιον
453 3352 534 3413 nulia,
561 3356 589 3399 et
617 3351 688 3417 quod
713 3351 844 3410 excurrit,

303 3420 421 3470 inissent
439 3422 553 3470 sortium
575 3419 660 3486 (conl.
675 3419 704 3469 C.
716 3419 761 3469 Fr.
776 3419 846 3469 Her-

304 3504 400 3540 mann:
418 3488 526 3540 (iriecb.
540 3488 744 3541 Staatsaltertb.
759 3488 784 3551 ς.
799 3489 844 3539 28.

304 3559 392 3610 nouit
412 3564 439 3608 ct
458 3563 482 3623 ξ.
500 3559 543 3611 31.
562 3566 618 3611 not.
639 3560 682 3626 dl:
702 3574 791 3625 neque
809 3559 844 3609 ab

303 3629 347 3681 his
358 3631 477 3679 numeris
491 3629 635 3680 admodum
650 3629 735 3681 distat
747 3629 845 3693 opinor

303 3698 463 3751 Aristoteles
477 3699 573 3765 (Polit.
585 3700 622 3764 ΙΙ,
634 3703 661 3763 o,
675 3698 733 3766 12),
750 3699 796 3764 qui
810 3697 844 3748 de

304 3770 387 3820 decem
399 3769 507 3820 milibus
523 3770 722 3835 Spartanorum
742 3770 769 3818 in
783 3770 843 3819 nni-

303 3853 410 3890 versum
418 3837 552 3905 loquitur:
563 3840 609 3891 vix
618 3841 689 3892 euim
696 3854 796 3904 magna
806 3841 844 3889 iu·

303 3915 345 3960 tar
357 3908 406 3960 hos
416 3925 541 3961 numeros
554 3912 671 3962 exsistet
679 3909 843 3972 differentis,

303 3983 329 4029 si
345 3979 395 4030 hos
407 3980 481 4045 ipsos
498 3996 623 4032 numeros
638 3983 666 4032 in
686 3980 843 4031 universnm

304 4051 391 4115 magis
404 4055 526 4116 sumptos
540 4066 621 4116 quam
635 4055 767 4102 accurata
782 4065 844 4116 sup-

303 4119 844 4184 putationeeffectosexsistimsmns(rid.

302 4192 413 4255 Zumpt:
431 4191 522 4242 Uaber
541 4191 568 4241 d.
582 4191 670 4243 Stsnd
689 4191 737 4242 der
747 4189 845 4240 Bevdl-

302 4259 408 4325 lreruug
422 4261 449 4310 in
463 4261 661 4312 Griecheuland
672 4275 697 4310 n.
713 4262 792 4330 Rom,
803 4261 844 4312 in:

302 4329 767 4383 Denlrschriitd.Berlin.Alraden1.
778 4346 843 4386 ann,

304 4399 380 4451 1840.
394 4414 455 4464 pag.
465 4403 481 4450 4
492 4416 548 4466 seq.
559 4407 587 4452 et
598 4402 629 4451 G·
638 4401 684 4452 Fr.
690 4401 842 4451 Hermann:

302 4469 414 4534 Antiqq.
439 4471 560 4521 Laconn.
585 4487 649 4538 pag.
667 4469 728 4536 62);
758 4486 844 4536 qnare

890 1391 974 1442 etiam
985 1393 1014 1440 in
1027 1404 1069 1453 eo,
1082 1389 1153 1455 quod
1165 1386 1322 1439 Herodotus
1332 1402 1422 1451 proeo-
1504 1360 1505 1397 t

891 1477 942 1511 uem
954 1459 1063 1511 milibus
1073 1464 1179 1509 tantum
1188 1467 1243 1509 octo
1254 1456 1332 1507 milia
1340 1457 1423 1522 posuit

890 1532 1005 1591 civium,
1028 1529 1147 1595 vestigia
1168 1528 1297 1579 diminuti
1317 1527 1367 1576 iam
1382 1525 1423 1575 illa
1505 1560 1506 1565 ,

892 1607 984 1653 aetate
1000 1601 1105 1650 numeri
1119 1599 1221 1650 civium
1236 1598 1424 1662 Spartanorum

892 1686 1040 1737 agnoscere
1055 1669 1127 1720 baud
1139 1683 1249 1734 possum
1265 1683 1355 1733 neqne
1371 1666 1425 1716 inde

892 1742 1023 1792 assentiri
1030 1739 1161 1790 Muellero
1169 1737 1267 1803 (Dcrer
1279 1738 1318 1788 11.
1327 1753 1352 1802 p.
1362 1736 1424 1801 195),

893 1827 976 1875 „cnm
990 1809 1087 1875 (rerba
1101 1814 1166 1860 sunt
1178 1807 1209 1858 C.
1224 1808 1271 1859 Fr.
1285 1807 1425 1858 Hermanni

890 1882 910 1935 l.
924 1880 943 1931 1.
955 1896 1016 1947 pag.
1026 1878 1090 1944 200)
1105 1878 1225 1945 aliquam
1240 1892 1349 1943 semper
1358 1892 1427 1940 agro·

891 1967 951 2008 rum
964 1956 1069 2017 partem
1078 1948 1122 2001 vel
1131 1949 1166 1998 ad
1178 1947 1336 2013 impuberes
1346 1947 1386 1996 rel
1396 1944 1426 1995 ad

892 2021 973 2073 orbos
988 2020 1115 2072 devenire
1128 2033 1238 2069 necesse
1250 2023 1337 2081 essm,
1352 2017 1428 2065 Hero·

892 2092 973 2142 dotns
984 2096 1075 2142 autern
1086 2089 1119 2139 de
1128 2090 1164 2140 iis
1176 2093 1296 2149 tantum,
1305 2088 1352 2153 qni
1361 2101 1426 2135 arna

892 2166 1033 2228 gererent,
1046 2159 1153 2210 locutus
1166 2158 1235 2209 sit.“
1263 2158 1304 2207 Et
1316 2159 1375 2222 quis
1390 2173 1428 2206 ne·

892 2247 959 2298 gare
970 2232 1087 2296 poterit,
1102 2245 1149 2295 per
1162 2228 1299 2280 ducentos
1317 2227 1377 2277 illos
1390 2241 1428 2275 au·

895 2318 959 2364 nos,
980 2301 1027 2367 qui
1046 2300 1109 2350 inde
1128 2299 1163 2348 ab
1178 2298 1225 2348 illa
1240 2296 1429 2348 distributione

893 2387 979 2437 usque
998 2370 1034 2420 ad
1046 2369 1117 2421 bella
1129 2370 1241 2419 Persica
1255 2367 1430 2433 praeterlapsi

894 2447 966 2504 sunt,
981 2439 1083 2490 nullam
1093 2441 1122 2489 in
1132 2437 1246 2504 singolis
1255 2437 1373 2488 familiis
1383 2452 1431 2486 mu·

893 2513 1026 2562 tationem
1045 2511 1205 2561 exstitisse?
1232 2523 1350 2573 quarum
1369 2507 1430 2557 aliae

894 2583 1060 2640 exstinctas,
1073 2579 1143 2630 alias
1155 2583 1253 2629 auctas
1266 2577 1340 2629 adeo
1354 2577 1430 2628 luisse

893 2657 1107 2703 consentaneum
1117 2656 1173 2709 est;
1193 2665 1280 2714 neque
1291 2665 1360 2701 sane
1370 2663 1430 2713 opns

895 2724 947 2773 erit
954 2728 1078 2774 statuere
1086 2737 1146 2772 cum
1155 2719 1346 2770 Lachmanno:
1356 2719 1430 2783 Spar·

894 2798 952 2844 tan.
967 2790 1178 2843 Staatsveriass.
1194 2805 1221 2855 p.
1232 2789 1296 2848 293,
1314 2790 1430 2841 Persico

894 2877 952 2912 rum
965 2862 1097 2912 bellorum
1109 2860 1277 2925 temporibus
1295 2860 1351 2909 iam
1365 2859 1431 2909 mille

895 2933 993 2984 saltem
1008 2932 1102 2982 domos
1113 2931 1316 2996 Spartanorum
1328 2945 1431 2995 prorsus

894 3004 979 3054 iuisse
992 3005 1158 3064 exstinctas,
1173 3001 1197 3051 si
1207 3000 1317 3065 quidem
1328 2999 1430 3066 perduc

893 3073 942 3124 illa
961 3072 1073 3124 saecula
1085 3072 1280 3137 Spartanorum
1294 3071 1430 3122 civitatem

893 3141 961 3193 nibil
970 3142 1144 3200 decrementi,
1157 3140 1205 3192 sed
1218 3140 1336 3191 multum
1352 3142 1432 3191 incre·

893 3213 978 3264 menti
994 3214 1100 3279 cepisse
1117 3226 1205 3276 neque
1225 3211 1333 3261 viribus
1355 3219 1430 3276 atque

894 3283 983 3348 copiis
1003 3283 1159 3334 inferiorem
1184 3281 1327 3332 exstitisse
1347 3280 1431 3333 dicen·

894 3353 957 3404 dum
971 3354 1033 3403 erit.
1058 3353 1118 3403 Hoc
1127 3356 1219 3402 autem
1228 3350 1365 3402 Herodoti
1376 3351 1430 3402 loco

896 3423 1078 3489 respiciuntur
1092 3437 1158 3473 sane
1173 3438 1205 3473 ea
1219 3427 1360 3486 tempora,
1378 3422 1430 3486 qui-

895 3493 945 3544 bus
962 3494 1076 3543 maxime
1088 3493 1223 3543 florebant
1235 3491 1430 3555 Spartanorum

895 3580 953 3622 res;
973 3561 1108 3628 simulque
1122 3562 1204 3613 etiam
1219 3562 1288 3612 bene
1303 3562 1368 3611 hinc
1381 3560 1430 3611 elu-
1469 3603 1476 3614 .

894 3639 938 3683 cet
948 3633 1103 3693 discrimen,
1114 3632 1187 3698 quod
1197 3632 1260 3682 olim
1272 3632 1345 3684 inter
1354 3631 1430 3697 Spar·

895 3709 975 3754 tanoa
993 3707 1076 3768 atque
1093 3702 1327 3755 Lacedaemonios
1345 3702 1430 3760 fuerit,

894 3774 941 3839 qui
954 3788 1020 3824 sane
1033 3774 1115 3824 iidem
1130 3778 1194 3823 sunt
1209 3778 1293 3837 atque
1307 3772 1430 3837 perimi,

894 3848 985 3894 terrae
994 3844 1162 3906 Laconicae,
1179 3843 1202 3894 si
1210 3844 1245 3893 ab
1254 3844 1316 3906 ipsa
1326 3842 1429 3906 Sparta,

894 3928 975 3979 quam
986 3910 1159 3980 πεοιςότονν,
1173 3913 1350 3976 discesseris,
1362 3914 1431 3962 ineo·

893 3984 938 4034 lae
954 3983 1075 4049 ipsisque
1088 3983 1231 4050 Spartanis
1246 3983 1357 4033 Doricis
1371 3982 1429 4033 sub·

894 4054 955 4105 diti.
982 4054 1061 4105 Conl.
1082 4053 1152 4105 idem
1170 4053 1200 4104 C.
1220 4054 1266 4103 Fr.
1280 4052 1429 4103 Hermann:

895 4123 1001 4175 Griech.
1015 4122 1221 4175 Staatsalterth.
1232 4127 1257 4187 ξ.
1269 4122 1313 4175 28.
1327 4125 1368 4174 lu.
1392 4123 1429 4173 m

895 4195 1036 4245 Herodoto
1061 4195 1117 4245 rid.
1138 4194 1309 4259 potissimum
1328 4194 1381 4255 1x,
1401 4192 1427 4242 li

896 4263 999 4328 (ibique
1010 4263 1092 4328 nott.)
1103 4269 1130 4314 et
1143 4265 1192 4321 IX,
1203 4265 1238 4316 70
1250 4263 1294 4313 fin.
1305 4299 1312 4324 ,
1323 4262 1370 4314 ubi
1380 4263 1429 4311 Λα·

894 4330 1086 4397 κεδαιμονίιον
1105 4332 1162 4384 τεόν
1177 4327 1207 4383 ἐκ
1224 4327 1361 4396 Σπάρτης
1379 4348 1428 4382 me-

896 4406 984 4468 minit,
999 4405 1018 4454 i.
1028 4419 1051 4458 e.
1066 4407 1174 4467 ipsoram
1181 4404 1375 4468 Spartanorum.
1400 4402 1428 4451 ln

895 4490 971 4540 seqq.
983 4489 1044 4525 cum
1059 4474 1223 4539 Schweiglr.,
1245 4473 1348 4536 (iaici,
1364 4471 1428 4523 Bei-
