3100 5175
687 335 953 452 HERODO'fI

251 392 314 454 246

405 557 462 621 Καὶ
481 551 542 621 τότε
557 552 612 639 δὴ,
628 561 758 640 Μίλητε,
778 559 879 620 κακῶν
895 550 1056 637 ἐπιμήχανε
1071 554 1183 635 ἔργον,

403 666 535 725 πολλοῖσι
550 655 671 724 δεῖπνόν
688 684 718 723 τε
733 660 784 722 καί
799 651 895 741 tipice
912 661 993 740 δῶρα
1007 653 1134 741 γενήσῃ·

404 764 453 825 σαὶ
471 757 498 824 d'
515 757 615 844 ἄλοχοι
629 769 762 826 πολλοῖσι
776 755 870 837 κίδος
885 764 1008 839 νίψουσι
1026 753 1186 839 κομήταις·

404 868 480 946 νηοῦ
494 859 522 927 δ’
539 858 680 946 ἡμετέρου
697 859 843 944 Διδύμοις
855 857 969 925 ἄλλοισι
984 857 1113 940 μελήσει.

259 997 339 1069 Τότε
360 992 402 1085 δὴ
421 998 526 1065 ταῦτα
548 989 626 1071 τούς
646 998 836 1081 Μιλησίους
855 989 1102 1077 κατελάμβανε,
1132 984 1186 1058 ὅτε
1205 1015 1243 1076 γε
1268 984 1390 1077 ἄνδρες

255 1187 384 1250 spectans
404 1178 527 1230 affertur.
556 1178 624 1229 Cum
642 1195 707 1230 vero
720 1177 799 1244 Argi·
848 1177 938 1227 dinem
958 1180 986 1225 st
1003 1174 1153 1239 potentiam
1172 1174 1334 1231 Persarum,
1356 1174 1389 1224 sd

254 1267 349 1304 vorum
363 1265 406 1301 res
421 1248 494 1299 nullo
508 1254 591 1313 pacto
604 1265 665 1300 cum
679 1249 799 1299 Milesio·
849 1261 981 1297 summam
993 1244 1132 1306 copiarum
1146 1244 1211 1305 rim,
1227 1244 1326 1308 quibus
1339 1243 1391 1307 ipsi

256 1338 314 1375 rum
324 1321 403 1371 rebus
414 1319 580 1369 cohaereant
591 1319 799 1383 necquidquam
848 1316 1014 1382 reliquorum
1020 1314 1184 1365 Graecorum
1194 1312 1296 1364 auxilio
1310 1312 1392 1363 desti·

256 1405 396 1445 commune
408 1387 529 1438 habeant
541 1389 595 1439 nisi
605 1387 704 1439 bellurn
718 1390 800 1438 utris·
850 1388 905 1439 tuti
919 1386 1049 1435 resistere
1062 1399 1117 1435 non
1129 1384 1278 1449 potuerint.
1302 1384 1391 1447 Atque

257 1476 311 1528 qne
326 1460 429 1525 pariter
443 1455 516 1507 mala
528 1457 654 1519 afferens,
667 1457 730 1509 inde
745 1457 800 1508 col·
849 1462 881 1510 nt
893 1461 1000 1506 taceam
1013 1454 1047 1504 de
1063 1453 1217 1512 discordia,
1236 1468 1306 1517 quae
1320 1453 1392 1503 inter

256 1531 308 1596 ligi
320 1528 380 1579 vult
392 1524 508 1579 Schoell.
525 1527 636 1591 (Philol.
650 1528 685 1580 X.
702 1543 729 1592 p.
742 1526 799 1592 ot),
850 1530 969 1581 Graecos
985 1530 1080 1575 exorta
1095 1528 1152 1588 est,
1174 1538 1234 1573 cum
1246 1523 1391 1572 Persarum

257 1599 428 1651 Herodotum
449 1596 500 1646 hoc
519 1596 674 1659 oraculum,
699 1598 729 1647 in
747 1612 800 1662 quo
851 1597 948 1661 copiae
964 1595 1129 1646 coniunctae
1144 1592 1227 1643 unius
1245 1593 1322 1642 ducis
1344 1594 1392 1642 im-

259 1670 373 1720 duarum
384 1666 505 1732 gentium
515 1670 570 1716 tam
581 1666 748 1718 diversarum
757 1682 801 1717 res
851 1667 954 1734 perium
967 1670 1151 1729 sequerentur,
1164 1663 1239 1726 ipsos
1248 1662 1392 1712 Persarum

258 1742 288 1789 in
300 1751 382 1788 uuum
392 1736 555 1786 coniunctae
566 1736 682 1795 luerint,
695 1736 803 1788 desum·
853 1735 954 1788 milites
968 1739 1093 1785 strenuos
1106 1747 1139 1782 ac
1154 1732 1239 1781 iortes
1253 1731 1348 1795 inisse,
1364 1732 1392 1781 in

259 1808 349 1875 psisse
361 1821 375 1856 e
386 1803 547 1856 collectione
557 1806 674 1871 quadam
686 1806 802 1872 Pythiae
853 1805 930 1857 bellis
942 1804 1066 1869 gerendis
1078 1802 1252 1857 exercitatos,
1268 1803 1328 1865 quis
1342 1805 1393 1863 est,

261 1875 374 1929 oracula
389 1874 595 1939 complectente,
610 1876 718 1940 qualem
730 1875 803 1926 scili·
852 1877 899 1942 qni
912 1875 1012 1938 neget?
1033 1873 1112 1923 Iones
1123 1874 1219 1921 contra
1234 1872 1268 1921 ob
1281 1871 1393 1923 divitias

260 1950 304 1998 cet
314 1944 539 1997 comminiscitur.
560 1945 612 1995 Sed
623 1945 802 2006 haecetalia‚
853 1948 882 1996 iu
901 1943 1035 1995 luxuriam
1055 1942 1192 2007 prolapsi,
1216 1940 1332 1992 mollitie
1348 1941 1394 1992 de·

259 2029 332 2082 quae
351 2015 384 2065 de
405 2014 510 2064 oraculi
538 2020 637 2065 natura
660 2021 687 2066 et
712 2014 803 2065 indole
854 2014 963 2082 pracati
981 2017 1010 2062 st
1027 2010 1298 2077 agravissimobelli
1313 2026 1393 2075 opere

260 2085 375 2151 profert,
389 2082 459 2133 talia
471 2089 543 2148 sunt,
557 2100 627 2149 quae
640 2086 713 2134 omui
723 2100 805 2149 argu·
854 2082 1008 2135 abalienati
1020 2081 1106 2132 fnisse
1121 2079 1257 2139 videntur,
1269 2081 1294 2131 si
1306 2081 1394 2146 respi-

260 2158 352 2206 mento
372 2152 506 2205 destituta
523 2169 584 2204 cum
604 2154 672 2215 sint,
694 2154 804 2219 probari
854 2155 957 2205 ciamus
971 2167 1013 2212 ea,
1025 2166 1096 2216 quae
1106 2165 1166 2214 cap.
1179 2150 1210 2200 12
1224 2156 1394 2200 enarrantur.

261 2226 409 2288 nequeant.
855 2226 931 2286 Quae
943 2223 1034 2272 omnia
1051 2219 1157 2271 oraculi
1170 2219 1313 2269 eonsilium
1326 2220 1396 2270 satis

296 2285 353 2342 Καί
365 2283 429 2341 τότε
442 2282 489 2353 δὴ,
500 2288 611 2353 Μᾶητε
624 2304 649 2339 κ.
660 2308 684 2346 τ,
696 2290 732 2357 1,]
751 2293 805 2342 Vo-
854 2294 971 2358 probant
981 2289 1114 2355 simulque
1125 2290 1231 2341 tristem
1238 2289 1327 2341 Mileti
1338 2304 1396 2341 sor-

262 2361 325 2413 cula
342 2355 390 2408 utri
409 2359 524 2423 respicit
541 2373 608 2408 saue
632 2362 667 2411 ad
690 2360 804 2411 alteram
854 2367 909 2414 tem
923 2362 992 2411 satia
1006 2359 1153 2425 explicant.

263 2428 368 2481 oraculi
379 2432 485 2492 partem
504 2442 706 2492 praegressum,
724 2445 805 2495 quam
890 2423 982 2486 πόδας
998 2427 1116 2489 νίψουσι
1130 2421 1278 2492 κομήταις]
1306 2427 1396 2494 Signi-

262 2497 372 2563 argivis
384 2496 479 2546 datam
489 2497 590 2546 Noster
602 2496 674 2548 inira
689 2514 806 2548 comme·

263 2572 354 2620 morat
365 2567 420 2625 vt,
435 2568 478 2619 77.
503 2567 536 2617 In
550 2565 617 2631 ipsis
629 2568 732 2619 oraculi
744 2583 805 2618 ver-

264 2640 339 2691 sibus
356 2628 531 2701 ίταμήχανος
544 2636 625 2701 (quae
637 2654 707 2701 vox,
721 2653 807 2702 quan-

264 2714 320 2759 tum
332 2707 413 2769 novi,
433 2706 560 2770 nuspiam
573 2708 644 2769 apud
658 2707 728 2758 alios
742 2710 806 2757 scri·

263 2783 355 2844 ptores
381 2775 532 2840 reperitur)
560 2776 663 2827 dicitur
684 2777 807 2841 Miletus,

264 2863 329 2914 quae
341 2848 408 2895 mala
418 2860 497 2908 opera
506 2847 613 2905 molitur,
624 2848 735 2898 aPersis
746 2846 806 2898 scil.

264 2916 390 2969 deficiens
404 2916 492 2980 iisque
504 2915 651 2967 obsistens.
671 2918 750 2979 Quod
763 2932 809 2966 ve-

265 3004 293 3038 re
316 3001 349 3036 ao
369 2985 517 3050 prudenter
532 2985 658 3048 Pythiam
678 2986 807 3049 edixisse,

264 3054 388 3107 Milesios
406 3069 423 3104 a
442 3054 593 3105 deiectione
611 3063 642 3105 ut
660 3060 806 3117 averteret,

265 3124 348 3175 facile
360 3122 535 3189 intelligitur:
554 3140 637 3186 quare
649 3125 699 3175 hoc
712 3142 808 3176 oracu-

263 3195 320 3246 lum
340 3193 413 3244 haud
432 3194 489 3245 scio
504 3209 540 3242 an
556 3194 591 3244 iis
608 3196 807 3245 accensendum

265 3264 311 3325 sit,
325 3279 396 3328 quae
414 3277 545 3313 summam
561 3263 733 3315 sacerdotum
746 3281 809 3328 pru-

266 3333 387 3383 dentiam
398 3331 548 3395 declarant,
562 3332 590 3381 in
596 3334 677 3383 rebus
689 3333 807 3398 publicis

266 3402 430 3453 Graecorum
461 3400 634 3464 conspicuam
662 3418 808 3467 eorumque

266 3470 351 3523 saluti
371 3469 587 3535 prospicientem}
606 3472 699 3536 probis
718 3475 808 3523 consi-

265 3541 327 3603 liis,
350 3554 420 3605 quae
442 3539 647 3591 sciscitantibus
668 3542 808 3593 darentur.

267 3612 354 3673 Quam
372 3608 542 3674 prudentiam
562 3625 595 3659 ex
612 3617 744 3662 accurata
765 3628 807 3662 re-

266 3694 324 3730 rum
339 3696 372 3730 ac
385 3678 470 3728 totins
483 3683 574 3729 status
585 3680 750 3732 Graecorum
763 3698 808 3732 co·

266 3749 389 3815 gnitione
405 3749 516 3798 fluxisse
534 3756 745 3802 consentaneum
767 3756 810 3802 est

267 3834 353 3885 eoque
366 3818 479 3879 iactum,
491 3823 522 3867 ut
532 3835 575 3870 res
584 3825 731 3871 eventuras
744 3838 809 3887 quo·

266 3888 410 3940 dammodo
436 3890 596 3954 praevidere
625 3896 707 3955 atque
736 3892 808 3942 bono

267 3957 382 4010 consilio
404 3974 453 4022 per
483 3959 622 4010 oraculum
648 3960 713 4010 dato
736 3961 810 4012 mala

267 4029 437 4079 imminentia
453 4034 575 4081 evertere
586 4031 739 4095 potuerint,
754 4048 809 4082 mo·

268 4099 302 4149 do
314 4100 434 4164 ipsorum
444 4099 558 4150 consilio
566 4101 741 4152 sciscitantes
748 4101 810 4152 obs-

268 4168 371 4219 dirent:
386 4168 412 4217 id
423 4169 581 4232 quodlones
593 4171 809 4236 neglexisssma·

268 4237 397 4289 niiestum
409 4243 460 4289 est.
485 4239 566 4290 Iones
579 4241 720 4292 enimcum
737 4242 810 4292 deie-

268 4307 371 4357 cissent
385 4311 468 4372 atqus
483 4309 607 4374 inprimis
621 4311 735 4373 Milesii,
748 4327 811 4363 eum

269 4374 418 4426 soliPsrsis
430 4377 558 4430 resistere
566 4379 675 4445 vellent,
684 4380 757 4432 haud
768 4397 811 4432 sa·

269 4443 306 4494 tis
322 4447 474 4511 respexisse
485 4446 612 4500 videntur
627 4449 662 4500 ad
678 4451 811 4517 magnitu-

855 2501 919 2551 ticat
943 2499 1094 2561 oraculum,
1113 2497 1235 2550 Milesios
1256 2499 1346 2549 victos
1367 2499 1397 2546 in

855 2571 1014 2621 servitutem
1026 2568 1174 2619 abductum
1187 2568 1229 2631 iri,
1245 2568 1328 2617 itaut
1341 2584 1397 2618 mu-

856 2640 936 2690 lieres
954 2654 1094 2689 servarum
1110 2636 1325 2703 ancillarumque
1341 2654 1400 2689 mu·

856 2711 902 2760 nia
926 2708 1050 2773 vulgaria
1072 2700 1218 2772 praestent
1244 2707 1398 2760 victoribus

856 2780 963 2839 Persis,
985 2778 1082 2843 quibus
1101 2776 1239 2827 lavacrum
1260 2782 1324 2827 ante
1338 2793 1398 2828 coe-

856 2865 920 2899 nam
930 2864 979 2913 pro
989 2864 1063 2898 more
1073 2847 1242 2897 sumentibus
1256 2845 1339 2909 pedes
1351 2846 1399 2897 ab·

857 2919 944 2969 luant.
977 2917 1010 2967 Id
1029 2916 1102 2981 quod
1118 2915 1161 2968 vel
1183 2931 1215 2966 ex
1234 2916 1346 2966 Homeri
1363 2916 1399 2968 0-

858 2988 932 3053 dyss.
950 2988 1004 3049 IV,
1022 2988 1056 3037 48
1076 3001 1152 3050 seqq.
1169 2990 1272 3035 notum.
1293 3012 1326 3023 -
1344 2986 1398 3036 Pro

857 3049 995 3121 κομήταις
1005 3056 1078 3120 apud
1090 3056 1184 3106 Tzetz.
1199 3054 1268 3105 chtt.
1277 3056 1356 3107 vl11.
1371 3072 1397 3119 p.

857 3126 910 3179 390
930 3125 1001 3177 mals
1023 3116 1187 3189 κοσμήιαις.
1233 3127 1304 3176 Nam
1328 3125 1401 3175 indi·

858 3200 956 3248 cantnr
969 3195 1107 3254 homines,
1125 3196 1172 3260 qui
1192 3210 1297 3245 comam
1312 3209 1334 3246 s.
1351 3210 1399 3244 ca-

858 3266 938 3332 pillos
965 3264 1057 3323 alunt3
1082 3264 1137 3313 vid.
1162 3264 1242 3315 modo
1266 3264 1400 3315 Thesaur.

858 3337 937 3400 Ling.
954 3334 1051 3386 Graec.
1064 3335 1111 3385 IV.
1124 3350 1187 3400 pag.
1205 3334 1271 3385 1776
1283 3350 1340 3400 seq.
1356 3333 1398 3384 ed.

858 3404 986 3458 Dindorl.
1029 3404 1095 3455 lude
1119 3401 1241 3467 κομῆται
1266 3408 1401 3454 vocantur

858 3477 958 3526 Persae
971 3489 993 3525 s.
1007 3476 1103 3537 criniti,
1117 3480 1148 3524 ut
1161 3474 1208 3538 qni
1224 3473 1401 3524 barbarorum

859 3559 934 3596 more
950 3544 1040 3596 crines
1063 3543 1141 3593 alant
1164 3543 1329 3607 barbamque
1352 3542 1401 3591 ha-

858 3616 941 3666 beant
969 3613 1118 3678 melinum,
1147 3613 1240 3679 quales
1266 3612 1401 3677 hodieque

859 3688 1018 3749 comparent
1036 3683 1064 3732 in
1077 3683 1257 3733 monumentis
1269 3683 1402 3746 Persepo-

860 3755 964 3805 litanis.
1000 3754 1114 3803 Praeter
1132 3753 1255 3805 Brissou.
1277 3752 1320 3801 De
1342 3767 1399 3816 reg.

859 3826 935 3875 Pers.
948 3822 1108 3887 principii,
1122 3822 1168 3872 101
1180 3822 1344 3883 ΨεεειιῙίημ.
1357 3836 1402 3871 ex·

860 3895 929 3945 citat
958 3892 1051 3942 eadem
1081 3896 1239 3955 tangentem
1268 3891 1399 3943 Bochart.

860 3963 1014 4014 llierozoic.
1027 3963 1051 4013 I.
1067 3959 1114 4011 lib.
1127 3960 1185 4022 ΙΙΙ,
1203 3961 1230 4012 ll.
1247 3976 1275 4025 p.
1287 3959 1348 4010 eto.
1367 3986 1402 3995 —

860 4024 1000 4095 Διδύμοις
1020 4030 1101 4096 plane
1115 4030 1187 4080 idem
1203 4036 1287 4095 atque
1304 4018 1317 4077 ί
1323 4043 1339 4075 ν
1351 4030 1402 4078 Δι-

860 4096 978 4165 δύμοις,
992 4106 1022 4151 ut
1035 4117 1096 4151 mox
1108 4101 1166 4166 ipse
1180 4101 1281 4150 Noster
1292 4088 1357 4160 ίρόν
1370 4090 1402 4146 dl

861 4164 893 4221 τό
913 4161 944 4220 ἒν
958 4162 1105 4235 Διδύμοις.
1137 4170 1199 4222 Vid.
1223 4174 1293 4219 nott.
1316 4167 1352 4217 ad
1368 4170 1402 4227 V,

861 4241 895 4293 59
913 4244 943 4291 et
961 4241 994 4291 de
1009 4241 1069 4302 ipso
1088 4240 1188 4305 templo
1204 4238 1338 4304 Apollinis
1355 4238 1404 4286 Di-

862 4310 971 4378 dymaei
983 4310 1040 4362 vid.
1058 4313 1127 4359 nott.
1141 4308 1177 4359 ad
1190 4308 1214 4370 1,
1225 4308 1269 4358 46.

895 4370 1099 4444 κατελάμβανε]
1114 4379 1132 4432 ἱ,
1147 4395 1171 4430 e.
1183 4378 1243 4427 Tam
1255 4379 1332 4442 lpitur
1340 4375 1404 4425 haec

862 4450 972 4502 Milesiis
981 4450 1134 4500 acciderunt.
1158 4449 1199 4499 De
1210 4447 1262 4499 hoc
1271 4445 1354 4497 verbo
1365 4445 1402 4496 cf.
