3100 5175
281 412 546 475 EXOURSUS
568 413 617 473 ΙΙΙ
639 413 704 474 AD
729 408 982 473 HERODOT.
1004 412 1060 485 Vl,
1088 421 1131 474 ΙΙ.
1208 406 1270 470 809

505 855 825 933 EXOURSUS
853 857 913 931 III

400 1026 476 1091 aa
509 1026 822 1091 aaaouor.
855 1027 922 1110 vr,
954 1030 1010 1090 ιτ.

609 1202 803 1211 m

191 1323 356 1379 iteratione
375 1324 466 1379 tributi
483 1322 579 1380 Ionam
594 1326 743 1382 civitatibus
761 1328 796 1381 ab
812 1326 989 1398 Artapherua
1002 1324 1119 1397 impositi
1133 1339 1168 1378 ac
1184 1323 1218 1378 de

495 1426 652 1483 prsequar
665 1411 759 1484 fertur
777 1412 907 1469 Cistonia.

225 1579 420 1648 Artaphernem,
432 1572 557 1632 Sardium
569 1583 726 1650 praefectus
738 1602 761 1634 s.
775 1591 895 1651 satrapa,
909 1590 1018 1651 praeter
1030 1580 1091 1645 alia,
1107 1596 1178 1649 quae
1193 1580 1273 1630 iones

138 1666 231 1716 faeere
254 1664 337 1731 cogit,
355 1682 449 1716 eorum
468 1673 559 1717 terras
576 1684 686 1735 quoque
706 1668 856 1719 secundum
878 1683 1047 1736 parasangas
1064 1670 1146 1734 {quae
1162 1663 1275 1716 Persica

140 1756 184 1801 est
199 1765 329 1801 mensura
342 1750 456 1817 triginta
468 1749 655 1818 stadiorum*)
671 1769 797 1804 eruensus
814 1771 875 1804 esse
888 1752 1005 1817 dicitur;
1020 1744 1092 1803 κατὰ
1108 1744 1144 1818 δὴ
1159 1743 1275 1809 τούτους

139 1834 214 1902 (scil.
230 1828 434 1903 παρασάγγας),
451 1835 544 1903 pergit
559 1835 717 1888 Herodotus
733 1837 751 1889 Ι.
767 1836 994 1905 supralaudato,
1014 1829 1149 1904 μετρήσας
1169 1828 1275 1903 φόρους

137 1916 216 1985 ἔταξε
232 1913 385 1989 ἑκάστοισι,
400 1917 427 1972 οἳ
444 1913 515 1973 κατά
528 1914 620 1989 χώρην
634 1920 802 1975 διατελέουσι
823 1919 930 1992 ἔχοντες
944 1915 974 1975 ἐκ
991 1916 1092 1974 τούτου
1107 1922 1157 1974 τοῦ
1172 1913 1274 1989 χρόνου

75 2050 79 2057 .
139 2002 196 2058 αἰεὶ
212 2000 251 2057 ἔτι
266 2003 314 2057 καὶ
328 1999 356 2065 ἐς
372 2000 431 2075 iot,
454 1998 490 2066 ὡς
508 1998 665 2075 ἐτάχθησαν
679 2001 707 2072 ἐξ
725 2001 930 2077 Ἀρταφέρνεος·
955 2000 1113 2075 ἐτάχθησαν
1128 2002 1157 2058 di
1178 1999 1277 2073 σχεδὸν

138 2085 213 2144 κατὰ
230 2083 264 2144 τά
278 2088 327 2142 καὶ
341 2086 475 2159 πρότερον
487 2087 571 2159 εἶχον,
588 2092 606 2143 i.
618 2109 641 2143 e.
655 2098 798 2147 secuudum
814 2098 862 2147 iras
872 2095 956 2163 igitur
967 2092 1166 2162 (parasangas)
1182 2093 1277 2144 Iouam

139 2186 229 2230 terras
252 2178 384 2230 dimensus
406 2177 539 2230 coustituit
555 2179 653 2230 tributa
674 2181 788 2250 singuiis
808 2177 984 2249 (solvenda),
1010 2196 1079 2245 qaue
1098 2195 1145 2230 ιιιο
1165 2173 1277 2244 Ιοσσ**)
1340 2204 1343 2210 ·

139 2272 252 2316 maneat
272 2264 304 2314 ab
323 2264 368 2315 itta
383 2264 446 2316 iude
466 2270 583 2332 tempore
597 2282 698 2333 semper
717 2270 810 2319 eadem
824 2282 906 2332 usquc
921 2266 956 2316 ad
969 2282 1055 2316 meum
1070 2265 1139 2317 adeo
1154 2272 1278 2326 aetutem,

138 2350 232 2419 prouti
249 2349 281 2399 ab
300 2350 467 2418 Artapherae
491 2349 635 2402 constituta
656 2357 734 2413 raat3
760 2352 904 2403 constituta
932 2358 1019 2402 autera
1047 2358 1124 2402 erum
1138 2354 1227 2418 sernas
1243 2351 1278 2401 ad

138 2437 252 2487 eoadem
272 2435 401 2486 rationem
418 2443 497 2501 atque
510 2433 584 2502 prius
598 2436 676 2487 etium
690 2453 745 2489 sere
758 2438 899 2490 iubebant.

226 2517 384 2585 Tributum‚
397 2517 471 2589 quod
482 2518 508 2569 h.
518 2517 536 2569 l.
548 2518 704 2590 impositum
713 2519 756 2572 vel
769 2520 863 2591 potius
875 2520 1051 2573 distributum
1064 2520 1097 2571 ab
1105 2519 1278 2588 Artapherne
1346 2588 1350 2596 .

138 2606 252 2671 dicitur,
267 2604 322 2656 tale
336 2605 426 2657 irrisae
438 2603 589 2658 arbitratur
601 2605 841 2674 Heerenius***),
858 2606 938 2677 quale
953 2606 990 2673 id,
1007 2606 1079 2676 quod
1094 2621 1167 2657 nunc
1178 2610 1280 2657 vocant

140 2693 323 2760 bundamor,
341 2690 415 2758 quod
431 2688 537 2741 scilicet
553 2707 607 2742 uon
621 2692 753 2760 pecuniae
767 2693 871 2744 summi
886 2691 961 2745 certi
977 2691 1165 2756 contineatur,
1181 2690 1231 2741 sed
1246 2706 1278 2741 ex

139 2786 233 2832 terrae
257 2783 392 2844 proventu
418 2781 502 2843 atque
525 2774 681 2828 huiusmodi
711 2777 848 2828 reditibus
875 2776 1013 2828 solvatur:
1038 2775 1119 2845 quale
1146 2775 1278 2826 tributum

141 2864 241 2931 utique
253 2857 370 2926 intelligi
385 2868 512 2928 putamus
528 2859 582 2913 alio
597 2860 732 2912 Herodoti
747 2861 862 2928 ioco†),
884 2862 912 2913 in
928 2877 983 2930 quo
1005 2861 1039 2912 de
1054 2858 1168 2912 Thasiis
1189 2877 1279 2912 sermo

141 2949 173 3001 fit
184 2941 262 3001 ἐοῦσι
273 2945 389 3012 καρπῶν
400 2937 513 3010 uisitare,
529 2944 547 2995 i.
559 2964 583 2998 e.
596 2944 760 2998 immunibus
772 2946 938 2999 tributorum
951 2963 1053 3012 eorum,
1069 2962 1139 3015 quae
1151 2961 1280 3012 agrorum

141 3040 280 3103 proventu
308 3048 332 3085 s.
359 3029 489 3097 frugibus
516 3029 673 3083 solvuntur.
717 3032 824 3084 Nostro
848 3039 936 3084 tamen
961 3029 1021 3083 loco
1044 3031 1079 3083 de
1102 3028 1151 3081 tali
1173 3030 1279 3082 tributo

142 3116 261 3186 eogitari
276 3115 348 3168 harad
364 3114 481 3184 poterit:
498 3131 589 3184 neque
604 3116 712 3168 omnino
729 3117 773 3168 bic
796 3117 889 3185 agitur
903 3117 937 3169 de
956 3134 1027 3170 noro
1042 3113 1159 3186 quodam
1174 3114 1280 3167 tributo

141 3205 176 3256 ab
198 3202 370 3271 Artapherne
393 3199 536 3269 imposito,
559 3201 609 3254 sed
631 3201 725 3270 potius
752 3202 786 3255 de
807 3221 839 3255 eo
862 3203 982 3270 tributo,
1012 3200 1086 3272 quod
1107 3199 1210 3252 Darius
1232 3217 1280 3252 rex

142 3287 260 3342 Ionibus
281 3287 451 3355 imposuerat
464 3285 535 3355 (vid.
554 3286 688 3340 Herodot.
707 3287 759 3355 111,
774 3291 810 3343 90
824 3289 927 3357 seqq),
943 3288 1016 3340 inter
1036 3284 1162 3352 singulos
1177 3285 1281 3338 iustius

143 3371 350 3442 dispertiendo:
372 3370 471 3424 etenim
487 3370 520 3423 ad
538 3373 567 3424 id
590 3372 680 3441 ipsum
701 3390 804 3427 ornnem
821 3373 1003 3443 Artaphernis
1015 3387 1125 3442 operam
1139 3381 1282 3440 spectasse

144 3458 292 3526 eredimus,
311 3455 359 3527 qui
376 3456 466 3526 ipsum
483 3457 625 3525 tributum,
642 3460 723 3527 quale
738 3459 851 3512 aDario
868 3459 1026 3512 institutum
1044 3462 1118 3522 erat,
1140 3456 1282 3525 haudqua-

145 3561 226 3615 quam
250 3541 380 3607 mutavit‚
405 3541 449 3593 vel
470 3543 597 3616 augendo
615 3542 659 3595 rei
679 3544 856 3597 diminuendo
879 3544 921 3612 (id
943 3543 1016 3613 quod
1033 3541 1169 3595 Herodoti
1190 3543 1283 3594 verbis

146 3646 233 3699 supra
247 3626 337 3680 allatis
354 3626 489 3679 declarari
503 3635 610 3696 putem:
631 3622 789 3700 ἐτάχθησαν
805 3626 835 3684 δὲ
854 3626 895 3700 [οἱ
907 3623 1003 3698 φόροι]
1025 3620 1146 3681 κατὰτὰ
1165 3620 1237 3680 αὐτὰ
1248 3620 1283 3680 τά

147 3707 345 3783 καὶπρότερον
361 3709 463 3780 aizoo:
479 3713 666 3784 radpodum,
688 3732 743 3785 quo
766 3716 899 3768 tributum
920 3713 988 3767 iilud
1008 3712 1213 3783 perciperetur,
1239 3730 1283 3764 ae-

146 3800 270 3852 curatius
286 3797 436 3850 secundum
453 3797 492 3865 id,
510 3799 584 3869 quud
595 3817 752 3870 aequumae
765 3801 869 3854 iustum
885 3807 936 3868 est,
952 3798 1098 3851 constituit
1110 3797 1149 3849 ita
1164 3797 1283 3867 quidem,

147 3892 185 3952 ut,
204 3885 277 3953 quod
292 3884 320 3936 in
337 3883 497 3936 uuiversum
511 3892 586 3937 esset
602 3886 806 3954 praestandum,
821 3886 849 3939 id
861 3887 934 3939 inter
949 3883 1122 3952 singulorum
1136 3882 1285 3935 fundorum

146 3986 325 4039 possessores
341 3969 555 4038 profundorum
571 3969 693 4039 ipsorum
707 3973 809 4025 ambitu
825 3971 1042 4024 distribueretur
1057 3976 1140 4040 atque
1156 3967 1193 4034 id,
1210 3968 1285 4038 quod

147 4055 247 4124 cuique
264 4054 329 4107 iude
353 4058 429 4107 esset
444 4054 615 4125 solvendum,
631 4066 735 4112 eertum
746 4058 886 4127 fixumque
896 4061 1020 4110 maneret
1031 4054 1059 4107 in
1077 4072 1155 4107 omne
1166 4061 1284 4123 tempus,

149 4204 342 4213 ——-—

217 4287 244 4353 *t
257 4289 312 4340 vid.
325 4296 396 4342 nott.
414 4290 645 4355 adHerodot.11‚
662 4293 688 4344 6.

149 4375 170 4404 t
216 4360 261 4424 ”i
280 4354 351 4410 autri
366 4353 475 4427 χάοην;
489 4362 546 4412 vid.
559 4363 661 4415 Herod.
677 4363 730 4427 ΙΙΙ,
745 4363 805 4415 135.
821 4362 868 4425 IV,
883 4362 933 4413 135
945 4361 1039 4426 ibique
1047 4364 1118 4410 nott.

216 4430 278 4492 ***)
292 4433 374 4482 Idesn
389 4433 412 4495 Ι,
426 4433 449 4483 1.
464 4448 526 4498 pag.
541 4433 602 4484 496.

218 4501 247 4567 †)
259 4503 308 4566 VI,
323 4502 357 4553 46
369 4501 414 4556 fin.
425 4541 432 4566 ‚
444 4503 492 4553 ubi
505 4502 562 4552 rid.
574 4507 643 4554 nott.
658 4516 722 4567 pag.
733 4498 793 4552 283.
