3100 5175
274 396 336 459 698
708 403 976 464 HERODO‘I'I

273 575 369 646 ἐόντα
390 578 545 663 βασιλέα,
568 574 651 646 κατὰ
671 581 799 666 ξεινίην
818 605 854 647 ιε
874 576 935 667 την
955 579 1083 647 ἑωυτοῦ
1103 572 1121 647 ὁ
1141 575 1302 665 Τήριλλος
1323 573 1408 647 ἄνα·

272 678 423 768 μυρίους,
442 680 497 748 καὶ
510 677 653 767 μάλιστα
666 680 722 750 διὰ
737 680 799 770 τὴν
817 680 995 764 Ἀναξίλεω
1008 686 1069 750 τοῦ
1082 687 1257 769 Κρητίνεω
1271 692 1406 770 προθυ-

272 790 369 874 μίην,
391 779 444 867 ὃς,
467 779 597 872 Ῥηγίου
612 782 678 853 έων
691 783 873 872 τύραννος,
895 782 936 854 τὰ
957 788 1085 855 ἑωυτοῦ
1105 790 1206 854 τέκνα
1229 783 1309 864 δοὺς
1322 782 1406 876 ὁμη-

272 914 352 975 ρους
370 882 508 978 Ἀμίλιιμ
523 888 627 975 έπῆγέ
644 916 703 976 μιν
721 890 776 958 iul
790 885 850 977 την
864 894 1042 974 Σικελίην,
1065 891 1238 976 τιμωρέων
1258 892 1306 981 τῷ
1322 914 1404 957 πεν-

270 994 382 1082 θερῷ·
418 996 585 1077 Τηρίλλου
611 989 675 1078 γὰρ
704 990 771 1078 εἶχε
792 994 964 1078 θυγατέρα
979 989 1192 1076 Ἀναξίλεως,
1215 996 1256 1080 τῇ
1276 988 1406 1079 οὕνομα

211 1147 214 1152 -
270 1085 313 1183 ἦν
326 1096 498 1181 Κυδίππη.
526 1089 614 1162 οὕτω
631 1092 672 1183 δὴ
686 1090 748 1164 οὐκ
762 1089 884 1165 οἷόντε
899 1094 1082 1184 γενόμενον
1095 1097 1256 1183 βοηθέειν
1268 1092 1327 1164 τὸν
1341 1102 1374 1163 Γ
1371 1097 1403 1164 ε’-

271 1205 363 1265 λωνα
390 1211 475 1266 τοῖσι
502 1193 655 1285 Ἕλλησι,
691 1195 903 1286 ἀποπέμπειν
931 1202 964 1278 ές
991 1196 1151 1286 Δελφοὺς’
1175 1196 1215 1266 τὰ
1242 1198 1402 1287 χρήματα.

206 1309 263 1371 166
272 1297 362 1387 Πρὸς
377 1298 414 1368 ii
434 1301 583 1369 καλιάδι
604 1304 756 1388 λέγουσι,
780 1297 825 1381 ὥς
845 1304 971 1390 συνέβη
985 1307 1042 1391 τῆς
1057 1298 1159 1390 αὐτῆς
1173 1297 1296 1390 ἡμέρης
1317 1309 1355 1372 έν
1367 1329 1402 1370 ιε

270 1408 310 1493 τῇ
324 1411 465 1494 Σικελίη
480 1406 617 1474 Γέλωνα
632 1406 686 1474 καί
704 1404 847 1494 Θήρωνα
862 1411 960 1474 νικᾶν
976 1402 1136 1494 Ἀμίλκαν
1148 1403 1208 1473 τὸν
1222 1404 1398 1493 Καρχηδό-

268 1613 343 1664 eirea
363 1627 428 1665 ann.
441 1612 707 1678 470axpeditionem
725 1613 811 1676 illam,
863 1606 893 1662 oi
880 1601 936 1662 έν
947 1610 1064 1674 Σιιιελίη
1081 1605 1227 1674 οἰκημένοι
1239 1610 1401 1672 Graeci,ad

268 1697 346 1733 curus
358 1682 412 1733 dux
421 1682 521 1732 Hanno
533 1683 626 1744 fuerit
636 1684 740 1734 iactam
751 1700 811 1735 esse
862 1697 930 1747 quos
956 1697 1017 1747 cap
1046 1680 1096 1734 165
1123 1681 1204 1730 initio
1238 1684 1401 1746 provocavit

268 1752 654 1818 probabiliterstatuerelicet.
667 1753 811 1804 Hamilcar
860 1754 970 1805 Noster.

266 1821 505 1884 vero,Hannou1s
518 1822 592 1872 ullius
605 1823 691 1885 filius
709 1824 810 1889 quode
895 1837 933 1878 ως
946 1812 1048 1884 συνέβη
1064 1833 1089 1866 κ.
1106 1834 1129 1867 ι.
1145 1815 1182 1882 λ.]
1208 1818 1334 1881 Pugnam
1356 1835 1398 1870 aa·

267 1891 441 1956 Syracusana
452 1890 563 1942 muliere
573 1891 663 1942 editus
675 1892 809 1959 erat(vid.
859 1893 982 1941 curatius
995 1887 1140 1952 descripsit
1150 1887 1289 1937 Diodorus
1302 1889 1351 1947 XI,
1367 1890 1396 1938 2¹

266 1976 327 2023 cap.
349 1959 425 2025 166),
445 1960 515 2011 satis
532 1962 629 2025 opinor
646 1962 674 2012 id
693 1963 808 2026 iudicat,
858 1975 945 2026 seqq„
965 1958 1130 2010 dissentiens
1142 1972 1202 2020 cap
1216 1959 1250 2007 24
1264 1957 1300 2006 ab
1313 1958 1398 2009 Hero-

268 2042 320 2093 qno
339 2042 425 2092 usque
443 2032 632 2081 commercium
655 2033 728 2082 iuter
743 2032 810 2083 Car·
859 2031 953 2080 doto
946 2045 973 2079 ιιι
990 2044 1037 2088 eo,
1060 2027 1132 2092 quod
1149 2041 1204 2076 non
1220 2025 1359 2079 Salamine
1380 2044 1397 2078 a

266 2096 451 2161 tbaginieuses
474 2103 502 2146 et
518 2099 673 2151 Graecos
665 2117 694 2151 ιιι
712 2102 809 2152 Sicilia
858 2100 970 2151 Graecis
991 2066 1084 2148 eodem
1103 2097 1147 2146 die
1165 2100 1313 2161 pugnatum
1337 2113 1395 2149 esse

266 2165 445 2218 habitantes
437 2181 491 2215 ram
503 2166 550 2216 illa
565 2175 657 2218 aetate
668 2187 808 2233 processe·
856 2167 924 2232 vult,
940 2169 988 2219 sed
1004 2163 1203 2231 Thermopylis,
1217 2179 1304 2230 eaque
1317 2182 1345 2217 re
1358 2168 1397 2218 Si

266 2236 318 2294 rit,
333 2233 401 2283 adeo
414 2239 446 2283 ut
458 2238 807 2302 unuseprtncrprbuscar
857 2239 934 2289 culos
944 2238 1019 2303 prius
1032 2237 1177 2286 victoriam
1188 2235 1305 2298 adeptos
1315 2236 1397 2288 Grae·

265 2304 475 2368 thagrurensrum
487 2304 542 2356 tale
552 2306 726 2372 connubium,
736 2312 808 2373 quod
857 2309 899 2359 cis
925 2308 992 2373 ipsis
1018 2307 1137 2356 ιιιίιιιιιιιι
1164 2303 1272 2355 dedisse
1301 2306 1396 2356 scribit

265 2373 418 2455 legitimum
443 2377 517 2424 certe
542 2374 806 2441 habebatur,'.1nire
857 2368 1008 2441 (ἐποίησαν
1028 2389 1095 2433 τους
1114 2365 1185 2424 κατὰ
1202 2367 1256 2437 τὴν
1276 2364 1396 2424 Ελλάδα

856 2443 1017 2510 θαρρῆσαι,
1028 2460 1097 2510 ’.ιιμ
1114 2445 1175 2509 23);
1192 2442 1272 2493 addit
1291 2460 1395 2526 quoque

856 2515 926 2563 idem
948 2513 1021 2579 (cap.
1044 2514 1098 2578 26),
1126 2512 1254 2565 Gelonem
1278 2515 1394 2566 victoris

855 2582 907 2635 bac
919 2591 1058 2649 reportata
1070 2584 1249 2635 constituisse
1263 2599 1325 2634 oum
1339 2602 1393 2635 ma·

264 2442 393 2522 potuerit.

298 2504 491 2597 narcissitim
502 2526 532 2562 ιε
541 2506 593 2576 τὴν
604 2500 712 2564 ἕωνιοῦ
722 2506 737 2564 ὁ
751 2507 807 2578 Τη-

264 2580 358 2644 psilon
368 2575 573 2650 assyriosque]
566 2601 583 2635 ι
599 2600 621 2634 s.
636 2585 699 2649 eci(
690 2584 806 2649 (Hamil-

264 2652 333 2717 cari)
348 2652 379 2701 ob
390 2651 519 2716 hospitium
530 2654 573 2704 ubi
580 2657 711 2716 permissit
724 2657 748 2705 T
746 2660 806 2706 erit-

263 2726 316 2785 ίυι,
336 2726 367 2771 ut
385 2722 445 2774 soil.
459 2724 556 2775 Geloni
570 2725 735 2790 Graecisque
748 2725 805 2776 bel-

263 2791 317 2843 lum
335 2790 449 2844 interret
465 2810 552 2859 eoque
572 2794 651 2844 simul
672 2795 803 2846 Terillum

262 2862 427 2917 restitueret
443 2863 803 2928 Ubiperspicuitatiscsusa

262 2932 397 2999 repetitur
409 2948 424 2982 o
414 2922 589 2997 ’Τηριλλος,
603 2933 637 2983 ob
647 2932 731 2983 mults
743 2952 804 2986 ver-

262 3001 298 3050 λιι
313 3001 469 3052 interiecta.
505 3003 583 3065 Quod
597 3005 733 3068 sequitur,
753 3000 804 3054 διὰ

261 3065 314 3134 τὴν
325 3065 470 3131 Ἀναξίλεω
477 3070 647 3137 προθυμίην
657 3073 743 3125 valet:
753 3091 803 3139 per

260 3142 401 3191 eludimus·
414 3156 496 3206 opera
506 3144 604 3192 sollerti
617 3143 756 3201 Animae,
771 3150 803 3195 ut

260 3209 309 3271 v1,
326 3211 360 3263 3ss
375 3210 435 3261 init.
473 3212 516 3262 De
528 3212 644 3263 Αυααίία
662 3213 735 3263 coni.
745 3215 800 3277 Μ,

260 3279 304 3331 23.
323 3281 377 3342 Qui
391 3296 469 3331 socer
481 3281 577 3331 Teritli
589 3297 649 3332 cum
663 3288 746 3344 essct,
759 3299 802 3334 ss·

260 3349 298 3400 tis
323 3352 501 3414 perspicitur,
526 3351 638 3402 Siciliae
668 3356 800 3415 tyrannos

260 3433 315 3468 non
333 3418 413 3469 aliter
430 3425 512 3485 atque
530 3420 651 3470 Graecos
669 3427 799 3487 tyrannos

260 3488 441 3539 matrimoniis
454 3493 537 3553 atque
548 3492 757 3555 cognationibus
769 3509 799 3543 se

259 3556 377 3607 invicem
393 3559 462 3609 tucri
481 3559 656 3622 ipsorumque
675 3560 799 3611 domina-

260 3633 316 3677 tum
328 3626 434 3678 firmare
442 3628 575 3680 voluisse.
597 3631 715 3681 Creticae
726 3630 799 3682 filias

260 3698 330 3762 quod
360 3699 461 3749 dicitur
483 3699 630 3759 Anaxilas,
657 3700 727 3751 idem
751 3717 799 3751 no-

259 3782 320 3816 men
343 3767 488 3831 Κρητίνης
513 3783 586 3819 nuuc
617 3769 735 3820 feliciter
756 3785 798 3820 re·

258 3837 351 3886 stituit
374 3839 402 3887 in
424 3838 542 3903 Hcymno
563 3836 630 3888 Chio
650 3839 702 3889 949
729 3841 797 3891 Mei·

257 3904 342 3968 nelse,
370 3908 448 3958 ouius
467 3907 528 3959 vide
549 3913 618 3958 nott.
636 3924 699 3974 pag.
715 3908 747 3959 (il
768 3912 796 3960 et

257 3990 320 4041 pag.
332 3976 384 4027 236
396 3978 438 4027 ed.
453 3978 484 4029 C.
496 3975 611 4027 Mueller
625 3976 736 4042 (Geogr.
747 3979 794 4032 Gr.

256 4045 340 4095 mina.
366 4047 398 4097 T.
418 4047 466 4113 I.).
502 4046 578 4097 Idem
602 4063 698 4098 nomeu
723 4048 796 4098 infrs

256 4130 363 4180 quoque
393 4121 485 4166 exstat
518 4115 592 4181 apud
626 4116 795 4167 Herodotum

254 4184 323 4247 VII,
344 4185 401 4236 190.

855 2655 916 2717 gnis
936 2655 1025 2719 copiis
1053 2655 1081 2703 in
1107 2654 1253 2705 Graeciam
1277 2658 1394 2706 transire

856 2724 1023 2789 Graecisque
1041 2738 1119 2788 opem
1135 2723 1206 2774 terre
1223 2728 1322 2773 eontra
1332 2727 1394 2776 Per-

854 2808 915 2844 sas:
929 2793 977 2844 sed
987 2808 1047 2843 cum
1059 2794 1224 2844 traiecturus
1233 2800 1315 2856 esset,
1328 2810 1394 2845 nun·

854 2863 922 2912 tiuru
937 2863 990 2927 ipsi
1001 2862 1114 2913 allatum
1126 2878 1186 2913 esse
1200 2877 1218 2911 ι
1231 2862 1391 2925 quibusdam

853 2948 886 2983 ex
903 2932 1033 2983 Corintho
1052 2932 1192 2993 advectis,
1216 2931 1337 2983 Graecos
1359 2935 1392 2984 ad

854 3001 1018 3053 Salaminem
1038 3003 1138 3053 vicisse
1157 3007 1185 3052 et
1197 3002 1316 3051 Xerxem
1332 3018 1391 3053 cum

853 3073 991 3122 exercitus
1009 3078 1089 3137 parte
1109 3086 1142 3122 ex
1158 3073 1272 3135 Europa
1290 3072 1391 3123 discas-

852 3143 938 3192 ιίιιι·
954 3140 1015 3191 inde
1031 3141 1159 3192 Gelonem
1173 3142 1208 3191 ab
1220 3140 1331 3204 incepto
1346 3144 1391 3193 de·

851 3211 966 3262 stitisse
1007 3211 1048 3261 Ab
1069 3211 1202 3262 Herodoti
1226 3216 1307 3275 parte
1333 3218 1391 3261 stat

850 3279 1010 3332 Aristotelis
1023 3283 1175 3330 auctoritas
1187 3280 1229 3329 De
1241 3281 1344 3359 public.
1357 3282 1390 3331 23

850 3350 891 3401 ιίο
901 3350 1061 3400 scribentis
1074 3340 1176 3432 αἷσπερ
1178 3342 1231 3413 γὰρ
1243 3340 1392 3406 natatorio

850 3411 969 3477 αὐτοὺς
976 3410 1099 3483 χρόνους
1114 3409 1163 3483 ἧι
1169 3408 1225 3497 ’ξι
1247 3417 1390 3482 Σαλαμινι

849 3480 956 3550 ἐγένετο
970 3486 1114 3567 ναυμαχία
1125 3478 1205 3537 sul
1189 3504 1207 3551 η
1225 3477 1256 3536 ἐν
1274 3485 1390 3557 Σικελίᾳ

848 3550 1154 3622 Καρχηδονίωνμοίχηι
1166 3541 1389 3623 indemihiprae-

849 3632 923 3679 stare
944 3628 1052 3679 videtur
1068 3628 1202 3679 Herodoti
1222 3630 1387 3686 auctoritas,

848 3712 928 3760 quam
939 3697 1052 3748 eandem
1061 3697 1303 3763 sequiturClinteu
1311 3699 1389 3749 Fast.

847 3766 954 3817 Hellen>
968 3782 1031 3832 pag.
1046 3766 1088 3818 30.
1119 3768 1205 3818 Grote
1218 3767 1348 3833 (History
1361 3769 1389 3818 ei

848 3835 949 3887 Greece
963 3838 997 3887 V.
1017 3852 1081 3902 pag.
1094 3836 1158 3899 298)
1178 3842 1304 3888 neutrum
1321 3838 1388 3888 seri·

847 3910 952 3970 ptorem
969 3910 1043 3957 recte
1061 3905 1211 3957 tradidisse
1227 3907 1387 3957 arbitratur.

847 3976 938 4040 Ipsum
957 3977 1098 4041 utriusque
1113 3990 1219 4041 pugnae
1236 3975 1309 4027 diem
1325 3993 1387 4027 eon-

846 4046 938 4095 stituit
947 4045 1071 4097 Boeclsh:
1084 4045 1352 4111 Griech.btondcycl.
1362 4047 1384 4099 Ι.

846 4114 1045 4180 pag.73seqq.‚
1057 4117 1104 4179 qui
1113 4116 1271 4166 vicesimum
1285 4116 1329 4167 vel
1337 4131 1385 4166 uu·

846 4183 1039 4234 devicesimum
1051 4185 1121 4234 diem
1135 4185 1343 4235 Bo'e'dromionis
1351 4186 1384 4235 ad

743 4306 748 4317 ⁵
843 4254 1001 4304 vicesimum
1021 4254 1091 4304 diem
1106 4254 1272 4319 Septembris
1292 4255 1383 4305 retulit

424 4355 491 4406 CAP.
505 4354 626 4405 CLXVI.

289 4445 369 4519 Πρὸς
386 4450 417 4505 dl
436 4452 484 4504 sci
501 4448 568 4505 suida
586 4451 708 4523 λέγουσι]
730 4458 790 4510 scil.

843 4323 909 4372 anni
922 4322 975 4374 480
993 4329 1057 4373 ante
1071 4324 1134 4377 Chr.
1147 4339 1173 4373 n
1211 4324 1243 4373 Iu
1257 4339 1333 4401 seqq.
1348 4323 1381 4371 sd

842 4391 995 4465 locutiqes
1008 4384 1194 4456 πρόςπατρός
1204 4388 1382 4456 ιλμητρόθεν

842 4459 956 4526 ooni.,1
972 4461 1021 4514 173
1037 4467 1065 4513 et
1080 4462 1148 4523 Vll,
1162 4461 1205 4515 99.
1238 4462 1379 4514 Caeterum
