3100 5175
262 417 321 484 160
694 412 963 476 HERODOTI

260 600 298 664 αί
322 600 472 665 τοιαῦται
498 595 679 678 ἱρουργίαι·
723 590 787 658 stol
814 591 854 657 δέ
880 608 940 675 σφι
968 589 1025 657 καί
1056 583 1193 677 ἀρρητοι
1222 591 1398 675 ίρουργίαι.

212 707 252 769 84
261 702 491 787 Κλεφθέντων
518 696 555 763 δέ
577 698 684 763 τωνὸε
708 698 775 761 τῶν
801 688 1001 780 ἀγαλμάτων
1028 696 1063 758 ot
1080 688 1285 780 Ἐπιόαύριοι
1315 709 1399 760 τοῖσι

257 800 464 891 Ἀθήναίοισι
476 798 516 870 τά
526 801 709 868 συνέθεντο
724 793 786 866 οὐκ
801 799 982 865 ἐπετέλεον.
1006 796 1196 923 πέμψαντες
1207 795 1245 863 δέ
1255 800 1290 862 ot
1300 791 1397 916 Ἀθή-

259 924 349 977 ναίοι
363 906 500 995 ἐμήνιον
522 920 606 972 τοῖσι
623 898 879 988 Ἐπιδαυρίοισι·
899 928 938 968 οι
932 894 1035 967 δὲ’
1015 925 1204 985 απεφαινον
1226 897 1333 989 λόγω,
1357 893 1401 976 ὡς

260 1007 321 1079 οὐκ
335 1006 500 1080 ἀδικοῖεν·
529 1004 609 1074 ὅσον
631 1003 750 1094 μὲν
713 1033 776 1093 γαρ
791 1003 913 1092 χρόνον
936 1002 1025 1090 εἶχον
1046 998 1086 1069 τὰ
1107 999 1280 1090 ἀγάλματα
1302 1006 1339 1070 ἐν
1360 1007 1402 1124 τή

260 1113 367 1201 χαίρῃ,
383 1114 563 1182 ἐπιτελέειν
576 1137 616 1177 τα
604 1107 829 1177 συνέθεντο
853 1110 925 1175 ἐπεὶ
940 1108 976 1174 δε
990 1109 1190 1192 ἐστερῆσθαι
1205 1101 1335 1189 αὐτῶν,
1359 1102 1400 1172 οὐ

262 1216 436 1286 δίκαιον
407 1243 492 1285 ειναι
506 1211 689 1300 ἀποφέρειν
703 1219 767 1296 ἐτι,
782 1207 865 1279 ἀλλά
879 1207 956 1288 τοὺς
971 1217 1104 1295 ἔχοντας
1119 1205 1204 1277 αὐτα
1192 1206 1399 1297 Αἰγινήτας

261 1320 470 1408 πρήσσεσθαι
490 1320 653 1386 ἐκέλευον.
687 1313 779 1401 Πρὸς
799 1318 902 1382 ταῦτα
921 1310 1140 1408 Ἀθηναῖοιές
1156 1322 1302 1398 Αίγιναν
1315 1316 1398 1400 πέμ-

264 1439 386 1506 ψαντες
400 1420 559 1491 ἀπαίτεον
574 1418 612 1487 τὰ
627 1416 816 1506 ἀγάλματα·
845 1422 880 1484 ol
892 1417 928 1486 tt
943 1420 1119 1505 Αίγινήται
1134 1423 1282 1503 ἔφασαν,
1304 1422 1401 1502 σφίσι

215 1530 368 1601 85τεκαί
394 1524 600 1613 Ἀθηναίοισι
627 1521 713 1591 εἶναι
737 1519 839 1590 οὐδὲν
867 1526 1011 1609 πρήγμα.
1060 1515 1230 1607 Ἀθηναῖοι
1252 1522 1315 1607 μέν
1336 1545 1402 1586 νυν

263 1635 414 1718 λέγουσι,
442 1625 524 1719 μετὰ
552 1626 613 1715 τήν
642 1621 822 1713 ἀπαίτησιν
848 1620 1074 1711 ἀποσταλῆναι
1100 1623 1230 1711 τριήρεϊ
1251 1626 1312 1711 μιῇ
1333 1626 1402 1689 των

262 1730 373 1802 ἀστῶν
386 1731 543 1817 τούτους,
565 1739 599 1800 οἳ
617 1726 896 1816 ἀποπεμφθέντες
918 1724 982 1795 ἀπὸ
1005 1729 1065 1795 τοῦ
1079 1730 1196 1793 κοινοῦ
1210 1728 1266 1794 καὶ
1280 1721 1398 1794 ἀπικό-

262 1865 356 1925 μενοι
383 1841 416 1916 ἐς
437 1847 592 1923 Αίγιναν,
608 1832 648 1902 τά
669 1829 841 1920 ἀγάλματα
866 1835 986 1916 ταῦτα,
1021 1825 1065 1907 ὡς
1090 1833 1262 1916 σφετέρων
1290 1828 1401 1910 ξύλων

263 1940 377 2027 ἐόντα,
399 1943 578 2028 ἐπειρῶντο
593 1940 629 2007 ἐκ
644 1941 711 2004 των
725 1935 867 2024 βάθρων
882 1938 1086 2017 ἐξανασπᾶν,
1107 1938 1164 2001 ἵνα
1177 1934 1263 2019 σφέα
1278 1929 1400 2001 ἀνακο-

299 2139 352 2195 eloi
379 2139 410 2194 δέ
433 2158 484 2206 σφι
507 2135 591 2193 μαλ’Ι
573 2158 691 2207 αρρητοι
710 2136 807 2205 ιρουρ-
858 2143 908 2189 teri
929 2141 1077 2198 declarare,
1101 2141 1268 2201 expostulare
1290 2154 1343 2187 curn
1365 2140 1403 2187 ol-

264 2213 332 2299 γιάι]
355 2217 407 2264 Ρτο
420 2215 493 2279 vulg
512 2207 636 2276 Ιροργιαι
656 2212 720 2263 etlr.
741 2213 757 2261 l
779 2216 806 2260 et
858 2218 928 2267 tero,
949 2176 1111 2288 exprobrare
1128 2209 1400 2269 alterImalefoetnrn.

264 2287 292 2334 in
306 2287 424 2348 proxime
435 2283 659 2334 antecedentibus
670 2298 728 2332 eum
742 2283 806 2330 ltre—
892 2293 919 2326 οι
911 2271 989 2326 δε
973 2278 1138 2340 απέφαινον
1149 2269 1232 2344 λόγῳ]
1248 2281 1349 2327 ratione
1359 2281 1401 2326 ‹lr-

264 2356 325 2405 dov.
342 2371 369 2418 p.
385 2353 429 2404 101
446 2369 543 2417 scripsi
558 2350 717 2415 ιρουργιαι
733 2351 807 2416 qood
856 2347 1399 2411 monstrarrrrrt,ut1,12ll.SieV,tl4:

264 2423 402 2472 Saneroiti
425 2423 494 2472 liber
518 2437 572 2471 ana
591 2437 650 2474 eum
671 2422 805 2469 Parisinis
855 2411 1076 2472 ατοδειιινυντες
1090 2411 1172 2484 λογω
1201 2418 1234 2466 ln
1246 2433 1323 2482 seqq
1337 2417 1399 2466 dedi

263 2492 341 2542 codd
352 2493 473 2557 praebet.
497 2490 804 2574 Intelligunturautern,
857 2476 1142 2551 αὕτωνμτοαάτέων
1165 2483 1397 2549 Αᾶπρήσσεσθαι

263 2568 293 2612 ut
320 2579 353 2613 ex
375 2562 484 2612 adiecta
503 2576 570 2611 voco
593 2552 712 2623 ἄρρητοι
736 2560 805 2611 satis

264 2639 391 2696 apparet,
404 2646 604 2693 sacratricem,
616 2647 638 2682 s
651 2632 729 2689 ritus,
744 2645 805 2679 oae-

263 2702 395 2751 rioronino
408 2701 442 2750 nd
454 2701 583 2766 mysteria
597 2702 764 2764 pertinentes
779 2704 806 2748 et

264 2771 402 2835 singulare
414 2771 478 2835 quid
491 2772 676 2832 continentes,
689 2770 806 2833 indeque

264 2841 364 2890 eximia
377 2840 493 2905 quadam
506 2856 571 2890 eura
584 2846 732 2901 tractatae,
749 2839 806 2904 pla-

265 2912 347 2959 candi
362 2911 478 2961 numinis
490 2916 540 2960 aut
550 2910 613 2959 mali
625 2925 806 2960 averruncan-

264 2980 293 3029 di
313 2982 528 3045 caueasornnino
546 2980 706 3031 institutae:
730 2978 804 3028 coni.

264 3050 395 3099 Nitzseh:
421 3051 463 3099 Do
478 3050 681 3102 Eleusiniorurn
698 3050 805 3099 ratione

265 3121 293 3165 et
319 3124 478 3183 argumento
502 3120 569 3183 (Kil.
589 3118 666 3183 1840)
691 3133 753 3202 pag.
772 3120 806 3170 32

264 3203 320 3251 seq.
335 3215 368 3222 -
386 3188 427 3237 Ad
439 3187 553 3238 sormam
573 3189 704 3237 erlieetivi
718 3204 806 3251 ἀρρη-

263 3270 312 3313 τος
328 3257 362 3307 ol.
379 3258 491 3307 Baedor.
508 3274 534 3321 p.
548 3259 607 3308 277.

418 3443 484 3494 Gne.
505 3444 653 3495 LXXXIV.

302 3558 355 3613 οὐκ
367 3553 521 3629 ἐπετέλεον]
540 3566 585 3614 lta
600 3580 659 3613 oum
671 3564 758 3614 Gaisl'.
779 3571 806 3614 et

266 3634 364 3686 Matth.
385 3633 547 3684 Sehaoler·us
567 3651 581 3684 e
601 3633 707 3684 duobus
725 3635 805 3684 codd.

266 3705 370 3768 recepit
391 3694 568 3767 ἐπετέλεον,
594 3702 717 3768 neglecto
739 3719 805 3768 aug-

266 3778 373 3831 rnento;
400 3774 448 3822 sed
470 3774 525 3824 vid
552 3779 620 3823 nott
644 3774 680 3823 ad
702 3774 739 3834 V,
761 3774 805 3827 83.

265 3811 539 3923 Schweighaeuseraa
559 3842 677 3893 malebat
696 3840 736 3892 ἔτι
753 3838 805 3892 ἐτέ

265 3913 330 3961 λεον
350 3904 741 3963 νε1”ετιτε’λεον.ΙΙοποιιτη
766 3930 806 3963 re-

265 3981 549 4041 oentt.edd.1·stlnni
569 3971 699 4046 ἐμήνιον,
727 3983 805 4033 addi-

265 4059 344 4103 cente
361 4050 518 4102 Florentino
539 4052 617 4101 libro.
655 4045 755 4102 Olim
743 4048 806 4116 ιμή-

265 4138 345 4176 νυον.
370 4121 809 4187 Confvl1‚16ttrb1qusattsto

264 4197 292 4242 et
306 4193 388 4243 Thes.
401 4193 481 4257 Ling.
495 4192 591 4242 Graec.
605 4192 637 4242 Τ.
651 4193 684 4245 V.
700 4208 727 4256 p.
741 4191 806 4243 1005

264 4261 305 4310 ed.
318 4262 444 4311 Dindorf.
475 4262 536 4311 Hoo
548 4261 618 4323 loeo,
631 4266 662 4310 ut
675 4262 807 4312 observat

263 4329 417 4394 Schweigh.
431 4332 458 4380 in
471 4332 538 4381 Lex.
549 4331 716 4394 Herodotso,
731 4331 806 4380 istud

263 4400 373 4450 verbum
383 4415 437 4449 non
449 4400 524 4450 valet
533 4405 641 4451 tantum
649 4402 737 4463 irasci,
749 4415 805 4450 sac-

263 4485 380 4532 censere,
401 4469 448 4520 sed
468 4471 573 4535 potius:
597 4473 662 4520 iram
680 4486 751 4522 suom
767 4472 805 4519 al-

858 2555 985 2621 (eniqere)
1006 2557 1078 2606 ooni
1093 2557 1151 2619 ΙΙΙ,
1170 2556 1203 2605 08
1217 2556 1308 2621 ibique
1326 2561 1398 2606 nott.

857 2627 898 2676 Ad
926 2631 1012 2676 verba
1037 2628 1064 2676 in
1091 2628 1142 2677 line
1168 2628 1268 2690 capitis
1281 2628 1400 2707 posita:

857 2693 937 2757 σφίσι
955 2710 984 2743 τε
1007 2692 1054 2744 καὶ
1072 2689 1246 2759 Ἀθηναίοισι
1265 2710 1340 2744 ειναι
1353 2711 1398 2743 ου

857 2760 1122 2830 θενπρήγμααοιιί
1140 2772 1208 2818 nott
1225 2765 1260 2815 acl
1276 2766 1310 2826 V,
1326 2765 1370 2819 33.

1020 2900 1091 2957 eff?
1106 2902 1241 2957 mxxv·

892 3001 1132 3070 ἀποπεμφθέντες
1143 2998 1200 3057 ἀπὸ
1217 3009 1268 3056 τοῦ
1284 3004 1397 3071 κοινοῦ]

858 3080 914 3129 ἰ..ιι.
932 3078 1033 3139 pietative
1053 3079 1128 3127 νιὶενὶ.
1166 3078 1230 3127 Mox
1253 3094 1301 3142 pro
1326 3068 1401 3125 ἐττει-

859 3145 950 3210 peiora
964 3148 992 3196 in
1006 3147 1139 3209 Mediceo,
1152 3147 1322 3208 Florentino,
1335 3147 1399 3198 eliis

858 3214 937 3277 obrid.
950 3222 1041 3267 exstat
1053 3215 1166 3281 πειρᾶν,
1180 3218 1251 3282 quod
1262 3218 1403 3281 Gronorio¹

857 3284 962 3352 placuit
971 3292 1053 3352 atque
1061 3287 1253 3347 Valckenario,
1264 3288 1310 3352 qui
1321 3287 1400 3352 plura

857 3356 915 3407 alia
931 3360 1015 3406 etiam
1034 3358 1085 3406 hoo
1102 3356 1161 3406 loeo
1184 3356 1315 3406 mutanda
1337 3371 1400 3406 eea·

858 3433 915 3487 set,
939 3442 1009 3491 quae
1031 3442 1092 3475 cum
1112 3427 1146 3475 ab
1162 3426 1297 3477 Herodoti
1317 3441 1398 3475 mann

856 3497 1035 3560 oodieumque
1053 3496 1177 3559 vestigiis
1193 3496 1301 3559 longius
1324 3511 1399 3546 reee-

856 3566 924 3615 dant
938 3581 989 3615 nec
1003 3564 1058 3614 ullo
1072 3565 1150 3614 modo
1164 3568 1320 3616 necessaria
1339 3581 1399 3616 esse

855 3635 1012 3695 videantur,
1036 3634 1065 3682 id
1085 3635 1158 3699 quod
1179 3635 1300 3698 pluribus
1324 3651 1397 3685 com-

857 3706 1022 3756 monstravit
1053 3704 1320 3768 Schweighaeuser„
1354 3704 1400 3753 hie

857 3776 1005 3838 praeterire
1036 3773 1196 3834 maluimua;
1237 3788 1400 3839 quamquam

857 3845 952 3894 mirum
964 3859 1041 3905 sane,
1057 3844 1104 3908 qui
1116 3844 1219 3893 laetum
1230 3847 1277 3905 sit,
1291 3848 1321 3891 ut
1330 3845 1358 3891 in
1369 3842 1400 3891 il·

857 3914 890 3964 lis
901 3912 977 3963 libris
987 3918 1144 3977 compareat
1154 3909 1255 3975 πειρᾶν
1266 3929 1314 3978 pro
1327 3902 1401 3962 ἐπει·

857 3980 957 4044 ρώντο.
1001 3982 1043 4031 nd
1072 3982 1298 4047 significationem
1322 3983 1400 4032 verbi

857 4048 1014 4131 πειρᾶσθαι
1034 4052 1107 4102 conl.
1123 4057 1191 4101 nott.
1211 4052 1247 4101 ad
1260 4052 1322 4135 ΙΙΙ,
1341 4052 1398 4103 110.

858 4123 922 4171 Mox
937 4111 1032 4170 αυτών
1050 4122 1149 4185 scripsi
1168 4137 1217 4186 pro
1231 4114 1347 4170 αὐτέων.
1366 4150 1399 4158 -

858 4191 976 4242 Verbum
994 4182 1188 4254 ἐπιγενέσθαι,
1207 4207 1261 4256 quo
1277 4192 1305 4241 in
1323 4208 1398 4256 seqq

857 4262 957 4311 Noster
970 4262 1066 4317 utitur,
1080 4261 1145 4311 de'
1126 4278 1160 4312 ns
1174 4261 1239 4323 diei,
1252 4277 1324 4326 quae
1336 4262 1400 4313 sub-

856 4330 896 4380 ito
917 4335 944 4382 et
965 4331 1154 4394 inexspectato
1174 4333 1253 4382 nobis
1274 4333 1401 4396 ingruere

856 4406 939 4464 atque
967 4399 1091 4450 accidere
1121 4400 1225 4460 solent,
1251 4401 1400 4451 ostendunt

856 4469 906 4519 alii
918 4469 986 4535 loci,
1001 4475 1032 4520 ut
1044 4470 1122 4531 VIII,
1137 4469 1177 4521 13.
1194 4471 1236 4523 37.
1249 4469 1292 4521 70.
