3100 5175
556 362 731 426 ERA'I'O.
755 365 811 426 VI.
834 367 915 430 l-sst.

1245 368 1302 432 231

167 532 352 623 πρωθύμως
366 531 453 603 οὕτω
468 536 637 606 ἐπέστειλε
650 543 697 630 τῷ
708 535 926 631 Ἀρισταγόρῃ
939 537 1144 612 ἀπίστασθαι
1162 539 1228 612 ἀπὸ
1241 552 1304 633 βα-

167 640 291 722 σιλέος,
315 640 371 706 καλ
391 636 497 709 κακὸν
510 647 670 710 τοσοῦτον
685 652 736 731 είη
751 641 868 726 ’Ίωνας
888 648 1141 735 ἐξεργασμένος,
1162 645 1224 737 τὴν
1242 649 1306 736 μὲν

165 744 352 830 γενομένην
372 738 504 812 αὐτοῖσι
526 750 638 832 αἰτίην
654 743 694 814 οὐ
714 747 803 833 μάλα
824 752 993 836 ἐξέφαινε,
1022 746 1040 819 ὁ
1060 749 1098 819 δέ
1118 754 1214 837 ἐλεγέ
1231 772 1304 840 σφι,

166 841 209 925 ὥς
228 842 389 932 βασιλεὺς
408 855 553 934 Δαρεῖος
574 849 799 936 ἐβουλεύσατο
821 860 982 933 Φοίνικας
999 853 1063 941 μὲν
1083 855 1305 944 ἐξαναστήσας

165 952 201 1016 ἐν
214 954 255 1037 τῇ
272 946 382 1037 Ἰωνίῃ
402 958 608 1036 κατοικίσαι,
626 948 745 1034 Ἴωνας
761 953 799 1023 (λλ
814 959 851 1024 ἐν
864 961 906 1045 τῇ
920 963 1090 1046 Φοινίκη,
1104 958 1160 1026 καὶ
1174 959 1304 1028 τούτων

165 1057 277 1121 εἵνεκα
297 1056 505 1122 ἐπιστείλειε.
539 1051 642 1123 οὐδέν
660 1082 692 1125 τι
714 1056 848 1139 πάντως
867 1064 972 1128 ταῦτα
986 1062 1138 1148 βασιλέος
1155 1068 1300 1148 βουλευ-

163 1158 311 1243 σαμένου
331 1157 508 1244 ἐδειμάτου
522 1157 599 1238 τούς
612 1155 737 1241 Ἴωνας.
776 1161 875 1232 Μετὰ
890 1163 926 1233 δὲ
942 1160 960 1232 ὁ
976 1160 1124 1243 Ἱστιαῖος
1139 1161 1185 1233 δι’
1200 1162 1326 1252 ἄγγε’-4

163 1267 224 1328 λου
238 1259 438 1347 ποιεύμενος
447 1256 651 1350 Ἑρμίππου,
666 1261 790 1351 ἀνδρὸς
805 1261 1039 1354 Ἀταρνείτεω,
1054 1282 1139 1335 τοῖσι
1155 1271 1193 1337 ἐν
1206 1269 1299 1356 Σαρ-

163 1369 230 1432 ιλισι
252 1365 344 1433 ἐοῦσι
364 1367 526 1453 Περσέων
550 1371 676 1455 ἔπεμπε
696 1374 830 1456 βιβλία,
856 1366 900 1451 ὡς
919 1374 1300 1461 προλελεσχηνευμένων

160 1564 231 1628 VII,
248 1563 314 1614 206:
344 1552 439 1614 οὔκων
460 1559 610 1625 δοκέοντες
633 1558 705 1617 κατὰ

160 1625 246 1697 ταχος
254 1623 330 1682 οὕτω
340 1628 596 1698 διακριθήσεσθαι.
603 1663 636 1673 -
643 1630 704 1686 ἐπέ-

159 1702 246 1751 στειλε
269 1703 295 1751 h.
318 1703 335 1753 l.
353 1703 429 1755 valet
456 1705 524 1770 (cur)
547 1709 700 1757 παιισαεεεί.

159 1772 236 1824 Cani.
248 1772 381 1824 Herodot.
392 1776 440 1836 IV,
450 1774 493 1827 31.
504 1776 553 1834 VI,
563 1775 606 1829 97,
622 1776 702 1839 Quod

158 1844 282 1906 sequitur
315 1843 496 1894 indicativum
522 1836 701 1894 ἐπέστειλε

159 1913 300 1976 optativus
313 1909 367 1977 εἴη
382 1905 597 1977 ἐξεργασμένος,
618 1915 701 1965 nemi-

159 1998 218 2032 nem
238 1981 371 2033 offendet:
400 1982 455 2033 vid.
476 1983 556 2034 modo
574 1989 644 2035 nott.
664 1984 700 2034 ad

157 2053 194 2114 V,
210 2053 250 2101 13.
286 2052 346 2113 Quo
368 2052 461 2103 eodem
479 2057 601 2118 epectat,
627 2054 700 2120 quod

159 2122 289 2172 continuo
300 2122 437 2186 requitur:
451 2112 594 2189 ὦς-ἐβο
603 2117 703 2174 vteri-

159 2204 239 2240 σατο
254 2184 490 2246 -ἐπιστείλειε,

190 2255 243 2325 τὴν
254 2251 306 2323 μὲν
318 2259 474 2325 γενομένην
486 2277 512 2312 α.
523 2277 547 2310 τ.
559 2259 596 2325 1.]
611 2260 698 2312 codd.

158 2320 332 2395 quidamvir
348 2325 399 2394 μέν
414 2345 479 2380 νυν
499 2322 536 2381 ἐν
555 2326 700 2381 αὐτοῖσι

157 2414 227 2463 pra,
250 2416 335 2450 veram
356 2401 426 2464 apud
442 2405 631 2482 ι’μεοεηοοειεαηι
650 2417 699 2481 rum

156 2462 697 2604 5500315πολέμου

157 2610 238 2671 Ordo,
253 2614 284 2659 ut
295 2608 477 2674 saepiuscule,
488 2609 624 2659 turbatior
633 2625 697 2659 con-

157 2680 242 2735 sult0;
272 2668 373 2729 inuetff
383 2679 472 2728 voluit
494 2671 528 2728 οὐ
545 2671 619 2741 μάλα
640 2668 697 2738 ἐξέ-

156 2763 240 2811 φαινε
248 2738 370 2798 αὐτοῖσι.
381 2749 501 2799 Ηίελίειεί
512 2754 601 2799 autem
611 2749 644 2799 de
652 2749 697 2799 Io·

155 2835 216 2869 num
223 2818 397 2883 μετοικισμῷ
401 2823 581 2869 commentum
592 2818 627 2868 ad
637 2834 696 2882 per-

155 2888 368 2939 terrefaciendoa
379 2901 426 2937 εοε
438 2888 507 2938 eatis
519 2892 578 2937 erat
588 2888 698 2951 adposi-

155 2964 220 3017 tum,
231 2958 363 3022 siqnidem
375 2961 402 3007 et
410 2957 584 3022 Assyriorum
595 2962 622 3007 et
631 2958 695 3006 Per-

155 3044 244 3079 sarum
262 3027 400 3077 institutis
420 3028 593 3091 respondeus.
623 3027 696 3089 Quid

155 3099 224 3148 enim
252 3097 293 3146 illi
318 3096 573 3161 Hierosolymitania
598 3098 696 3147 testati

154 3168 256 3218 suerint
275 3166 354 3227 olim,
382 3170 514 3231 tanquam
534 3183 562 3216 re
586 3166 695 3217 minime

154 3237 251 3298 dubia,
266 3238 393 3286 doeemur
403 3236 430 3285 11
440 3238 525 3301 Regg.
537 3236 642 3297 XVIII,
650 3237 694 3289 32.

153 3308 296 3359 Persarum
313 3321 371 3356 mos
388 3306 512 3370 tangitur
529 3309 565 3365 V,
586 3307 625 3355 14.
647 3307 695 3368 VI,

153 3378 177 3429 9.
208 3378 252 3427 Ι)ε
264 3375 391 3441 Philippo
406 3377 556 3426 Macedone
572 3376 695 3426 Iustinus

153 3447 226 3497 culto
244 3446 329 3507 VIII,
352 3447 376 3495 5.
420 3447 503 3495 Mitto
526 3444 694 3495 Romanoa.“

159 3517 294 3567 Wearel.
326 3513 395 3565 add.
416 3520 487 3563 nott.
507 3515 541 3564 ad
562 3515 613 3563 IV.
633 3516 694 3564 201.

153 3587 193 3637 Ad
209 3586 294 3636 verba
312 3584 509 3648 subsequentia
526 3577 541 3631 ὁ
563 3578 600 3632 δὲ
622 3576 696 3648 ἔλεγέ

154 3670 203 3714 σφι
218 3655 253 3704 ολ)
266 3670 326 3706 eam
344 3655 415 3714 vim,
438 3669 508 3719 quae
521 3655 593 3704 inest
606 3654 634 3702 in
649 3670 696 3703 vo·

153 3725 214 3776 cula
225 3721 272 3783 δέ,
288 3723 345 3774 vid.
355 3723 482 3774 Kuebner
490 3723 535 3773 Gr.
544 3724 590 3774 Gr.
600 3725 624 3785 ξ.
632 3722 695 3786 629,

152 3798 176 3846 o.
190 3800 247 3845 not.
260 3796 277 3843 2
290 3799 318 3845 ct
332 3794 404 3844 coni.
421 3794 449 3857 Ῑ,
463 3794 497 3845 uo
512 3793 604 3858 ibique
622 3797 692 3843 nott.

152 3866 184 3926 V,
199 3864 320 3927 120.v1,
334 3863 376 3913 30.
394 3864 437 3913 52.

187 3928 274 3983 οὐδέν
286 3948 312 3981 τι
327 3924 450 3996 nareae]
470 3932 594 3993 „Deerae
606 3930 695 3981 videri

153 4005 240 4069 poaeit
254 4002 353 4067 copula
367 4003 412 4053 vel
427 4001 482 4051 alia
497 4001 632 4065 particula
647 3988 695 4051 οῧ-

152 4089 189 4122 τω
206 4064 292 4123 οὐδέν
305 4088 341 4123 τι.
367 4075 437 4124 Nam
451 4072 521 4137 quod
533 4071 614 4137 vulgo
626 4071 694 4135 legi·

151 4149 195 4194 tur
207 4134 277 4192 etot
287 4158 328 4199 τι,
346 4146 404 4193 tum
425 4142 529 4193 demum
542 4141 631 4192 loc'um
645 4141 693 4191 ba-

151 4214 275 4280 beretai
287 4213 353 4263 novi
368 4212 431 4277 quid
445 4217 615 4276 sequeretur.
638 4212 695 4261 Ita·

153 4299 204 4347 que
216 4283 327 4332 videtur
339 4297 399 4332 ease
409 4281 602 4344 anacoluthon,
615 4282 695 4346 quari

152 4352 332 4417 praecesserit
346 4341 360 4400 ὃ
372 4345 403 4400 dt
418 4347 504 4415 λέγων
518 4364 583 4413 σφι,
598 4344 636 4408 ὠς
647 4348 695 4416 βα·

152 4417 244 4481 οιλεὺς
258 4450 290 4458 -
302 4412 472 4485 ἐπιστείλειε,
488 4411 575 4471 οὐδέν
586 4436 613 4469 τι
625 4412 696 4470 παίν-

754 1570 889 1627 τως.“-
905 1571 938 1621 Α.
957 1570 1128 1624 Matthiae.
1167 1572 1221 1624 Seu
1239 1574 1296 1625 vid.

753 1640 787 1702 V,
803 1639 846 1692 34.
859 1639 892 1691 05
905 1641 997 1705 ibique
1012 1645 1082 1691 nott.
1110 1641 1177 1705 Ipsa
1189 1648 1298 1692 centen-

753 1710 795 1759 tia
808 1708 881 1759 haud
902 1710 1033 1761 obseura:
1057 1713 1169 1775 ηειαπιυίε
1182 1711 1243 1763 ntltit
1253 1712 1298 1761 λαι-

751 1780 859 1830 1νειιιοιλι·
875 1783 970 1834 omnino
993 1795 1044 1829 rex
1061 1784 1141 1830 aurine
1162 1786 1296 1845 σμίλαεεει,

750 1857 833 1899 tamen
844 1850 919 1899 Ιονεε
934 1851 1066 1903 detenuit.
1091 1850 1134 1900 De
1144 1851 1227 1900 verbo
1239 1847 1294 1899 ‹ier-

750 1914 875 1981 ματοῦν,
894 1919 922 1968 in
944 1919 1054 1982 optlmia
1065 1919 1215 1984 quibusque
1228 1922 1295 1970 acri-

751 1988 875 2052 ptoribur
888 1989 984 2047 obvio,
998 1988 1054 2039 vid.
1068 1987 1202 2041 Theaaur.
1214 1991 1294 2058 Ling.

752 2057 798 2107 Gr.
814 2058 852 2109 11.
867 2073 929 2125 pag.
946 2057 997 2108 047
1010 2058 1052 2110 ed.
1066 2057 1196 2110 Dindori.

957 2231 1023 2281 Car.
1043 2231 1090 2282 IV.

785 2325 826 2378 δι’
840 2321 958 2396 ἄγγε’λου
970 2327 1151 2395 ποιεύμενος]
1172 2333 1190 2384 i.
1206 2346 1229 2383 e.
1245 2347 1294 2394 per·

749 2405 857 2450 nuntium
867 2415 955 2464 αμεπι.
981 2401 1023 2451 De
1035 2399 1173 2451 locutione
1189 2403 1294 2452 excitat

749 2468 912 2532 wesseling.
919 2469 1204 2529 Herodot.VlII,l34.
1217 2471 1291 2521 HInc

746 2538 804 2589 noli
816 2554 876 2589 cum
885 2540 998 2591 Reiskio
1011 2539 1130 2591 scribere
1143 2534 1292 2605 διάγγελον

745 2600 924 2673 ποιεύμενος.
956 2611 994 2660 Ac
1008 2610 1117 2660 videtur
1137 2605 1291 2674 διάγγελος,

745 2693 800 2744 qua
810 2695 877 2729 voce
888 2694 913 2727 v.
925 2694 948 2728 c.
961 2681 1049 2728 utitur
1061 2678 1199 2731 Plutarch.
1210 2680 1291 2731 Galb.

745 2764 771 2812 p.
789 2748 891 2798 10030.
906 2746 978 2812 (oap.
988 2750 1023 2798 24
1033 2747 1083 2813 in.)
1096 2749 1239 2799 etMorall.
1251 2749 1289 2800 ΙΙ.

746 2834 773 2883 p.
782 2818 887 2879 6781),
899 2816 933 2866 ad
942 2817 1076 2868 Herodoti
1087 2822 1206 2868 aetatem
1217 2819 1290 2869 haud

746 2888 892 2952 pertinere.
907 2915 939 2925 -
960 2889 1002 2938 De
1020 2890 1161 2938 Atarnenei
1179 2889 1289 2953 regione

746 2957 818 3006 conf.
833 2962 901 3007 nott.
916 2957 951 3006 ad
965 2957 994 3020 1,
1012 2957 1069 3008 160.
1107 2957 1213 3021 Scripsi
1228 2973 1288 3007 cum

746 3026 834 3076 Beki.
851 3020 1028 3087 ’atroque-'rra
1045 3041 1094 3090 pro
1108 3025 1182 3091 vulg.
1198 3016 1289 3086 Ἀταρ-

748 3091 875 3157 νελτεω,
893 3094 1027 3159 probante
1048 3094 1166 3148 Bredov.
1184 3111 1211 3160 p.
1230 3096 1288 3148 100.

747 3165 824 3215 Infra
832 3166 881 3226 VI,
892 3164 926 3213 211
933 3155 1145 3226 Ἀταρνείτιδος.
1164 3166 1228 3215 Mox
1239 3182 1288 3231 pro

745 3235 819 3299 vulg.
838 3231 939 3299 βυβλία
951 3250 1010 3284 cum
1027 3238 1141 3287 recentt.
1154 3235 1213 3285 edd.
1224 3235 1290 3285 ecri-

746 3306 790 3370 pci
803 3300 905 3370 βιβλία,
918 3309 950 3354 ut
963 3306 996 3368 V,
1012 3298 1054 3359 58.
1069 3304 1117 3355 ubi
1132 3304 1188 3354 vid.
1203 3310 1272 3355 nott.

780 3364 819 3431 ὡς
837 3367 1164 3439 προλελεσχηνευμένων]
1184 3376 1201 3425 i.
1216 3392 1240 3427 e.
1257 3392 1289 3425 uc

744 3444 769 3494 ri
786 3459 839 3493 cum
851 3446 915 3507 ipaia
935 3445 967 3494 de
985 3444 1124 3509 defectione
1143 3453 1221 3496 antea
1234 3462 1289 3496 scr-

744 3529 829 3564 monce
845 3517 982 3565 rniaruimet
998 3531 1021 3564 r.
1036 3516 1189 3566 contulisset.
1221 3516 1289 3566 Ver-

745 3583 809 3633 bum
827 3576 1007 3647 λεσχηνεύειν
1025 3600 1058 3634 ex
1076 3587 1203 3648 Appiano
1217 3585 1285 3635 Bell.

745 3654 798 3703 civ.
816 3653 857 3715 II,
876 3652 918 3703 91.
934 3652 1012 3704 affert
1027 3653 1176 3717 Schweigh.
1194 3656 1221 3704 iu
1237 3657 1288 3705 Le·

744 3723 798 3773 xic.
809 3723 910 3774 Herod.
922 3723 959 3773 ll.
970 3739 1031 3788 pag.
1041 3722 1101 3775 ⁶238.
1124 3724 1192 3775 Add.
1203 3726 1287 3774 etiam

745 3797 815 3843 nott.
829 3793 864 3842 ad
878 3794 900 3854 I,
920 3793 976 3842 153.
1004 3796 1064 3843 Vox
1075 3788 1230 3858 πρόλεσχος
1242 3810 1287 3844 oc-

746 3865 832 3912 currit
854 3863 882 3912 in
907 3862 1036 3926 Aeschyli
1060 3862 1155 3928 Suppi.
1176 3863 1237 3913 208.
1253 3890 1286 3899 —

746 3932 890 3982 Caeterum
910 3947 972 3981 cum
990 3936 1051 3982 tota
1063 3932 1116 3981 hac
1130 3932 1287 3982 narratione

745 4002 875 4051 convenit
902 4000 944 4061 id,
973 4001 1045 4064 quod
1071 4001 1144 4065 apud
1167 4001 1285 4050 Aeneam

745 4071 850 4121 'l'aotiu
875 4085 936 4133 cap.
960 4070 989 4119 31
1017 4069 1164 4120 Poliorcet.
1193 4085 1287 4119 narra·

746 4146 790 4191 tur
812 4139 846 4190 de
868 4140 934 4189 urbe
958 4140 1076 4205 quadam
1100 4140 1227 4201 obsessa,
1258 4141 1286 4189 in

744 4226 825 4275 quam
844 4209 892 4274 qui
912 4224 972 4259 cum
992 4208 1079 4260 literis
1097 4215 1157 4259 erat
1174 4210 1286 4268 mimus.

744 4280 796 4329 har
819 4294 873 4329 non
896 4278 1043 4344 proditori,
1067 4280 1113 4329 cui
1131 4279 1287 4330 afferendae

746 4355 841 4407 erant,
860 4348 989 4410 tradidit,
1007 4350 1055 4399 sed
1071 4348 1105 4399 ad
1121 4349 1196 4399 urbia
1209 4366 1287 4415 prue-

745 4420 847 4471 sectum
866 4421 999 4472 accedent
1017 4419 1144 4470 tradidit:
1163 4422 1208 4485 qui
1224 4420 1285 4471 iite-
