3100 5175
254 382 368 448 wi·

692 385 958 450 HERODO'PI

252 557 432 649 Κυβήβης,
458 554 496 630 τό
514 558 736 650 σκηπτόμενοι
758 565 793 644 ο(
809 564 937 646 Πέρσαι
958 556 1100 651 ὕστερον
1118 557 1386 650 όντενεπίμπρα·

253 684 317 733 σαν
335 661 374 734 τὰ
389 667 427 734 ἐν
440 659 577 753 Ἕλλησι
591 664 656 753 ἱρά.
705 662 785 735 Τότε
800 665 838 734 δὲ
851 670 886 734 oi
896 668 1024 754 Πέρσαι
1039 671 1074 735 oi
1084 665 1177 746 ἐντός
1190 662 1310 746 ’Ἅλυος
1325 693 1386 735 πο·

252 773 359 857 ταμοῦ
373 766 496 858 νομοὺς
517 775 667 856 ἔχοντες,
688 768 1009 858 προπυνθανόμενοι
1028 775 1151 857 ταῦτα,
1172 776 1389 859 συνηλίζοντο

254 973 366 1021 tuentur
378 970 486 1024 Suidas.
496 970 661 1048 Hesychius
674 969 731 1020 alii.
754 970 794 1019 Λα

252 1041 409 1092 Photiuss.
427 1057 453 1090 u.
476 1033 624 1123 Κόβηβος
648 1030 793 1120 Χαίρωνα

252 1103 449 1174 Λαμψακηνὸς
468 1103 523 1173 την
539 1102 748 1188 Ἀφροδίτην
733 1101 792 1158 und

253 1179 305 1240 Φρ
308 1176 372 1242 ημῖν
388 1175 435 1228 καλ
449 1176 552 1230 Λυδῶν
568 1172 704 1244 Κιιβιὶβην
721 1173 793 1242 λέγε-

252 1249 333 1298 σθαι.
358 1251 434 1311 Quae
443 1250 494 1300 dea
505 1265 571 1299 sane
583 1249 657 1299 nulia
670 1249 726 1299 alia
740 1254 791 1311 est,

252 1320 304 1369 nisi
321 1334 365 1378 ea,
382 1334 454 1383 quae
472 1320 530 1369 sive
543 1318 656 1383 Cybeles
670 1320 728 1368 sive
741 1320 792 1368 Ve-

251 1389 325 1440 neris
350 1389 458 1438 nomina
481 1403 528 1453 per
547 1387 640 1436 Asiam
661 1389 790 1438 minorem

252 1460 374 1525 aliasque
388 1459 468 1508 Asiae
484 1461 574 1523 partes
590 1457 791 1507 summobono.

251 1546 279 1579 re
295 1534 337 1578 est
354 1527 445 1591 culta,
465 1543 545 1593 quam
560 1527 673 1576 eandem
686 1525 792 1577 Chorus

252 1602 294 1648 sic
313 1598 455 1648 advocat
448 1614 475 1647 m
492 1595 633 1678 Sophoclis
646 1596 789 1647 Philoctet.

251 1670 302 1718 300
315 1667 373 1734 (311
391 1668 471 1717 Both
474 1667 508 1745 );
516 1659 649 1726 ὀρεστέραν
661 1662 791 1744 παμβδτι

185 1771 189 1780 .
254 1735 303 1796 Γᾶ,
319 1737 404 1816 μᾶτερ
418 1728 508 1786 αὐτοῦ
520 1729 633 1794 Διόςῇ
612 1753 631 1784 α
644 1727 791 1798 τόνμέγαν

254 1800 408 1857 Πακτωλὸν
421 1807 489 1871 (vid.
499 1806 598 1855 Herod
612 1807 644 1854 V.
655 1822 715 1871 cap.
730 1804 790 1868 101)

250 1867 513 1960 εὔρρισονντμεις,
534 1865 677 1935 discissi,
701 1889 790 1958 ματερ

250 1963 333 1998 auter
343 1938 437 2010 (την
439 1938 571 1995 δωαανκ
581 1960 604 1993 τ
612 1944 649 1994 1
664 1945 790 1994 cuiuslo-

249 2020 275 2071 οἰ
294 2020 347 2067 iam
367 2023 431 2082 apte
448 2017 570 2067 meminit
584 2017 617 2064 11
619 2015 789 2080 esseliagius.

251 2089 333 2140 Plura
345 2087 378 2136 de
396 2086 447 2135 hac
459 2087 511 2136 dea
527 2086 638 2150 eiusque
656 2084 729 2135 cultu
742 2100 791 2149 per

250 2158 342 2209 Asiam
358 2158 488 2205 minorem
503 2155 560 2205 rid.
578 2154 650 2218 apud
661 2156 789 2204 Creuzer.

250 2226 369 2291 Symbol.
388 2228 423 2276 11.
443 2241 506 2289 μσς.
521 2225 580 2274 308.
597 2223 647 2273 404
668 2223 709 2274 ed.
727 2229 790 2275 tert.

250 2300 327 2361 Quae
349 2295 437 2345 adhuc
464 2297 492 2343 in
518 2293 642 2342 Sardium
667 2299 790 2343 veterum

249 2366 335 2417 resinis
353 2365 560 2429 conspiciuntur
586 2361 668 2426 arnpli
695 2363 791 2427 templi

249 2436 381 2500 reliquiae
394 2441 469 2483 trans
478 2431 620 2482 Pactolum
635 2435 706 2482 sitae
717 2434 790 2482 iutra

249 2504 397 2569 Acropolin
421 2510 502 2568 atque
520 2501 643 2551 Tmolum
672 2509 790 2551 montem

249 2577 276 2626 iu
289 2591 398 2626 recessu
415 2573 546 2638 quodam,
563 2588 610 2623 eas
626 2572 722 2623 adhoc
738 2573 790 2636 (fy-

248 2647 330 2697 bebes
346 2644 473 2709 templum
484 2642 647 2708 pertinuisse
660 2642 790 2693 credibile

249 2721 300 2766 est.
327 2716 388 2765 Vid.
404 2713 559 2764 Prokeseh:
581 2713 789 2778 Erinnerungen

249 2802 299 2835 arrs
317 2787 459 2851 Aegypteu
473 2800 499 2834 u.
515 2783 636 2833 Kleiuas.
656 2782 707 2834 111.
724 2798 788 2848 pag.

251 2856 299 2906 143
312 2872 387 2921 seqq.
406 2856 469 2913 148,
489 2869 521 2903 ae
536 2852 582 2917 qui
598 2859 726 2903 accurate
740 2869 789 2902 eas

249 2925 334 2977 multo
349 2927 452 2977 autaa'
446 2941 499 2974 ram
512 2923 665 2988 descripsit,
679 2922 789 2972 Chand·

249 2996 297 3045 ler
310 2995 327 3045 l.
341 2996 358 3045 1.
373 3011 451 3072 pag·
445 2994 578 3075 359seq.

282 3060 314 3113 τό
334 3056 525 3128 σκηπτόμενοι
547 3077 575 3110 οι
567 3054 698 3137 Πέρσαι
718 3076 744 3110 κ.
762 3074 786 3108 τ.

247 3133 284 3198 1.]
313 3135 354 3182 Ad
366 3133 477 3185 verbum
495 3120 684 3193 σκηπτόμενοι
699 3130 789 3194 (prue-

247 3202 374 3265 teaeutes)
394 3203 510 3263 ο4.1111,
527 3202 561 3252 38
580 3205 607 3249 et
621 3205 690 3249 nott.
704 3200 739 3248 ad
753 3201 787 3262 V,

247 3274 289 3325 30
317 3273 400 3323 Haud
416 3272 474 3321 scio
491 3270 615 3349 equidem
629 3283 664 3317 an
680 3269 731 3318 hue
748 3285 788 3317 r·e

247 3343 334 3393 ieram
352 3340 466 3390 Diodori
492 3338 608 3389 verba'
601 3353 629 3386 m
646 3339 789 3402 Excerptt.

247 3411 338 3461 Vatic.
357 3425 374 3458 a
391 3407 627 3473 Maiopublicatis
649 3422 674 3470 p.
692 3406 726 3456 40
745 3406 788 3456 ed.

247 3482 280 3531 L.
302 3477 428 3532 Dindori
446 3477 533 3557 (Liria
555 3474 652 3555 laath
685 3464 728 3524 ὅτι
755 3468 787 3523 τό

247 3546 410 3598 κατακαίειν
431 3540 466 3596 τὰ
484 3537 546 3610 (ερα
559 3538 647 3625 παρὰ
646 3535 789 3608 Ελλήνων

247 3613 358 3683 ἔμαθον
382 3609 504 3697 Πέρσαι,
532 3607 586 3677 τὴν
612 3607 712 3693 αὐτὴν
727 3616 787 3670 τοις

248 3669 478 3753 προαδικήσασιν
490 3677 679 3740 ἀποδιδόντες
693 3674 787 3747 υβριν.

246 3759 316 3816 Ad
308 3774 397 3822 ipsum
419 3758 607 3822 argumentum
624 3754 692 3804 benc
710 3756 748 3803 14
746 3770 786 3804 es-

246 3831 379 3891 seliapius:
409 3825 556 3888 „Inceudii
579 3822 765 3888 templorum'
757 3840 786 3873 m

246 3899 365 3950 Graecia
380 3897 517 3958 obtentus,
529 3910 607 3960 quem
617 3895 709 3944 Persis
722 3895 788 3944 seri·

246 3974 307 4034 ptor
320 3968 427 4028 tribuit,
438 3967 588 4017 arcessitus
601 3970 674 4026 erat;
696 3966 786 4015 verior

245 4054 340 4100 carisa,
353 4039 424 4102 quod
439 4037 504 4088 deos
519 4036 669 4102 parietibus
683 4035 786 4084 includi

245 4112 385 4173 negarent,
401 4106 502 4172 templa
517 4107 718 4170 improbantes..
740 4104 784 4156 (14.

246 4180 367 4231 Brisson.
378 4179 445 4242 Reg.
457 4176 659 4240 Pers.Priueip.
671 4176 708 4231 II.
721 4175 785 4237 3144,

246 4249 292 4298 ubi
300 4247 357 4299 scil.
366 4253 488 4297 veterum
499 4247 656 4296 testimonia
665 4244 790 4295 deGrae·

247 4320 307 4368 ciae
320 4316 428 4381 templis
438 4331 455 4366 a
464 4314 599 4365 Persarel
612 4314 730 4364 incensis
741 4314 786 4364 rel

245 4386 357 4436 violatis
377 4384 535 4435 afferuntur.
568 4384 630 4433 Vid.
651 4381 784 4433 Herodot

245 4455 331 4518 VIII,
346 4454 395 4506 109
408 4454 499 4520 ibique
510 4452 610 4517 allata,
624 4453 708 4517 VIII,
725 4452 783 4506 143

844 970 899 1031 VI,
912 969 939 1020 0.
960 970 1029 1034 VII,
1047 970 1073 1020 8.
1088 972 1112 1033 ς.
1127 971 1152 1022 3.
1176 969 1314 1020 Plutarch.
1328 972 1386 1021 Vit.

844 1039 940 1089 Pericl.
958 1038 998 1091 17.
1031 1041 1118 1100 Quam
1136 1044 1227 1090 tamen
1242 1041 1387 1092 Persarum

844 1110 1013 1174 impietatem
1023 1109 1204 1160 Athenienses
1218 1126 1267 1176 pro
1276 1112 1387 1177 ingenio

843 1193 893 1228 suo
911 1177 1091 1244 amplificasse
1117 1184 1191 1229 recta
1208 1185 1299 1231 mouet
1321 1180 1386 1232 Val-

843 1248 967 1306 ckenar„
984 1263 1045 1298 eum
1057 1255 1166 1313 praeter
1178 1249 1385 1301 Atheniensium

842 1317 944 1383 templa
962 1319 1008 1370 uir
1025 1333 1107 1369 unum
1126 1319 1278 1370 alterumve
1299 1322 1383 1372 Grae-

842 1389 902 1437 eiaa
915 1386 1044 1452 templum
1059 1388 1243 1442 incenderent.
1270 1392 1303 1441 Iu
1315 1390 1385 1440 ΡΙιο-

842 1456 902 1508 cide
915 1473 998 1507 unum
1011 1458 1070 1522 ipse
1082 1465 1275 1509 commemorat
1285 1460 1386 1510 Noster

841 1527 920 1586 Vlll,
935 1527 979 1590 33,
992 1528 1019 1576 iu
1032 1528 1166 1592 Naxon,
1174 1530 1217 1591 90,
1233 1530 1262 1578 in
1275 1530 1385 1579 Eretria

842 1597 974 1656 vl,102.
1011 1597 1053 1646 De
1074 1598 1173 1648 Atticis
1195 1598 1304 1662 templis
1326 1599 1382 1652 vid.

842 1667 962 1715 Pausan.
979 1666 1016 1728 X,
1031 1666 1073 1716 at.
1087 1670 1111 1730 5.
1126 1671 1142 1719 3
1156 1668 1216 1718 οοΙΙ.
1231 1669 1343 1731 1111,5,
1358 1671 1383 1726 3,

843 1740 870 1784 et
882 1750 924 1795 ea,
940 1750 1009 1799 quae
1021 1735 1110 1798 ipsum
1120 1738 1234 1787 Darium
1247 1740 1383 1788 dicentem

842 1803 1066 1868 lacitrtesclrylus
1077 1805 1239 1869 (Perasssl‘i
1250 1824 1316 1873 seqq
1340 1809 1384 1859 ed.
1397 1862 1401 1870 ¹

842 1873 1019 1938 Blomiield.),
1044 1874 1218 1926 calamitates
1241 1879 1385 1928 Persarum

841 1949 1008 2008 repetentem
1028 1959 1061 1993 ea
1075 1960 1107 1994 aa
1121 1945 1265 2010 surperbia,
1284 1963 1337 2011 qua
1354 1948 1383 1998 in

841 2014 1007 2064 Graecorum
1033 2015 1134 2079 templa
1158 2017 1309 2066 saevierint
1340 2018 1383 2066 in-

841 2082 981 2132 cendendo
999 2087 1026 2132 et
1040 2083 1221 2134 devastando.
1250 2086 1382 2150 1111δίμο-

841 2158 934 2202 terunt
946 2153 990 2214 iis,
1002 2155 1276 2218 quaell'esseliugius
1286 2172 1384 2221 propo-

840 2224 910 2280 suit,
923 2223 1082 2273 testimonia
1096 2225 1239 2275 Ciceronis
1261 2226 1288 2274 in
1304 2225 1382 2277 libris

841 2295 883 2341 De
895 2293 963 2356 legg.
985 2292 1027 2356 11,
1048 2292 1080 2342 10
1102 2299 1129 2343 et
1143 2295 1185 2346 De
1201 2294 1306 2360 republ.
1328 2295 1382 2360 Ill,

840 2363 871 2414 a:
895 2362 966 2411 unde
984 2360 1178 2427 intelligimus,
1191 2365 1290 2416 Persas
1303 2365 1382 2415 nefa·

840 2432 883 2481 ria
896 2431 1025 2481 habuisse
1041 2432 1154 2484 delubra
1176 2434 1300 2484 humanis
1318 2451 1382 2486 con·

842 2506 951 2551 secrata
969 2500 1123 2553 simulacris
1137 2519 1249 2568 eamque
1267 2504 1302 2554 ob
1318 2521 1381 2555 eau-

840 2588 897 2622 sam
911 2571 1028 2621 Xerxem
1041 2573 1225 2624 inflammasse
1235 2575 1382 2625 Athenien·

840 2642 910 2691 sium
924 2642 989 2691 fana
999 2679 1005 2702 ,
1017 2644 1088 2707 quod
1100 2643 1174 2705 deos,
1188 2661 1301 2710 quorum
1315 2651 1380 2695 tem-

839 2712 894 2761 lum
907 2727 940 2761 ac
956 2710 1049 2761 domus
1062 2714 1148 2763 omnis
1161 2713 1206 2763 hic
1220 2721 1293 2765 esset
1304 2731 1381 2763 mim-

840 2781 905 2843 dus,
926 2779 1046 2832 inclusos
1070 2784 1220 2846 parietibus
1245 2784 1382 2834 contineri

840 2850 917 2902 nefas
927 2850 1047 2902 duceret.
1068 2852 1173 2904 Similia
1182 2855 1314 2919 quaedam
1326 2860 1381 2903 tra-

840 2920 880 2970 dit
906 2936 1013 2984 quoque
1032 2922 1169 2971 Asconius
1193 2923 1228 2974 ad
1254 2924 1379 2974 ciceron.

841 2991 947 3041 Verriu
962 2990 999 3052 II,
1014 2991 1034 3039 1.
1047 3007 1107 3055 cap.
1128 2992 1168 3043 18.
1183 2994 1259 3056 §.tit

875 3051 905 3107 οἱ
923 3028 1058 3115 ἕντόςἍλ
1023 3059 1112 3117 Αλυος
1130 3061 1261 3125 ποταμοῦ
1274 3056 1382 3119 νοαοῦς

830 3121 960 3209 ἔχοντες]
988 3130 1104 3191 Quinam
1118 3131 1244 3182 dieantur
1260 3147 1286 3182 οι
1279 3110 1381 3190 (ναός

830 3189 937 3261 Ἅλυος,
954 3198 1136 3250 iudicavimus
1150 3203 1225 3263 adl,
1240 3203 1265 3256 0
1292 3205 1381 3253 Locu-

839 3269 942 3318 tionsm
956 3261 1062 3332 vaporis
1075 3262 1156 3333 1χειν,
1168 3287 1237 3336 quae
1251 3272 1333 3323 etiam
1346 3273 1379 3334 V,

839 3338 881 3389 93.
897 3342 922 3399 5.
940 3339 950 3387 l
968 3339 1107 3389 iuvenitur
1109 3340 1298 3407 ‚Setrweighss
1291 3360 1319 3392 m
1329 3344 1379 3394 Le

838 3407 891 3456 xic.
908 3407 1009 3459 Herod.
1025 3408 1062 3458 11.
1077 3423 1140 3474 pag.
1156 3412 1225 3461 138
1217 3419 1307 3477 mter
1308 3418 1379 3462 reta·

837 3479 894 3524 tur:
914 3476 1011 3538 seriem,
1029 3477 1202 3532 habitationem
1217 3481 1319 3533 bahem
1343 3483 1379 3532 At

837 3549 911 3595 recte
928 3545 1125 3598 mibiHeeren.
1145 3550 1265 3610 ldeenl,
1280 3553 1302 3602 l
1316 3569 1377 3617 pag.

838 3615 888 3664 505
903 3631 1012 3666 mouere
1025 3613 1266 3684 νὶδο1αι,νομοι1ς
1279 3621 1324 3671 hic
1338 3639 1379 3673 es

837 3699 866 3733 se
881 3700 965 3747 pagos
980 3690 1069 3736 certos
1088 3657 1220 3751 qudsdam
1234 3692 1378 3742 Persarum

837 3753 971 3804 militibus
987 3755 1143 3821 (dequibus
1160 3759 1206 3810 hic
1223 3776 1310 3811 sermo
1324 3762 1378 3827 est)

835 3838 884 3906 per
907 3826 1031 3890 singulas
1052 3829 1190 3893 satrapias
1209 3832 1377 3896 assignatos,

837 3894 864 3943 iu
893 3894 990 3959 quibus
1016 3903 1214 3951 commorantes
1239 3902 1379 3965 praesidia

835 3963 982 4028 haberent,
1006 3968 1146 4018 custodias
1167 3976 1294 4035 agerent,
1321 3971 1379 4021 alia

836 4032 863 4082 id
878 4050 973 4099 genus.
997 4036 1076 4087 Unda
1086 4037 1130 4088 hic
1143 4042 1234 4102 potius
1248 4040 1301 4090 loci
1316 4057 1377 4092 sen-

836 4118 923 4163 sus·‚
927 4106 1039 4164 ,Persae
1055 4106 1190 4172 (milites),
1202 4113 1246 4174 qui
1256 4112 1379 4161 sindones

835 4189 897 4225 suas
915 4190 937 4224 s.
954 4177 1128 4239 praesidiaria
1144 4181 1218 4247 papis
1238 4183 1275 4230 cla
1288 4182 1379 4246 Halyn

835 4245 892 4294 aitis
912 4244 1045 4295 habehant.
1078 4247 1177 4311 Itaque
1197 4249 1226 4300 (1.
1240 4251 1275 4300 Η.
1291 4250 1379 4300 Lach-

835 4328 933 4364 maun.
952 4316 994 4364 De
1011 4332 1080 4381 pace
1099 4315 1240 4370 Cimoniea
1259 4320 1378 4385 (Vratis-

835 4380 891 4435 lar.
907 4383 986 4448 1833)
1004 4402 1028 4450 p.
1048 4387 1079 4439 13
1092 4379 1200 4451 νομοὺς
1214 4391 1379 4455 interprete

835 4454 879 4507 tur
892 4457 984 4506 statiua
996 4458 1131 4519 eopiarrua
