3100 5175
437 442 712 507 POLYMNts.
735 443 807 504 Vll.
829 454 872 509 63.
894 453 936 508 64.
1196 443 1251 505 551

119 619 283 710 ἀγχότατα
305 625 374 690 τῶν
387 624 559 708 Μηδικῶν
579 625 709 707 ἔχοντες
730 618 983 705 ἐστρατεύοντο,
1004 618 1081 704 τόξα
1101 619 1138 689 δὲ
1152 619 1254 690 καίά-

118 755 199 815 μινα
216 724 375 812 έπιηύρια
393 727 449 793 καὶ
468 721 587 811 αίχμάς
601 726 753 811 βραχέας.
796 722 904 792 Σάκαι
927 723 964 792 dl
978 729 1012 793 ol
1022 723 1161 794 Σκύθαι
1179 727 1256 812 περὶ

120 831 182 918 μέν
203 835 277 920 τῇσι
298 834 464 917 κεφαλῇσι
486 834 670 914 κυρβασίας
692 830 724 905 ές
747 823 806 907 ὀξύ
826 823 1019 916 ἀπηγμένας
1040 825 1146 914 ὀρθάς
1167 827 1257 916 εἶχον

70 940 325 1022 διοπεπηγυίας,
342 929 545 1017 ἀναξυρίδας
560 931 596 999 δὲ
611 931 852 1000 ἐνδεδύκεσαν·
881 931 957 1013 τόξα
972 928 1008 1000 dl
1025 931 1185 1019 ἐπιχώρια
1200 935 1256 1002 καὶ

119 1043 320 1127 ἐγχειρίδια,
337 1033 419 1122 πρὸς
433 1036 469 1104 δέ
485 1036 539 1104 καὶ
554 1032 668 1117 ἀξίνας
682 1034 821 1121 σαγάρις
836 1034 937 1123 εἶχον.
964 1035 1104 1116 τούτους
1118 1036 1165 1122 δὲ,
1181 1035 1254 1106 ἐόν·
1333 1086 1336 1089 ι

159 1265 229 1334 τόξα
243 1265 274 1321 dl
290 1263 431 1333 καλάμινα
449 1260 598 1336 ἐπιχώρια]
621 1271 662 1319 Do
714 1269 846 1319 orientem
861 1285 957 1320 versus
968 1271 1054 1320 vitam
1064 1276 1150 1337 agunt
1163 1287 1255 1321 noma·

118 1344 214 1394 Iudico
242 1342 348 1392 calamo
371 1342 453 1403 (vtl,
477 1341 521 1403 65)
548 1339 594 1389 hic
617 1340 662 1403 agi
713 1339 1034 1391 dicamintraEmodnm
1053 1340 1254 1391 montemultra

119 1422 194 1463 ratus
225 1414 295 1463 Miot
325 1412 366 1460 sic
392 1411 497 1461 Gallice
527 1410 661 1460 reddidit:
714 1409 852 1459 Iaxartem
875 1416 901 1460 et
924 1410 1089 1474 Sogdianam
1112 1412 1253 1472 palantes:

121 1484 174 1545 „ils
188 1484 301 1532 avoient
316 1481 363 1529 des
378 1496 439 1530 erce
458 1479 508 1530 fait
526 1494 594 1529 avec
609 1495 661 1529 une
713 1495 781 1543 quos
813 1495 905 1529 omues
938 1479 1070 1544 populos,
1104 1482 1253 1531 Tibetauos

119 1554 217 1619 cspbce
238 1551 272 1601 de
296 1566 408 1607 rosesn.
437 1552 483 1615 qui
502 1550 573 1598 croit
593 1549 660 1599 dans
712 1551 891 1614 praesertim,
919 1551 946 1599 in
973 1549 1050 1599 libris
1075 1550 1253 1601 Senseriticis

118 1624 175 1674 leur
189 1622 288 1685 pays.“
314 1621 354 1670 De
366 1619 454 1670 baetis
465 1619 591 1669 brevibus
606 1620 658 1672 vid.
713 1621 865 1684 nuncupari
876 1628 990 1685 potentes
1003 1625 1030 1669 et
1039 1621 1122 1682 sortes
1136 1622 1254 1669 exerciti-

118 1695 150 1755 V,
164 1696 207 1744 ll).
224 1690 341 1747 v11‚ot.
368 1691 411 1739 De
423 1689 497 1739 Sacis
509 1688 609 1753 Scistlu's
623 1689 661 1738 di·
712 1689 1175 1741 breaidemvirdoctusobserrst.
1211 1688 1253 1738 Ad

118 1765 206 1813 ximus
220 1761 256 1810 ad
268 1761 318 1821 111,
331 1758 374 1809 93.
402 1760 471 1811 add.
487 1758 604 1808 Rohleu:
620 1761 660 1809 De
713 1758 821 1808 eosdem
835 1759 928 1821 Sacris,
942 1761 987 1824 qui
999 1758 1117 1822 Scythae
1130 1758 1180 1809 lroe
1193 1759 1252 1809 loco

118 1834 185 1898 orig.
199 1833 264 1910 ling.
278 1829 389 1878 chdic.
404 1845 464 1894 pag.
479 1829 527 1889 56,
545 1844 598 1893 qno
613 1845 660 1879 au·
712 1833 859 1891 vocantur,
879 1828 952 1878 baud
967 1829 1024 1878 scio
1041 1831 1252 1892 supermeant,

119 1910 192 1951 ctore
207 1899 300 1950 Σακαι
322 1899 395 1962 epnd
414 1897 582 1949 Herodotum
598 1899 661 1947 Per·
712 1913 783 1963 quae
801 1898 899 1949 cecinit
918 1897 1060 1948 Choerilus
1084 1898 1110 1947 in
1132 1901 1253 1962 gentium

118 1975 175 2022 sica
187 1972 281 2035 linguei
297 1968 424 2019 dicuntur
438 1970 457 2018 ii
469 1969 659 2034 Scytlrae,qni
712 1974 808 2018 contra
843 1970 961 2020 Graecos
993 1969 1177 2034 prosectarum
1212 1984 1253 2019 re·

118 2044 145 2092 in
160 2041 257 2091 minori
276 2039 412 2089 Bucbaria
430 2044 457 2089 et
475 2038 660 2088 'i'urkestania
711 2053 810 2089 censu:

258 2168 428 2240 Μηίονύμοι
445 2189 474 2223 τε
489 2167 596 2236 Σάκαι,
611 2171 694 2239 γενεῇ
709 2166 837 2222 Σκύθαι·
864 2163 953 2234 adreio
968 2165 1065 2222 ἔναιον

252 2241 346 2325 ᾋσίδα
360 2237 546 2307 πυροφόρον
576 2239 709 2309 νομάὃοιν
722 2259 750 2308 γε
765 2235 816 2307 μέν
828 2230 900 2308 ἦσαν
914 2234 1045 2307 ἄποικοι,

254 2308 420 2379 ανθρώπων
434 2311 577 2379 νομίμων,

118 2473 186 2523 qnae
204 2455 329 2507 servarit
341 2452 440 2503 Strabo
456 2452 518 2502 Vll.
530 2468 556 2516 p.
567 2452 659 2503 tots,
709 2444 812 2513 γμένας
828 2448 870 2498 vel
885 2441 1059 2513 deripuisse,
1081 2449 1169 2499 citans
1182 2451 1252 2500 Pau·

119 2545 140 2578 s.
152 2544 215 2594 pag.
228 2526 294 2578 303:
314 2531 345 2574 ta
356 2523 410 2572 vid.
424 2522 519 2572 Nuelre
529 2521 563 2571 ad
574 2521 660 2571 Cboe·
710 2520 826 2579 senili,
835 2520 876 2569 38.
887 2521 935 2580 §.2
950 2516 1010 2583 (ubi
1024 2524 1066 2568 est
1075 2512 1188 2582 κορυφὴ
1200 2510 1252 2568 οὐκ

119 2600 161 2649 rili
174 2600 298 2664 lragmrn.
314 2611 374 2661 pag.
390 2595 435 2645 121
451 2608 527 2658 seqq.
710 2580 738 2646 ές
749 2581 822 2653 ἀγαν
834 2579 884 2649 ὀξύ
897 2580 1052 2652 ἀνηγμένη)
1067 2590 1251 2639 collDiodor.
1289 2621 1299 2636 ,

710 2662 763 2711 Sic.
776 2662 796 2709 l.
806 2676 831 2722 p.
846 2659 894 2710 148
909 2657 1021 2725 [11‚s-r].
1038 2659 1134 2710 rttben.
1148 2658 1195 2720 xl,
1207 2661 1250 2708 54.

711 2747 736 2794 p.
750 2730 839 2780 ΜΡ.
879 2728 932 2778 Sed
953 2728 1007 2776 vid.
1027 2729 1114 2790 ipsum
1130 2728 1252 2777 Herodo-

711 2807 768 2848 tum
783 2801 820 2859 ΙΙ,
836 2798 870 2848 28
885 2787 984 2860 (οὔρεα
996 2788 1025 2852 ές
1038 2788 1090 2857 ὀξύ
1104 2790 1154 2853 τάς
1169 2812 1252 2860 κορυ-

710 2864 767 2933 φὰς
780 2861 941 2930 ἀπηγμένα)
956 2867 1048 2930 ibique
1065 2873 1132 2916 nott.

745 2947 921 3015 ἀναξυρίδας
936 2946 967 3000 δὲ
979 2942 1178 3070 ἕνδεδύκεσαιη
1197 2952 1252 3001 Me-

711 3025 804 3075 diceus
818 3039 876 3072 cum
887 3022 991 3073 duobus
1002 3020 1064 3072 aliis
1075 3021 1152 3073 codd.
1177 3018 1253 3069 νεδε-

711 3087 844 3143 δύκεααν.
869 3092 910 3142 Ad
920 3108 1014 3141 rocem
1025 3083 1201 3155 ἀναξυρίδας
1213 3091 1251 3142 cl.

711 3170 781 3214 nott.
799 3161 834 3213 ad
844 3163 897 3222 ΙΙΙ,
911 3161 954 3212 87.

756 3245 856 3310 ἀξίνας
877 3239 994 3312 οαγάρις
1017 3237 1107 3310 εἶχον]
1135 3236 1252 3308 σαγάρις

712 3337 759 3385 pro
773 3320 836 3370 olim
849 3318 922 3382 vulg.
936 3309 1251 3380 oupdpercFlorentinus

710 3389 915 3455 suppeditabat.
939 3388 1039 3436 Vocem
1049 3375 1158 3447 ἀξίνας,
1170 3402 1250 3450 quarn

710 3460 851 3511 Mediceus
873 3457 974 3523 aliique
995 3455 1059 3506 libri
1078 3455 1213 3512 retinent,
1236 3471 1251 3504 e

710 3530 814 3581 scholio
825 3530 851 3578 in
864 3535 967 3578 textum
979 3526 1119 3591 irrepsisse
1130 3526 1252 3589 suspica-

710 3606 754 3650 tus
769 3607 829 3650 erat
842 3597 1003 3658 ΙΙΙΙοαιιοΙίοηΔ
1023 3597 1205 3659 continuoque
1220 3594 1253 3642 il-

710 3670 764 3720 lam
777 3671 857 3720 eiecit
869 3667 1044 3718 Schaeferus:
1063 3666 1188 3728 idemque
1203 3678 1251 3712 nu-

712 3755 759 3804 per
776 3739 914 3804 placuisse
932 3737 990 3786 vidi
1006 3734 1114 3784 Nabero
1134 3734 1161 3781 iu
1175 3734 1251 3781 Mue-

712 3825 818 3873 mosyn.
835 3808 888 3858 llI.
907 3821 969 3870 pag.
984 3804 1045 3854 481.
1080 3803 1173 3865 Neque
1187 3816 1251 3850 vero

712 3878 794 3928 uillam
818 3891 930 3926 cerream
950 3890 980 3922 se
1001 3872 1155 3937 perspicere
1173 3884 1252 3934 posse

713 3950 754 3998 ait
780 3944 1065 4004 Schweighaeuserus.
1095 3956 1143 3991 cur
1167 3939 1253 3989 Hero-

714 4019 779 4067 doto
793 4031 847 4064 non
861 4012 969 4078 licuerit
983 4012 1127 4076 peregrino
1139 4008 1252 4069 nomini,

714 4085 795 4150 quale
810 4089 851 4133 est
864 4077 994 4145 σάγαρις,
1007 4080 1107 4130 addere
1118 4079 1252 4129 Graecum

714 4170 827 4214 nomeu,
848 4152 955 4211 utili,
974 4151 1006 4199 12
1024 4145 1126 4204 πίλους
1143 4141 1251 4208 τιάρας.

715 4222 881 4287 intelligitur
896 4226 987 4270 autem
1005 4220 1102 4268 secors
1117 4232 1202 4280 esque
1217 4217 1253 4266 bi-

713 4295 817 4357 penna,
837 4290 944 4357 qualern
959 4290 1110 4339 Amazones
1125 4287 1253 4337 babuisse

716 4365 853 4424 feruntur,
875 4361 1038 4411 observante
1054 4359 1178 4422 Moages.
1195 4354 1212 4405 l.
1233 4354 1252 4408 Ι.

715 4450 778 4497 pag.
796 4432 838 4484 67.
852 4430 895 4485 68.
936 4428 999 4481 Alia
1019 4428 1078 4492 ipse
1098 4426 1160 4478 dedi
1180 4425 1253 4488 adl,

152 2698 307 2768 κυρβασίας
322 2691 349 2756 ές
364 2688 416 2758 ὀξύ
429 2688 603 2760 ἀπηγμένας]
618 2696 659 2744 De

120 2790 185 2822 voce
204 2771 341 2838 cyrbosiue
356 2767 411 2818 vidi
426 2772 495 2815 nott.
510 2765 545 2814 ad
562 2767 601 2824 V,
616 2765 660 2826 ΙΙΙ,

120 2844 165 2892 ubi
178 2859 194 2891 a
207 2844 283 2892 tiara
294 2838 431 2889 diversum
446 2835 509 2900 pilei
523 2850 608 2898 genus
621 2834 661 2882 in-

119 2914 203 2963 dicari
216 2909 379 2960 monuimus.
408 2908 429 2956 Ε
444 2905 529 2955 διοίσει
543 2905 582 2955 ΙΙ.
597 2920 658 2968 pag.

120 2983 183 3045 r¹00,
205 2981 253 3032 nbi
268 2982 359 3029 exstat
375 2971 527 3041 κύρβαοις,
549 2972 574 3022 h.
589 2973 605 3021 l.
620 2972 660 3022 lo-

120 3057 160 3101 ret
182 3048 385 3101 rescribendum
411 3039 579 3108 κυρβάοιας,
605 3043 660 3092 nisi

120 3121 205 3172 alters
227 3120 317 3169 forms
339 3112 479 3180 κυρβασιά
502 3113 660 3164 melioribus

120 3192 188 3256 apud
203 3189 372 3240 Herodotum
392 3185 469 3234 libris
489 3183 660 3232 confirmare·

121 3267 163 3311 tur
180 3268 207 3312 et
219 3258 386 3310 auctoritate
403 3253 595 3317 Aristophanis
609 3252 658 3300 Αν.

120 3331 179 3384 487.
213 3331 274 3380 Has
297 3343 361 3377 vero
390 3324 530 3389 cyrbasias
556 3313 584 3378 ές
608 3310 660 3380 ὀξύ

119 3393 283 3464 ἀπηγμένας
294 3395 418 3460 intelligo
428 3396 453 3443 έα
463 3401 562 3444 acutum
573 3407 594 3445 s,
605 3393 661 3446 urri-

120 3487 170 3520 eem
178 3471 283 3521 eductos
293 3483 324 3517 oe
336 3469 476 3517 desinentes
484 3465 603 3527 itemque
614 3454 660 3520 ὀρ-

121 3533 176 3596 θὰς
190 3546 217 3590 et
230 3534 404 3600 πεπηγυίας,
418 3536 435 3588 ἰ,
452 3550 475 3586 e.
488 3535 575 3588 tlrrrras
589 3531 661 3581 bene.

122 3626 167 3674 que
178 3616 339 3672 compactus,
351 3608 456 3668 βινιὶίυν
470 3611 569 3652 erectus
582 3617 614 3649 uc
627 3602 664 3648 ri-

121 3681 205 3743 gidus,
223 3685 255 3729 ut
267 3675 327 3729 scil.
344 3676 574 3738 distinguerentur
588 3687 604 3719 a
621 3686 662 3719 re-

122 3749 253 3814 liquorum
276 3749 419 3796 Persarum
440 3743 519 3792 tiaris
539 3741 660 3790 incurvis

123 3825 149 3868 et
174 3820 202 3868 in
223 3819 340 3867 frontem
366 3828 450 3878 usqne
471 3810 661 3862 delabentibus

124 3887 168 3951 (de
191 3888 290 3953 quibus
315 3885 350 3934 ad
373 3884 442 3944 VII,
462 3882 493 3932 61
520 3877 660 3942 diximus),

124 3973 181 4007 cnm
194 3973 249 4007 non
267 3956 323 4005 nisi
335 3955 392 4019 regi
407 3953 478 4003 ferre
495 3951 589 4000 liceret
604 3941 662 3996 srd-

125 4042 176 4088 ραν
190 4018 295 4089 ὀρθήν.
332 4025 430 4087 Itaque
443 4037 491 4087 pro
505 4018 579 4081 vulg.
597 4010 662 4066 ἀπι-

124 4091 237 4159 γμένας,
254 4111 334 4160 quam
347 4095 518 4144 retinuerunt
526 4088 663 4150 Schweig-

125 4166 272 4217 haeuserus
284 4170 312 4215 et
323 4161 511 4220 Guisfordius,
526 4177 540 4210 e
553 4158 664 4208 Floren-

125 4236 181 4285 tino
199 4236 339 4300 alteroque
353 4234 422 4283 libro
437 4230 526 4293 recepi
541 4219 663 4289 ἀπηγμέ-

127 4319 190 4363 νας,
208 4304 279 4370 quod
297 4303 366 4354 idem
380 4302 514 4352 dederunt
524 4296 664 4357 Sobaeler‚

126 4373 222 4424 Matth.
238 4379 265 4424 et
276 4390 347 4425 rece.
361 4372 420 4421 edd.
432 4369 519 4420 iudea
530 4365 664 4425 Belclrero,

128 4444 289 4508 reprobante
313 4439 512 4500 Valckenario‚
540 4435 585 4502 qui
615 4449 664 4497 pro

128 4504 291 4578 ἀπηγμένας
302 4511 399 4577 refingi
412 4509 537 4561 voluerat
547 4504 590 4558 vel
599 4500 665 4554 dur·
