3100 5175
281 401 338 469 124
711 395 981 464 HERODOTI

278 599 350 650 σαν.
385 573 632 667 ἐπαγαγόμενος
652 573 688 646 δὲ
702 569 720 643 ό
734 576 943 664 Κλεισθένης
964 570 1023 643 τὸν
1037 569 1263 643 Μελάνιππον
1283 564 1416 659 τέμενός

278 687 313 754 oi
323 679 461 766 ἀπέδεξε
480 684 517 751 έν
537 677 629 774 αὐτῷ
642 683 689 772 τῷ
703 687 917 771 πρυτανηΐῳ,
941 686 1001 748 καί
1011 706 1069 767 μιν
1082 683 1201 765 ἵδρυσε
1217 679 1366 746 ἐνθαῦτα
1379 678 1417 744 ἐν

278 791 326 879 τῷ
340 783 553 878 ἰσχυροτάτῳ.
590 783 773 872 ἐπηγάγετο
796 784 832 853 δὲ
852 782 911 851 τόν
932 781 1157 851 Μελάνιππον
1176 778 1417 867 ὁΚλεισθένης

281 891 351 974 (καὶ
373 889 437 980 γάρ
458 894 556 958 τοῦτο
580 893 633 957 δεῖ
650 884 922 976 ἀπηγήσασθαι),
947 883 991 967 ὦς
1012 894 1167 975 ἔχθιστον
1188 884 1285 955 ἐόντα
1301 881 1415 971 'Admi-

280 1017 364 1085 σιςο,
385 991 420 1074 ὃς
435 993 493 1062 τόν
514 1020 548 1061 τε
564 989 730 1078 ἀδελφεόν
752 997 788 1061 oi
798 995 973 1079 Μηκιστέα
988 987 1168 1060 ἀπεκτόνεε
1190 990 1246 1058 καὶ
1260 985 1318 1057 τόν
1332 1016 1416 1075 γαμ-

280 1096 365 1186 βρὸν
383 1100 503 1166 Τυδέα.
536 1099 609 1165 έπεί
628 1123 662 1163 τε
684 1097 723 1163 δέ
742 1100 777 1164 ol
794 1094 831 1164 τό
845 1097 980 1185 τέμενος
1002 1091 1157 1178 ἀπέδεξε,
1176 1099 1299 1171 θυσίας
1313 1118 1347 1160 τε
1362 1092 1419 1159 καὶ

280 1196 378 1287 ὁρτάς
391 1192 574 1287 Ἀδρήστου
587 1194 790 1286 ἀπελόμενος
804 1204 908 1269 ἔδωκε
922 1203 969 1290 τῷ
982 1205 1206 1289 Μελανίππῳ.
1248 1200 1294 1264 01
1305 1196 1341 1264 δέ
1355 1203 1416 1263 Σι·

280 1301 419 1374 κνάνιοι
433 1301 585 1372 ἐώθεσαν
598 1304 785 1389 μεγαλωστὶ
800 1301 903 1388 κάρτα
917 1306 1016 1390 τιμάν
1029 1300 1088 1369 τὸν
1099 1300 1292 1388 Ἄδρηστον.
1319 1294 1340 1387 η
1354 1295 1418 1386 γάρ

280 1406 370 1495 χάρη
384 1397 427 1494 ἦν
441 1402 525 1493 αὕτη
539 1403 714 1492 Πολύβου·
743 1401 761 1473 ὁ
778 1405 813 1474 δὲ
829 1404 1010 1494 Ἄδρηστος
1025 1396 1067 1492 ἦν
1080 1405 1241 1493 Πολύβου
1254 1414 1417 1490 duratos·

282 1514 372 1591 δέος
400 1506 499 1589 άπαις
521 1508 558 1578 δὲ
572 1506 727 1596 Πόλυβος
746 1513 912 1578 τελευτῶν
934 1514 1025 1579 διδοῖ
1040 1506 1208 1600 Ἀδρήστῳ
1229 1505 1290 1595 την
1303 1503 1418 1594 ἀρχήν.

281 1678 376 1730 crebro
396 1681 582 1743 permutantes
600 1679 629 1730 in
649 1680 758 1730 nornine
776 1694 826 1744 ap·
876 1683 932 1733 bris
946 1682 1058 1747 scriptis
1073 1680 1186 1731 allatum
1202 1679 1327 1731 hocloco
1343 1679 1420 1729 aliis·

281 1749 415 1814 pollutius
434 1756 462 1798 et
480 1740 603 1807 ἀστακός
628 1747 711 1815 (quod
732 1750 826 1799 cancri
876 1768 929 1817 que
942 1751 1014 1803 haud
1026 1752 1135 1817 paneis,
1151 1767 1220 1817 quos
1231 1749 1343 1814 collegit
1352 1751 1417 1799 Bra·

280 1833 367 1884 genus
387 1834 448 1869 esse
468 1819 565 1884 icitur)
585 1825 612 1869 et
630 1812 750 1875 ὀστακός
765 1834 826 1883 pro·
877 1822 939 1873 dcv.
961 1839 987 1887 p.
1006 1822 1070 1887 373,
1092 1822 1192 1886 ubiquo
1208 1813 1278 1869 δέει
1297 1820 1420 1870 seriben-

281 1889 382 1939 miscue
402 1887 514 1940 dixisse.
553 1889 631 1940 Coni.
653 1889 752 1939 Athen.
771 1888 824 1952 111,
876 1893 937 1943 dum
962 1898 1051 1956 ratus,
1082 1891 1110 1940 iu
1131 1906 1184 1956 qno
1206 1888 1418 1942 nnusDietscb.

280 1959 322 2009 to.
342 1973 404 2023 pag.
422 1958 556 2009 losn—
577 1959 618 2009 Ad
635 1963 825 2023 argumentum
877 1978 937 2011 eum
958 1967 1069 2012 secutus
1089 1965 1141 2011 est.
1173 1959 1215 2009 Cf.
1238 1959 1321 2009 ctiam
1346 1959 1419 2009 infra

281 2026 336 2076 loci
352 2029 470 2090 pertinet
483 2029 601 2080 Paussn.
619 2030 672 2090 lx,
697 2028 734 2079 18.
757 2031 782 2091 ξ.
801 2028 823 2086 l,
877 2033 909 2086 V.
919 2033 961 2080 72.
972 2058 1006 2068 -
1021 2020 1052 2087 ὃς
1064 2029 1288 2095 adMelanippum
1300 2033 1419 2094 spectat,

280 2096 329 2146 ubi
345 2095 518 2161 Melanippus
544 2098 660 2149 omnium
680 2098 825 2148 Thebano·
876 2095 908 2150 ol
922 2101 955 2151 ad
971 2101 1128 2152 Adrastum.

281 2180 341 2216 rum
360 2165 459 2216 dicitur
480 2166 663 2227 fortissimus,
690 2183 778 2232 aquo
797 2170 825 2217 et
910 2165 958 2219 acl
972 2160 1057 2231 ὁρτάς
1066 2160 1216 2232 ’λδρηστου
1231 2160 1419 2232 ἀπελόμενος]

281 2235 392 2300 Tydeus
403 2243 428 2286 ot
439 2236 601 2299 Mecistous,
613 2238 729 2301 quicum
739 2236 824 2286 Adra·
875 2241 893 2291 i.
904 2258 927 2292 ε.
939 2243 1067 2303 εαιτνήλειά
1080 2249 1105 2290 et
1116 2241 1234 2290 solemnis
1247 2239 1361 2288 Adrasto
1373 2237 1419 2287 ab

281 2312 323 2355 sto
338 2303 373 2353 ad
384 2304 493 2355 Thebas
505 2305 621 2370 profecti
634 2306 825 2366 erant‚inter-
875 2319 950 2374 repra
976 2310 1124 2371 Melanippo
1150 2309 1245 2359 tribuit.
1282 2309 1325 2358 De
1347 2311 1419 2358 stru-

281 2374 349 2423 fecti
362 2380 437 2423 811111.
469 2376 512 2425 Tu
526 2376 581 2424 vid.
595 2374 752 2440 Apollodor.
770 2375 824 2440 Ill,
876 2385 955 2432 clura
971 2380 1046 2431 verbi
1062 2373 1250 2440 ἀφαιρεῖσθαι
1263 2393 1324 2428 cum
1337 2392 1418 2427 acen.

281 2444 308 2502 11,
321 2442 338 2492 8
353 2442 416 2492 0011·
430 2444 457 2504 Ι,
472 2445 503 2506 8,
518 2446 544 2495 5.
562 2444 652 2496 Schol.
666 2445 699 2494 td
712 2445 822 2494 Homer·
875 2449 966 2500 satiro
975 2451 1028 2505 sci,
1038 2449 1131 2499 addito
1141 2448 1261 2510 genitivo
1273 2462 1418 2511 personae,

281 2511 361 2563 iliad.
385 2513 424 2572 V,
451 2514 499 2564 126
523 2517 606 2579 atquo
627 2515 750 2579 inprimis
773 2514 826 2564 As·
876 2525 940 2585 apte
951 2520 1055 2569 monuit
1065 2517 1255 2569 MatthiaoGr.
1265 2517 1311 2567 Gr.
1321 2516 1416 2580 §.lla

280 2581 365 2646 schyl.
377 2582 405 2633 S.
416 2599 440 2634 c.
452 2583 503 2637 Th.
515 2583 566 2636 403
576 2599 651 2650 seqq.
677 2584 823 2635 Wessolin-
875 2596 932 2640 not.
951 2604 1112 2655 comparans
1129 2604 1237 2653 quoquo
1253 2588 1325 2653 quod
1344 2586 1417 2636 inira

281 2655 342 2716 gius
361 2653 497 2705 citaverat
520 2654 601 2705 Ovid.
624 2655 665 2704 lb.
684 2655 733 2704 517
756 2655 823 2720 ibiq.
875 2662 976 2725 legitur
989 2662 1022 2722 V,
1034 2659 1083 2719 83,
1096 2658 1189 2708 nbici.
1202 2662 1272 2707 nott.
1297 2659 1361 2707 Mox
1375 2674 1406 2707 rc

281 2723 427 2772 Burmann.
449 2730 477 2773 et
496 2724 628 2775 Valckcn.
646 2725 681 2774 ad
700 2724 823 2780 Earinid.
876 2730 947 2780 tinui
966 2719 1109 2785 έαόδεσαν,
1134 2727 1207 2793 quod
1228 2725 1351 2792 picriquc
1370 2727 1417 2776 hg.

280 2791 424 2845 Phoenica.
436 2808 500 2859 pag.
516 2794 566 2845 781
581 2809 655 2858 seqq.
671 2792 718 2859 (ad
731 2793 822 2847 Sebol.

281 2876 322 2912 rs.
339 2860 426 2924 1111111.)

315 2927 431 2994 τέμενός
448 2922 477 2978 οἶ
494 2920 612 2990 ἀπέδεξε
632 2921 663 2981 έν
684 2922 763 2996 αὐτῷ
785 2929 825 2999 τῷ

280 2995 447 3065 πρυτανηΐῳ
460 2999 512 3049 καί
523 3016 572 3062 μιν
585 2998 683 3064 idonea
697 2992 825 3052 ἐνθαῦτα

280 3059 312 3117 έν
323 3066 362 3132 τῷ
374 3064 561 3137 ἰσχυροτάτῳ]
573 3071 591 3123 i.
604 3086 628 3121 ε.
640 3074 716 3122 1οοννι
729 3076 754 3124 εἰ
764 3088 822 3122 con-

279 3139 361 3188 stituit
372 3154 472 3189 εαενεινε
485 3142 510 3188 ia
522 3144 577 3203 ipso
588 3150 713 3203 ρι’μιανεο
724 3143 823 3205 fanum-

280 3224 328 3273 que
346 3214 477 3258 exstructi
496 3213 520 3260 ia
541 3211 594 3259 loco
611 3208 761 3275 (prytansi)
775 3215 823 3274 fir·

279 3278 399 3339 missino,
427 3278 475 3327 ubi
498 3278 558 3329 scit.
584 3283 672 3329 tutum
694 3287 767 3331 esset
788 3281 822 3330 ab

281 3347 355 3396 omni
379 3346 481 3396 iniuria
506 3362 593 3412 neque
618 3348 678 3399 tolli
702 3352 824 3401 overtive

280 3430 407 3480 nmquam
430 3421 530 3478 posset.
570 3417 687 3468 Verbum
712 3412 824 3481 ι’δρόειν

280 3486 390 3548 suopius
403 3485 523 3534 adhiberi
539 3486 572 3536 de
585 3488 693 3552 templis
704 3505 737 3539 ac
751 3490 823 3538 lanis

282 3559 435 3604 monstrant
451 3552 505 3604 loci
520 3570 537 3604 a
552 3555 770 3620 Schweighaeus.
785 3559 823 3608 al-

280 3624 333 3674 lati
343 3625 370 3672 in
380 3623 471 3674 Lexic.
484 3625 584 3674 Herod.
593 3625 644 3690 (11,
654 3629 697 3679 ll.
708 3630 751 3679 42.
764 3629 821 3679 18⁶2.

279 3695 335 3756 VI,
353 3693 434 3759 tua).
467 3694 509 3745 De
522 3711 591 3746 voce
605 3695 719 3761 τέμενος
738 3713 822 3763 supra

279 3764 334 3813 iam
349 3764 514 3815 monuimus:
531 3780 585 3829 quo
595 3767 699 3819 referas
711 3783 822 3819 necesse

281 3839 322 3885 est
334 3848 399 3897 μιν,
415 3835 448 3883 do
460 3834 521 3900 ipso
535 3834 600 3886 lano
613 3853 635 3886 s.
648 3837 773 3889 aedicula
784 3840 823 3888 in·

280 3903 471 3967 telligeudum,
491 3906 616 3969 quamvis
632 3907 660 3956 in
677 3907 768 3958 verbis
782 3905 822 3956 rs'-

280 3971 366 4040 nmo'e
379 3967 410 4023 οἰ
421 3965 540 4035 ἀπέδεξε
552 3975 585 4025 de
604 3976 664 4026 loco
679 3992 774 4038 sacro,
794 3978 823 4026 in

280 4060 333 4111 qao
347 4046 400 4095 iam
414 4045 496 4095 aedes
508 4046 670 4097 exstruenda
683 4051 711 4097 st
722 4046 778 4096 alia
789 4046 823 4097 ad

280 4130 418 4165 sacrorum
434 4131 526 4166 curam
542 4120 569 4165 et
581 4115 635 4166 loci
645 4117 824 4167 sanctitatem

282 4185 449 4249 pertinentia
467 4185 650 4246 instituenda,
671 4187 700 4236 in
714 4188 823 4239 univer-

282 4270 339 4303 sum
348 4256 446 4304 Noster
456 4256 592 4319 cogitasse
600 4255 733 4308 videatur.
742 4258 824 4308 Nam·

283 4338 335 4388 quo
350 4337 404 4372 vox
422 4316 536 4387 τέμενος
553 4341 632 4389 quam
646 4324 702 4377 late
719 4332 824 4391 pateat,

876 2800 941 2849 beat
953 2799 1016 2848 libri
1028 2800 1138 2862 scripti:
1152 2798 1207 2847 vid.
1222 2797 1337 2847 Bredov.
1351 2811 1416 2862 pag.

876 2869 936 2919 302.
967 2869 1108 2919 Sancrolti
1125 2868 1193 2917 liber
1205 2866 1289 2916 habet
1302 2858 1417 2925 ἔθεσαν,

874 2939 974 2989 Aldina
984 2931 1099 2987 έοόδασι.
1115 2936 1193 3002 Apud
1204 2936 1313 2986 Pindar.
1327 2935 1419 2987 terret.

873 3010 908 3059 ad
923 3010 999 3058 Nom.
1012 3008 1064 3070 lx,
1079 3009 1126 3069 27,
1144 3007 1191 3057 nbi
1204 3006 1246 3056 hie
1259 3006 1337 3056 locus
1349 3006 1420 3055 cita·

873 3083 927 3139 tur,
938 3076 1038 3143 tegitur
1049 3069 1200 3126 εἰώθεισαν
1209 3077 1236 3125 in
1247 3077 1288 3125 ed.
1297 3074 1419 3125 Boeckh.

873 3147 1039 3199 Aduerbium
1061 3141 1215 3209 μεγαλωστὶ
1240 3146 1268 3196 in
1290 3137 1419 3209 μεγάλως

873 3220 1007 3268 mutatum
1022 3215 1080 3266 vult
1093 3216 1185 3266 Naber
1202 3216 1231 3265 in
1246 3216 1418 3279 Mnemosyn.

875 3286 927 3336 111.
945 3304 969 3351 p.
982 3286 1029 3335 tut
1042 3325 1048 3347 ,
1061 3302 1121 3336 eum
1135 3285 1234 3334 Noster
1247 3285 1323 3334 dicat
1336 3276 1420 3347 μεγά-

874 3355 928 3407 λως
945 3352 1030 3417 τιμάν
1043 3356 1066 3417 1,
1080 3355 1124 3408 30.
1138 3354 1180 3404 31.
1194 3354 1233 3417 lt,
1246 3354 1417 3405 111.75.160.

873 3426 953 3485 vlit,
968 3426 1016 3477 124
1028 3425 1241 3489 adverbiumque
1252 3417 1342 3485 κάρτα
1355 3440 1418 3474 cum

873 3489 997 3559 μεγάλως
1012 3495 1162 3560 coniungat
1179 3494 1241 3555 111,
1256 3497 1280 3550 1.
1302 3496 1357 3557 IV,
1372 3496 1416 3545 711.

873 3566 923 3624 tiu
948 3565 1012 3614 indo
1026 3581 1135 3630 quoquc
1153 3566 1196 3623 11,
1219 3565 1278 3615 161.
1297 3565 1353 3626 vt,
1372 3566 1417 3623 70,

873 3634 919 3684 ubi
932 3634 1001 3685 idom
1017 3636 1124 3686 obvium
1137 3628 1307 3698 μεγαλωστ1,
1320 3633 1418 3698 reponi

872 3699 1146 3769 νο11μεμά1ως1111ιὶ
1156 3720 1204 3754 cur
1213 3701 1419 3767 tollorempror-

873 3790 919 3826 sus
940 3774 1099 3825 adverbium
1115 3768 1285 3839 μεγαλωστ1,
1305 3788 1366 3823 cum
1388 3774 1418 3822 ri

872 3844 989 3911 quadam
999 3843 1099 3895 dictum
1110 3860 1159 3908 pro
1168 3834 1302 3908 μεγάλως,
1316 3842 1418 3892 idonea

872 3914 945 3964 haud
956 3915 1085 3978 apparuit
1101 3929 1200 3964 causa:
1219 3915 1314 3976 itaque
1327 3912 1418 3964 tribus

872 3982 927 4033 iilis
939 3983 1008 4033 locis
1025 3983 1122 4050 reliqui
1135 3980 1297 4046 μεγαλωστί.

911 4043 1044 4117 Πολύβου
1054 4045 1254 4116 θυγατριδέος]
1269 4051 1287 4102 i.
1300 4067 1324 4101 o.
1338 4067 1352 4100 ε
1366 4052 1417 4100 Po·

872 4122 925 4188 Ιμδί
938 4124 1092 4185 diiunctus,
1108 4120 1274 4172 Toclrtersolm
1287 4135 1309 4170 s.
1323 4120 1417 4184 Enlrel,

873 4191 1419 4258 nou,utLangiusvertit:Ssdroestersolm.

874 4264 942 4312 Nam
962 4261 1065 4315 Talaus
1091 4262 1205 4312 duxerat
1223 4260 1417 4326 Lysimachen,

874 4347 944 4395 qaae
954 4331 1052 4395 Polybi
1065 4331 1121 4382 lilia
1134 4337 1209 4391 erat,
1226 4347 1240 4381 ε
1256 4345 1310 4396 qua
1323 4346 1417 4382 suecc-

283 4407 361 4442 nsmo
382 4391 439 4443 lere
460 4394 557 4447 nescit.
593 4395 625 4443 In
646 4396 824 4462 sequentibus
873 4402 914 4467 pit
927 4400 1083 4463 Adrastum,
1096 4402 1119 4451 si
1130 4400 1241 4452 Pindari
1253 4400 1360 4451 scholia
1372 4414 1416 4450 re·

282 4463 416 4513 intactam
430 4461 531 4527 reliqui
546 4460 593 4512 δεῖ
605 4464 639 4514 ab
651 4466 777 4516 omuibus
794 4466 824 4515 li·
873 4487 1004 4536 quamnr,
1028 4472 1158 4537 aquibus
1174 4470 1292 4522 discedit
1307 4469 1418 4535 Apollo·
