3100 5175
433 407 807 474 unnrsrenona.
829 412 867 474 v.
890 422 935 477 aa.
954 424 999 478 aa.
1222 383 1282 474 rer

143 577 266 667 ἤκουον
279 580 322 649 τά
335 607 371 649 re
385 578 471 650 άλλα
486 584 541 651 καί
557 588 668 672 δίκας,
684 591 915 674 διαβαίνοντες
929 590 962 666 ἐς
981 584 1199 674 Ἐπίδαυρον,
1215 593 1281 658 ἐδί-

145 684 245 752 δοσάν
258 712 296 753 τε
312 686 369 754 ιιαλ
385 685 574 775 ἐλάμβανον
587 685 668 775 παρ’
683 685 836 778 άλλήλων
849 696 884 758 oi
895 695 1090 781 Αἰγινῆται·
1116 689 1153 759 τὸ
1168 693 1205 762 δὲ
1218 689 1284 760 άπδ

101 791 343 868 arriomanitae
357 815 394 857 τε
409 789 588 879 πηξάμενοι
607 794 663 860 καί
677 790 899 883 ἀγνωμοσύνῃ
920 793 1121 884 χρησάμενοι
1140 790 1282 884 inestq-

145 987 258 1051 lnquirit
278 989 309 1037 in
334 988 385 1039 hoc
405 994 512 1055 tempus
532 993 689 1044 accinctius
740 993 1060 1062 EpidauriisDorienses
1070 994 1217 1059 Aeginetae
1230 995 1286 1060 cri-¹

144 1058 368 1108 eonstitnendum
381 1059 412 1111 C.
426 1060 458 1108 Ο.
472 1060 594 1111 Mueller.
608 1063 690 1126 Aegi·
741 1064 828 1113 nudos
843 1080 903 1114 esse
915 1065 1057 1129 ipsamque
1072 1066 1203 1128 Aeginam
1216 1066 1281 1129 Epi·

143 1132 206 1175 uett.
226 1142 291 1192 pag.
306 1127 356 1190 73,
373 1135 401 1179 et
416 1130 463 1180 vix
483 1133 551 1180 certi
567 1131 632 1196 quid
650 1133 688 1179 in·
740 1132 819 1182 dauri
834 1134 967 1183 coloniam
980 1149 1039 1183 esse
1056 1136 1147 1183 tradat
1161 1136 1282 1183 llerodo-

143 1195 225 1246 dicari
241 1214 326 1261 posse
341 1203 418 1247 ratus
432 1200 461 1247 in
473 1199 627 1266 Olympiad.
640 1202 689 1250 LX
740 1207 785 1252 tus
798 1204 880 1266 Vlll,
893 1205 927 1253 ab
944 1203 1003 1268 (ubi
1017 1201 1147 1266 legimus:
1167 1198 1282 1267 Αἰγινῆ-

143 1266 223 1316 terme
237 1270 295 1317 ista
309 1269 408 1318 cadere
424 1270 544 1322 coniicit.
738 1269 788 1320 ταί
798 1267 851 1321 elur
865 1271 987 1334 Ameriae
1006 1268 1064 1322 ἀπὸ
1081 1265 1280 1337 Ἐπιδαύρου),

174 1332 221 1383 asi
233 1333 319 1392 δίκας
329 1364 365 1373 -
374 1330 630 1400 ἐδίδοσαν-παρ’
640 1334 687 1386 uii-
737 1342 932 1391 accedentibus
944 1342 1084 1392 Pausania
1097 1342 1140 1404 ll,
1159 1343 1202 1397 29,
1223 1345 1247 1405 §-
1263 1344 1279 1392 5

142 1397 231 1467 λάλων
255 1399 287 1453 οἶ
305 1401 467 1471 Αίγιιῆται]
494 1409 545 1458 Pro
569 1408 687 1474 simplici

142 1472 186 1521 nul
201 1475 335 1525 Valcken.
355 1478 439 1527 scribi
464 1477 569 1528 mavult
584 1475 632 1527 καί
648 1471 684 1540 δή

142 1540 201 1605 καὶ,
219 1553 250 1594 ut
264 1561 323 1594 anos
335 1545 390 1594 tert
405 1548 554 1610 Herodoti,
575 1564 685 1611 praece·

142 1613 220 1663 deute
233 1615 374 1664 locutione
385 1610 420 1663 τά
431 1628 460 1663 ta
470 1607 547 1667 ἄλλα.
573 1619 634 1680 Qua
646 1623 688 1666 ta·

143 1700 200 1732 men
212 1686 407 1735 emendatione
418 1684 489 1735 haud
501 1702 584 1751 opus:
600 1702 687 1751 neque

143 1768 198 1801 eam
214 1762 379 1819 receperunt
397 1755 459 1805 edd.
476 1762 589 1806 reeentt.
621 1758 687 1806 Seu-

142 1838 185 1872 sus
199 1824 252 1873 loci
268 1831 323 1873 cst:
350 1825 490 1890 Aeginetae
506 1831 544 1876 ias
560 1827 688 1888 Epidauri

142 1895 239 1942 naeinam
252 1895 303 1943 sitii
314 1895 377 1956 ipsis
389 1904 415 1944 et
429 1895 526 1945 dabunt
541 1902 566 1945 et
578 1897 685 1958 aecipie-

142 1965 198 2012 δοιιι
220 1964 282 2013 sine
309 1962 373 2014 lites
397 1978 461 2015 suas
482 1980 571 2014 coram
596 1966 686 2016 iudice

143 2032 291 2096 Epidauria
300 2033 508 2097 disceptabant:
522 2049 575 2099 quo
586 2035 645 2099 ipso
655 2051 684 2085 se

141 2103 301 2167 Epidauriis
324 2102 435 2152 obedire
463 2096 590 2167 (ducerer
611 2095 685 2154 Ἑπι-

140 2169 279 2236 δαορίων)
301 2187 323 2221 s.
341 2188 433 2222 eornm
451 2176 582 2237 potestati
594 2174 686 2223 subdi-

141 2249 181 2290 tos
201 2257 265 2292 esso
283 2241 479 2303 declarabant,
500 2247 602 2307 quippe
619 2244 685 2307 Epi-

141 2312 298 2361 dauriorum
314 2311 511 2375 iurisdictioni,
538 2321 568 2361 nt
586 2313 624 2362 ita
646 2314 685 2362 di·

141 2396 213 2443 οιιαι,
231 2381 396 2435 submissos,
434 2384 490 2432 Nec
513 2382 593 2431 aliter
610 2389 684 2447 post-

141 2452 217 2500 modo
229 2450 438 2501 Atheniensium
448 2453 536 2502 socios
545 2452 608 2502 lites
619 2468 684 2502 snas

140 2519 253 2569 Athenis
273 2520 428 2585 disceptare
451 2537 537 2588 eoque
553 2523 684 2586 navigare

141 2598 251 2641 coactos
267 2591 367 2653 fnisse,
385 2591 590 2643 Atheniensium
603 2593 685 2642 iuris·

141 2660 254 2711 dictioni
271 2662 426 2721 subiectos,
446 2663 551 2712 monuit
570 2662 605 2712 ad
621 2662 647 2711 h.
663 2661 681 2714 l.

140 2730 284 2791 Valcken„
298 2731 332 2780 de
342 2731 402 2795 ipsa
417 2732 532 2781 formula
543 2732 570 2781 in
581 2730 683 2781 talibus

141 2801 255 2850 solemni
266 2796 349 2856 δίκας
359 2797 460 2849 δοῦναι
472 2797 520 2849 καλ
530 2793 683 2868 λαμβάνειν

141 2869 217 2933 plura
230 2868 357 2935 exempla
368 2870 494 2932 afferens,
508 2871 606 2935 quibus
619 2870 682 2921 add.

141 2938 280 2989 Plutarch.
292 2938 389 2990 Pericl.
401 2943 435 2990 25
448 2942 539 3006 ibique
554 2940 697 3002 Sintenis,‘

142 3014 167 3057 et
181 3025 253 3075 qnae
265 3025 316 3058 nos
328 3010 381 3073 ipsi
394 3010 430 3059 ad
441 3010 576 3060 Plutarch.
585 3011 683 3073 Pyrrh.

142 3094 166 3142 p.
183 3080 230 3129 rao
252 3081 423 3141 monuimus,
443 3080 505 3129 coll.
522 3081 615 3129 Lexic.
630 3081 683 3129 Xe-

142 3149 409 3213 nophont.l.p.742.
424 3148 683 3199 Wachsmnth.llel-

142 3217 192 3270 len.
206 3216 403 3268 Alterthumsh.
414 3218 437 3268 Ι.
449 3234 474 3282 p.
485 3218 545 3271 210.
575 3220 622 3270 Gr.
635 3218 683 3267 ad·

142 3287 180 3335 dit
193 3288 374 3337 Matthiaeum
394 3289 428 3337 ad
445 3288 544 3353 Hymn.
560 3290 641 3338 Hom.
655 3302 682 3351 p.

142 3356 201 3407 268.
226 3357 310 3407 Haud
323 3357 404 3407 aliter
418 3351 501 3406 πιστά
516 3355 618 3406 δοῦναι
634 3351 683 3404 καὶ

142 3419 295 3492 λαμβάνειν
306 3427 378 3492 apud
388 3426 561 3493 Xenophont.
574 3428 600 3476 in
611 3427 683 3476 Ana·

142 3494 198 3547 bas.
214 3496 238 3557 1,
253 3498 280 3558 o,
297 3499 323 3555 7,
337 3497 385 3545 nbi
401 3496 454 3546 vid.
471 3501 540 3547 nott.
555 3496 590 3545 ab
602 3497 683 3545 Hert-

141 3563 202 3616 lein.
215 3568 253 3615 At
262 3567 295 3616 de
304 3564 509 3616 Atheniensium
519 3566 601 3616 sociis
612 3565 683 3631 quod

143 3637 244 3698 prolert
255 3634 397 3695 Valcken.,
411 3635 438 3683 id
454 3636 507 3685 huc
519 3635 591 3685 trahi
601 3651 681 3700 posse

144 3712 221 3769 negat
237 3704 360 3756 Mueller.
379 3704 396 3755 Ι.
412 3704 429 3754 l.
448 3721 509 3769 pag.
524 3707 571 3763 45,
592 3705 682 3755 verbis

144 3778 210 3824 enim
228 3776 356 3841 quamvis
377 3772 445 3823 illud
464 3789 626 3836 consonum,
652 3791 682 3825 re

144 3849 232 3894 tamen
245 3847 306 3909 ipsa
320 3844 438 3894 maxime
451 3844 606 3910 discrepare
620 3860 684 3895 con·

146 3914 242 3973 tendit3
268 3931 348 3975 curn,
367 3929 437 3978 qnae
457 3915 602 3978 posteriori
617 3918 684 3963 tem·

145 3999 206 4047 pore
220 3987 248 4034 in
266 3985 403 4035 sociorum
417 3984 497 4033 rebus
509 3984 625 4049 publicis
640 4000 684 4033 co-

144 4051 326 4119 loniarumque
340 4055 367 4101 in
385 4053 547 4104 deductione
560 4054 688 4104 obtinue*

145 4123 208 4187 rint,
229 4124 265 4174 ab
284 4123 331 4173 illo
355 4122 445 4188 prisco
464 4140 534 4175 aevo
553 4124 684 4173 maximo·

146 4206 203 4255 pere
220 4194 276 4243 sint
293 4192 473 4252 removenda,
497 4194 542 4243 ubi
559 4193 684 4244 coloniae

147 4261 267 4314 deductio
278 4278 386 4312 sacrum
396 4263 531 4327 quoddam
541 4263 632 4324 inerit,
644 4264 685 4311 in·

148 4329 227 4396 deque
247 4335 357 4383 unicum
381 4338 409 4382 et
432 4333 589 4396 primarium
611 4331 684 4383 eolo·

149 4401 205 4452 nise
219 4401 360 4454 vinculum
373 4417 435 4452 cum
450 4403 517 4453 urbe
535 4403 627 4467 patria
641 4418 683 4451 sa-

149 4483 245 4523 crorum
268 4472 433 4524 communio.
473 4472 541 4523 Cum
562 4488 627 4522 vero
647 4472 681 4522 ab

738 1418 765 1460 et
777 1411 839 1460 aliis
851 1427 867 1460 a
876 1411 1005 1461 Muellero
1015 1412 1141 1462 excitatis
1153 1412 1279 1476 testibus,

736 1482 808 1530 inter
814 1480 962 1545 Aeginetae
973 1482 1226 1546 atqueEpidaurioa
1238 1488 1279 1529 ta-

737 1550 789 1600 lem
800 1553 940 1601 exstitisse
949 1551 1177 1601 necessitudinem
1188 1566 1279 1601 sacro-

736 1635 849 1684 rumque
862 1626 946 1684 atque
958 1622 1026 1669 iuria
1041 1635 1148 1684 quoque
1160 1635 1279 1669 commu·

736 1690 846 1739 aionem
862 1690 932 1739 idem
946 1691 1045 1739 statuit
1060 1691 1088 1738 C.
1105 1693 1137 1739 0.
1152 1689 1275 1739 Mueller.

737 1758 754 1809 l.
773 1759 791 1808 l.
809 1775 871 1822 pag.
887 1762 930 1811 45.
946 1759 993 1818 to,
1019 1759 1082 1808 iude
1103 1760 1278 1823 repetendum

737 1844 799 1878 esse
815 1838 904 1892 ratus,
924 1828 995 1893 quod
1009 1828 1041 1878 de
1058 1831 1199 1893 Aeginetis
1212 1828 1278 1892 upi-

736 1897 893 1948 dauriorum
910 1897 1096 1947 iurisdietioni
1109 1898 1238 1949 subiectis
1250 1895 1278 1946 h.

736 1966 754 2016 l.
770 1967 907 2031 proditum
926 1968 1095 2029 invenimus,
1116 1983 1177 2016 cnm
1191 1968 1277 2016 lJorrs

736 2039 883 2101 Aeginetae
900 2036 1059 2100 Epidauriis
1080 2037 1198 2086 Doribus
1215 2036 1277 2085 sub-

736 2106 809 2156 ditos
820 2122 880 2156 esse
891 2106 934 2154 vel
943 2106 1047 2155 indoles
1056 2107 1156 2156 Dorum
1168 2108 1277 2155 minime

736 2176 845 2236 siverit3
861 2176 1000 2226 sedunam
1012 2176 1103 2240 potius
1120 2178 1205 2226 fuisse
1216 2176 1278 2225 vult

736 2247 895 2308 civitatem,
912 2261 1068 2306 sacrorum,
1087 2251 1114 2295 et
1128 2261 1198 2310 quae
1214 2245 1278 2294 inc‘e

736 2321 880 2377 emanant,
899 2314 989 2378 legum
1007 2330 1114 2380 quoqne
1132 2322 1159 2365 ct
1178 2316 1275 2365 iurium

734 2389 923 2435 communione
938 2384 1121 2437 coniunctam.

770 2447 801 2502 ιδ
821 2449 852 2502 δὲ
871 2446 928 2502 άπὸ
943 2450 1034 2520 τοῦδε]
1058 2454 1276 2505 tententiae

734 2533 858 2588 tempore,
875 2529 907 2573 ut
921 2524 947 2584 1,
967 2528 991 2574 4.
1009 2525 1065 2575 lan.
1104 2524 1145 2573 Ad
1162 2523 1277 2573 locutio·

734 2611 795 2645 uem
813 2594 878 2651 νέας
899 2594 951 2658 (ita
969 2596 1040 2643 enim
1059 2609 1119 2643 cum
1140 2594 1274 2653 Behkero,

733 2665 891 2725 Dietschio,
922 2663 983 2712 aliis
1003 2663 1101 2727 scripsi
1124 2679 1173 2727 pro
1200 2661 1273 2726 vulg.

735 2731 806 2797 νήας
818 2734 928 2783 iubente
940 2734 1056 2783 Bredor.
1072 2748 1125 2797 pag
1148 2733 1213 2789 etl,
1228 2732 1276 2795 qui

735 2806 839 2853 excitat
861 2817 969 2867 quoque
992 2802 1111 2852 Labsch.
1134 2803 1170 2851 ad
1189 2800 1275 2865 Phry-

734 2873 807 2924 nich.
822 2889 849 2937 p.
866 2872 927 2936 170)
948 2865 1122 2933 πηξάμενοι,
1141 2884 1214 2935 quse
1228 2885 1274 2918 ra-

733 2942 785 2994 let:
810 2942 915 2991 nauibus
935 2943 1082 2989 con-tractis
1104 2956 1125 2989 s.
1146 2946 1275 3001 postquam

723 3028 811 3062 οιαυυο
834 3012 1015 3061 construendus
1041 3010 1090 3059 sihi
1112 3019 1273 3067 rin-nectunt,

733 3083 844 3132 Horner.
862 3081 905 3130 lli.
918 3080 956 3139 ll,
971 3080 1021 3128 644
1034 3077 1096 3128 coll.
1110 3078 1159 3126 (td.
1177 3079 1209 3136 V,
1227 3077 1274 3128 163

734 3150 852 3202 conferri
866 3152 967 3215 potest.
994 3148 1062 3197 lude
1074 3148 1143 3202 ναῦς
1156 3137 1275 3210 ἐπήξαν-

733 3235 765 3268 το
781 3220 853 3269 dixit
869 3233 978 3283 qucque
988 3219 1105 3266 Pausan.
1120 3216 1158 3265 1v
1167 3254 1173 3275 ,
1187 3218 1230 3277 35,
1247 3216 1273 3266 δ.

732 3289 812 3353 Apud
825 3288 925 3339 Herod.
937 3288 984 3348 Vl,
999 3289 1027 3337 12
1039 3287 1132 3338 eodem
1142 3285 1221 3335 modo
1234 3285 1275 3334 di-

733 3361 804 3409 citur
815 3351 920 3421 tanede
935 3350 1101 3421 πηξάμενοι.
1127 3355 1168 3404 Ad
1180 3370 1273 3405 vocem

732 3419 921 3493 άγνοιμοοάνη
937 3427 1009 3477 conl.
1023 3432 1092 3478 nott.
1106 3425 1142 3474 ad
1155 3426 1198 3487 ΙΙ,
1214 3426 1272 3475 Ιλῖ.

734 3500 820 3560 Bene,
835 3500 944 3560 opinor,
959 3496 1232 3561 Schweighaeuserus
1246 3497 1272 3543 in

733 3569 827 3618 Lexie.
845 3568 976 3618 Herodot.
993 3568 1203 3631 interpretatur:
1229 3582 1273 3615 ar·

731 3637 915 3703 repertitium,
936 3640 1022 3686 nirinrn
1035 3636 1131 3699 fidncia
1147 3637 1272 3695 ferocien-

732 3717 779 3761 tes.
813 3708 902 3757 Minus
923 3707 1013 3771 placet
1029 3705 1126 3755 Vallae
1141 3706 1273 3768 interpre-

733 3780 818 3827 tatio:
836 3780 903 3827 nnllo
920 3778 1022 3826 consilio
1038 3779 1093 3833 uai‚·
1111 3774 1272 3836 Wesseliug.

732 3846 860 3897 dederat:
877 3847 912 3894 nd
923 3849 1099 3896 contumaciam
1109 3846 1184 3894 versi.
1195 3870 1228 3878 -
1242 3844 1273 3892 ln

732 3933 808 3982 seqq.
827 3909 963 3980 διάφοροι
985 3922 1049 3965 aunt
1069 3915 1160 3964 inliniri
1175 3914 1272 3962 discor·-

732 3989 843 4051 deaque,
854 3991 885 4034 ut
902 3985 1022 4050 explicat
1035 3984 1213 4045 wesseling,
1235 3983 1273 4029 ci-

734 4061 796 4105 tans
809 4056 846 4113 V,
860 4056 902 4102 75.
916 4057 968 4115 Vl,
981 4054 1014 4104 ’λδ
1031 4051 1086 4117 [52]
1105 4056 1131 4100 et
1144 4050 1271 4100 Abresch.

732 4124 870 4173 Dilucidd.
885 4122 1025 4185 Thucydd.
1042 4137 1103 4186 pag.
1119 4120 1179 4171 567.
1203 4118 1273 4168 Add.

734 4194 866 4242 Herodot.
878 4192 914 4254 ΙΙ,
925 4192 967 4241 30.
979 4192 1025 4247 IV,
1033 4193 1075 4239 65.
1092 4191 1210 4239 Pausan.
1220 4188 1273 4249 ΙΙΙ,

733 4263 758 4315 δ.
780 4266 804 4325 ξ.
824 4264 841 4311 4
860 4262 952 4326 ibique
970 4261 1068 4310 Siebel.
1084 4287 1116 4296 -
1138 4260 1189 4308 Pro
1209 4248 1272 4320 hin-

731 4326 829 4379 tr‘ovro
841 4330 1088 4393 Schweighaeuser.
1099 4336 1126 4381 et
1136 4327 1274 4379 Gaistord.

733 4402 867 4452 dederunt
893 4396 1044 4464 δρλέονιο,
1068 4400 1200 4450 firmatum
1219 4401 1273 4448 En-

731 4471 817 4522 stath.
833 4473 869 4522 ad
887 4471 967 4523 Iliad.
987 4486 1050 4536 pag.
1067 4472 1115 4535 70,
1128 4472 1176 4530 203
1196 4471 1273 4534 eqni·
