3100 5175
265 411 326 476 298

698 410 966 492 unuoneur

264 591 320 660 καὶ
340 591 377 659 ἐν
401 603 487 658 τοῖσι
514 582 619 675 ἀγῶσι
639 592 720 656 πᾶσι
744 591 925 676 προεδρίας
947 565 1150 676 ἐξαιρέτους·
1188 585 1244 655 καὶ
1265 586 1397 674 προξεί·

263 722 344 775 νους
362 691 606 764 ἀποδεικνύναι
620 691 766 761 τούτοισι
782 703 1003 780 προσκεῖσθαι
1021 689 1098 773 τοὺς
1117 686 1160 761 ἂν
1173 692 1316 760 ἐθέλωσι
1329 694 1398 759 τῶν

262 878 328 913 vero
347 860 435 927 qualis
453 864 608 926 quantaque
629 858 713 909 inerit
735 875 809 909 men·

264 947 343 994 sura,
355 934 401 982 vix
412 931 527 982 dixeris:
546 932 691 980 Laconicae
701 944 807 979 mensu·

262 1017 309 1052 rae
322 1017 407 1066 genus
426 1001 541 1064 intelligi
558 1000 662 1049 iudicat
684 998 806 1048 additum

262 1063 447 1135 Λακωνικὴν,
464 1086 518 1134 qua
530 1085 597 1118 voce
608 1068 704 1118 addita
716 1068 807 1119 exclu-

262 1142 335 1192 ditur
349 1142 441 1191 Attica
450 1155 586 1201 mensura,
601 1137 696 1187 melius
709 1139 804 1203 utique

262 1211 342 1262 uobis
360 1213 478 1274 cognita.
519 1210 629 1259 Atticae
651 1223 804 1272 mensurae,

262 1296 332 1346 quae
360 1277 499 1343 μετρηποῦ
530 1279 638 1327 neruine
666 1277 804 1327 iudicatur

262 1353 433 1414 maximaque
446 1354 488 1398 cst
502 1349 658 1408 fluidorum,
676 1352 803 1412 quartam

262 1425 366 1484 partem
381 1421 404 1469 si
418 1417 601 1478 intellexeris,
615 1415 727 1466 nimium
741 1433 805 1482 pro-

262 1490 334 1541 iecto
347 1488 410 1539 inde
423 1488 528 1553 prodit:
546 1502 609 1536 narn
621 1486 757 1537 exsistunt
767 1490 803 1537 ei-

259 1563 324 1624 pinti
332 1558 375 1609 vel
389 1561 475 1623 vicineti
487 1564 607 1622 quattuor
619 1556 803 1622 „Seltoppen“,

261 1637 292 1679 ut
304 1645 353 1679 uos
365 1628 440 1693 loqui
453 1627 585 1678 solemus:
601 1628 642 1677 sin
652 1642 717 1678 vero
730 1628 804 1693 cegi-

152 1719 164 1734 ·
261 1705 304 1749 tes
314 1700 347 1749 de
363 1714 396 1749 ea
411 1698 554 1747 fluidorum
566 1711 706 1758 mensura,
722 1713 803 1762 quam

260 1768 342 1833 vulgo
358 1773 459 1818 vocant
479 1762 626 1830 τέταρτον,
646 1771 803 1830 qrrurtorn'nrn

261 1855 283 1888 s.
296 1843 421 1903 quartam
436 1841 539 1901 partem
556 1834 607 1885 τοῦ
624 1833 722 1896 §iocos
743 1838 802 1888 sive

259 1911 371 1958 sextarii
381 1913 408 1957 et
422 1906 561 1956 dimidium
580 1902 630 1969 τῆς
643 1903 763 1969 κοπιίίης
779 1922 802 1956 ιι.

259 1979 383 2036 laniatae,
397 1992 466 2041 quae
482 1978 542 2041 ipsa
554 1982 582 2026 et
597 1976 738 2026 dimidium
750 1973 802 2025 τοῦ

260 2043 373 2108 Eiones,
391 2062 484 2110 parum
495 2047 588 2111 utique
601 2047 663 2096 inde
674 2046 801 2108 efficitur,

260 2116 478 2182 quandoquidem
497 2132 559 2164 uirus
576 2115 633 2166 iere
655 2111 754 2178 ξέστης
776 2131 800 2165 s.

258 2188 391 2236 sextarius
409 2186 449 2234 sic
468 2185 537 2235 estis
557 2191 659 2250 aequat
679 2190 800 2234 nostram

259 2270 430 2316 mensuram,
449 2269 518 2318 quae
535 2259 648 2304 vocatur
659 2255 801 2316 Seioppen.

258 2326 319 2375 Vid.
332 2325 433 2374 Wnrm.
450 2325 492 2372 lte
507 2322 606 2386 pondd.
626 2328 691 2373 ratt.
707 2339 733 2388 p.
750 2323 800 2373 128

259 2410 334 2458 seqq.
345 2392 405 2442 coll.
419 2393 476 2441 141.
492 2393 549 2452 123,
563 2393 687 2442 Boeekh:
701 2393 801 2443 Metro·

258 2461 310 2524 leg.
320 2460 480 2511 {intersuch¹
493 2476 519 2523 p.
535 2461 565 2509 le
575 2477 651 2526 seqq.
662 2463 708 2512 28¹
723 2478 797 2528 seqq.

259 2534 413 2592 illcdirnnus,
441 2531 549 2579 Atticus
574 2531 599 2580 ei
617 2530 800 2595 intelligatur,

258 2599 480 2653 eodemWnr-mio
491 2606 603 2651 auctore
614 2616 675 2665 pag.
686 2600 730 2651 131
743 2618 799 2668 seq.

259 2673 306 2723 ltl
318 2709 324 2734 ,
339 2687 386 2721 ser
397 2670 532 2721 continuit
543 2671 649 2722 medios
660 2672 799 2721 Romanos

258 2747 286 2791 et
299 2741 428 2791 convenit
441 2756 501 2790 cum
520 2746 619 2791 octava
635 2747 713 2806 parte
727 2757 802 2792 men-

256 2826 336 2861 surae
347 2811 627 2875 lt'uertembergiene
642 2812 687 2861 cui
700 2828 799 2862 nomen

255 2881 378 2946 Seleffei,
401 2880 454 2931 duo
472 2881 551 2930 Simri
568 2888 595 2931 ct
614 2882 684 2947 qued
704 2898 799 2933 excur-

256 2953 300 3011 rit,
312 2950 531 3015 complectentis.
549 2951 591 3001 De
601 2952 715 3001 choenice
727 2952 797 3001 idern

256 3022 359 3072 Wurm.
377 3020 395 3068 l.
414 3020 431 3069 l.
450 3037 512 3085 pag.
527 3022 585 3072 1:32.
623 3022 711 3087 Vulgo
732 3037 798 3087 qua-

255 3091 383 3155 draginta
396 3095 457 3139 octo
477 3091 622 3140 choenices
642 3107 724 3142 unum
742 3107 797 3143 me-

256 3160 375 3210 dimnum
389 3161 558 3210 constituero
573 3161 708 3211 dicuutur.

302 3226 455 3291 προεδρίας
480 3220 655 3294 ἐξαιρέτους]
686 3230 798 3280 Praeci-

213 3320 221 3332 ·
254 3313 336 3362 puam
351 3304 433 3361 atque
451 3314 468 3348 a
481 3299 592 3362 reliquis
608 3304 742 3349 secretam
755 3315 798 3349 re·

254 3384 301 3431 ges
316 3368 344 3417 in
360 3367 429 3416 ludis
446 3367 622 3431 accipiebant
643 3368 733 3419 sedem
748 3368 796 3418 ho·

254 3439 329 3486 neris
341 3450 433 3486 eausa.
458 3438 518 3498 Quo
528 3437 621 3486 eedem
631 3443 713 3501 paeto
724 3439 752 3487 in
764 3437 798 3486 li-

253 3507 325 3556 beris
344 3506 510 3555 (truncorum
536 3506 695 3558 civilatibus
721 3507 795 3558 haud

254 3592 315 3625 rare
326 3567 379 3638 τὴν
391 3571 547 3637 προεδρίαν
562 3591 720 3627 concessam
734 3594 795 3628 essa

252 3645 367 3709 legimus
391 3650 441 3694 aut
466 3645 606 3695 ordinibus
631 3646 793 3709 quibusdam

253 3715 476 3781 eminentioribus
488 3721 536 3764 aut
549 3716 664 3778 singulis
681 3716 747 3766 viris
760 3717 794 3767 de

252 3785 393 3850 republica
407 3785 474 3834 benc
488 3786 592 3834 meritis
604 3790 632 3835 et
642 3785 695 3836 hoc
710 3786 794 3836 hone-

252 3856 288 3905 ris
302 3853 384 3905 titulo
401 3855 513 3903 ornatis.
541 3854 619 3905 Cous.
637 3856 665 3915 l,
679 3857 713 3906 54
727 3856 792 3921 ibiq.

251 3930 321 3975 nott.
336 3924 527 3975 Addeitatea
538 3925 568 3974 C.
577 3926 607 3974 F.
620 3926 792 3976 Hermanno:

251 3995 348 4046 Lehrb.
361 3995 387 4047 d.
401 3995 569 4046 Griecbisch.
584 3995 790 4047 Stnatsalterth.

252 4070 274 4127 5.
299 4067 355 4117 lle.
375 4070 431 4114 net.
452 4066 477 4119 6.
513 4066 546 4115 In
565 4066 791 4131 inscriptionibus

252 4136 364 4186 Graecis
386 4135 608 4200 frequentissima
634 4138 736 4187 mentio
760 4138 792 4186 tit

251 4202 329 4254 hrrius
342 4201 511 4267 προεδρίας,
532 4221 674 4270 quaecum
690 4202 791 4265 προξε-

250 4272 298 4339 νίᾳ
323 4275 434 4337 saepius
454 4276 601 4325 coniuncta
623 4292 729 4341 quoqne
750 4292 791 4325 rc-

251 4342 354 4405 peritnr
374 4347 401 4391 et
421 4343 456 4393 ad
476 4360 569 4395 omnes
586 4345 665 4395 ludes
681 4346 789 4410 publice

249 4412 392 4460 institutos
408 4414 573 4476 pertinebat,
593 4416 620 4464 in
634 4416 731 4479 quibus
743 4431 790 4464 no-

248 4479 329 4531 bilior
352 4482 496 4544 spectsndi
520 4483 596 4533 locus
621 4485 789 4536 conceditur.

858 858 938 911 Coei.
949 859 1035 909 Meier
1044 878 1049 909 ι
1059 860 1101 909 De
1113 858 1244 923 proxenia
1255 874 1282 922 p.
1294 858 1335 921 17,
1345 857 1396 906 Pc-

857 934 948 979 tersen
963 927 999 979 ad
1017 928 1134 980 Phaedri
1146 929 1255 992 Epicur.
1272 926 1395 992 srsgmm.

857 999 992 1064 (llambur
1012 1037 1018 1049 .
1035 997 1112 1061 1833)
1125 1013 1189 1082 pag.
1202 999 1246 1048 32.
1378 1057 1385 1074 ι

879 1063 927 1117 καὶ
938 1014 1107 1130 προξείνους
1115 1058 1324 1117 αποδεικνύναι
1334 1081 1397 1116 ιον·

854 1151 927 1187 rotor
951 1137 1153 1202 προσκεῖσθαι]
1172 1137 1313 1187 Μεδίοεαε
1335 1152 1396 1187 cum

854 1207 917 1258 aliis
931 1207 1113 1270 προκεῖσθαι.
1144 1207 1197 1257 Sed
1213 1207 1283 1257 satie
1301 1205 1397 1271 vulga-

854 1284 909 1327 tam
923 1282 1033 1329 tuentur
1046 1278 1074 1327 hi
1089 1276 1142 1327 loci
1155 1277 1190 1326 ab
1206 1275 1266 1327 cdd.
1279 1274 1360 1325 allati
1373 1277 1397 1338 1,

856 1348 914 1398 118.
936 1347 992 1399 119.
1013 1348 1055 1410 ll,
1075 1347 1202 1407 83.v11,
1223 1345 1256 1396 35
1275 1346 1396 1410 itemque

853 1417 1004 1468 Florentini
1015 1417 1079 1468 libri
1088 1416 1252 1467 auctoritas.
1270 1417 1396 1480 Namque

853 1486 1005 1537 infinitivus
1026 1479 1234 1535 ἀποδεικνύναι
1255 1484 1357 1551 pendet
1378 1502 1395 1535 a

853 1558 944 1608 verbis
963 1551 1087 1606 τούτοισι
1107 1555 1239 1621 (regibus)
1263 1555 1395 1616 προσκεῖ-

854 1626 937 1687 otior,
956 1629 1025 1678 adeo
1040 1634 1070 1677 ut
1085 1627 1127 1677 his
1141 1626 1251 1690 regibus
1264 1625 1394 1675 tributum

853 1698 1046 1747 mandatumve
1062 1698 1099 1745 ait
1112 1695 1156 1746 rel
1169 1697 1205 1745 ad
1217 1698 1330 1760 ipsorum
1342 1712 1394 1745 rau-

852 1784 917 1816 nero
930 1768 1097 1829 pertinuerit,
1121 1768 1249 1815 nennium-e
1261 1780 1395 1827 promenus

852 1837 977 1887 crinibus
998 1851 1155 1901 precemque
1166 1838 1298 1885 oolrcerint.
1323 1834 1394 1884 Atti·

852 1908 894 1968 git
904 1921 1010 1971 queque
1019 1905 1177 1956 Herodotea
1186 1904 1347 1956 Eustethius
1359 1904 1394 1954 sd

852 1974 897 2026 Ili.
911 1992 937 2040 p.
953 1976 1022 2038 405,
1035 1974 1067 2025 21
1085 1989 1108 2025 s.
1126 1975 1257 2038 307,18‚
1278 1975 1325 2025 ubi
1344 1990 1393 2038 pre

851 2044 1041 2106 προσκεῖσθαι
1055 2044 1122 2095 dicit
1131 2037 1214 2108 γέρας
1223 2036 1307 2094 εἶναι.
1321 2043 1393 2094 Ilinc

850 2114 1003 2165 Larcherus
1010 2113 1114 2165 Gallice
1124 2115 1164 2166 sic
1172 2113 1304 2163 reddidit:
1312 2113 1394 2177 „c’eei

850 2200 898 2234 nne
912 2186 944 2234 rie
957 2186 1026 2234 leura
1034 2183 1235 2248 prireputioee.“
1264 2182 1345 2244 Quod
1357 2183 1393 2233 ad

850 2252 1020 2315 προξείνους
1033 2257 1148 2315 attinet,
1162 2254 1233 2303 satis
1243 2258 1322 2317 petet
1334 2252 1362 2305 lr.
1373 2252 1391 2303 l.

850 2338 905 2373 nen
916 2338 962 2373 eos
976 2324 1046 2384 dici,
1072 2324 1246 2388 „quicunque
1264 2323 1291 2371 in
1308 2339 1340 2372 ee
1355 2323 1394 2372 ei·

850 2394 972 2456 ,‚vitate‚
992 2395 1072 2443 cuius
1092 2394 1166 2444 cives
1184 2398 1293 2452 essent,
1312 2406 1392 2441 eura-

850 2465 926 2525 „rint
938 2479 981 2513 res
991 2464 1049 2512 eius
1061 2462 1200 2525 civitatis,
1212 2463 1290 2512 cuius
1300 2465 1392 2511 essent

849 2534 997 2596 „proxeni,
1013 2533 1040 2582 in
1055 2537 1152 2582 nerrtra
1164 2547 1228 2582 vero
1246 2534 1392 2595 magistra·

850 2607 947 2664 „tuum
974 2608 1112 2667 potestate
1133 2602 1259 2652 fuerint“
1284 2601 1391 2665 (Meieri

849 2677 914 2721 sunt
931 2672 1014 2723 verbs
1034 2673 1061 2721 in
1076 2673 1257 2723 Commentet.
1280 2671 1314 2720 de
1327 2686 1391 2736 pro-

849 2742 931 2791 xenia
952 2758 1017 2806 pag.
1039 2742 1316 2802 tractaremus,
1339 2740 1390 2791 hoc

849 2827 1031 2876 proxenorum
1052 2828 1139 2876 genus
1165 2812 1245 2876 longe
1264 2810 1390 2875 frequen-

849 2881 903 2931 tius
923 2882 1102 2946 omnibusque
1117 2883 1228 2933 Graecis
1248 2895 1390 2931 commune

848 2950 962 3014 fuisse),
984 2952 1032 3001 sed
1050 2953 1098 3016 qui
1117 2968 1134 3001 a
1152 2967 1202 3002 sun
1219 2950 1305 3014 ipsius
1321 2950 1389 2999 civi-

847 3022 1135 3082 tatecenstituti,sire
1144 3021 1320 3085 magistratus
1329 3021 1389 3070 sive

848 3093 950 3155 privati
969 3090 1107 3152 homines,
1131 3092 1156 3141 si
1178 3092 1225 3155 qui
1251 3090 1389 3154 peregrini

847 3160 883 3210 ad
900 3161 1019 3225 ipserum
1034 3162 1177 3211 civitatem
1195 3160 1387 3217 devertissent,

845 3230 998 3294 reciperent
1009 3232 1186 3294 omnibusque
1201 3229 1281 3279 rebus
1295 3245 1388 3279 neces·

846 3300 929 3350 seriis
950 3301 1125 3350 instruerent.
1158 3300 1285 3365 Spartam
1304 3299 1388 3363 igitur

846 3370 891 3433 qui
907 3369 942 3418 ab
958 3369 1021 3419 aliis
1040 3370 1201 3420 civitatibus
1220 3369 1295 3417 missi
1309 3371 1387 3418 erant

845 3437 928 3503 legati
950 3438 986 3488 ed
1006 3455 1050 3489 res
1074 3439 1196 3503 publicas
1216 3438 1386 3499 tractandas,

844 3508 893 3560 hes
908 3509 1028 3574 recipere
1040 3508 1176 3559 debebant
1188 3500 1337 3572 πρόξενοι,
1351 3508 1385 3557 ab

845 3578 912 3643 ipsis
936 3578 1047 3642 regibus
1071 3579 1216 3629 constituti
1245 3583 1385 3628 eteorum

844 3648 924 3712 quasi
946 3648 1006 3698 loeo
1028 3649 1079 3699 hoc
1098 3664 1207 3700 munere
1229 3646 1385 3712 iungentes,

845 3718 869 3768 si
898 3719 1006 3782 quidem
1031 3718 1066 3767 ad
1089 3720 1284 3783 Spartanorum
1305 3732 1384 3781 reges

843 3789 1018 3852 pertinebant
1030 3803 1122 3839 omnes
1138 3804 1180 3838 res
1193 3804 1253 3838 cum
1270 3786 1331 3836 aliis
1346 3787 1384 3836 ci·

842 3859 975 3907 vitatibus
1001 3858 1178 3919 tractandae,
1203 3857 1287 3922 legati
1312 3857 1384 3907 cxci·

842 3928 934 3992 piendi
948 3943 1094 3992 eorumque
1112 3927 1242 3978 mandate
1256 3925 1290 3976 ad
1306 3940 1384 3977 aena-

842 4005 898 4047 tum
911 3996 1072 4061 populumne
1082 3996 1241 4048 deferenda:
1255 4001 1384 4061 recteque

840 4068 903 4117 inde
921 4067 951 4116 C.
971 4067 1003 4116 0,
1021 4067 1149 4118 Mueller:
1174 4069 1239 4117 Dor.
1260 4066 1298 4115 11.
1316 4081 1380 4131 pag.

844 4137 901 4190 103.
924 4138 972 4186 104
998 4136 1082 4187 hocce
1105 4139 1147 4187 ius
1166 4152 1259 4201 regum
1282 4137 1382 4201 repeti·
1463 4160 1472 4181 ι

842 4211 898 4255 tum
916 4206 990 4267 vult,
1008 4207 1079 4270 quod
1094 4208 1203 4255 omnino
1217 4221 1311 4269 regum
1327 4205 1382 4255 suit

840 4291 945 4326 summa
954 4280 1077 4340 potestas
1089 4277 1159 4325 iniis
1170 4276 1381 4340 omnibus,quae

841 4345 875 4395 ad
895 4360 939 4395 res
955 4350 1080 4394 externas
1097 4346 1259 4410 spectabant
1274 4347 1332 4396 sive
1346 4344 1381 4394 ad

839 4416 975 4477 rationes,
993 4431 1064 4479 quae
1078 4416 1222 4478 Spartanis
1242 4431 1302 4465 curn
1315 4414 1380 4464 aliia

839 4485 971 4536 Graeciae
989 4484 1151 4538 civitatibus
1165 4485 1378 4536 intercedebant.
