3100 5175
246 326 308 388 ιω
678 323 947 407 ιιιιιιοοοίι

245 499 338 595 αὐτῷ
356 497 556 581 ἀποστάσιος
570 501 657 588 πέρι.
691 497 709 570 6
724 499 760 570 δέ
770 496 955 588 Ἕρμιππος
969 497 1052 585 πρὸς
1067 494 1146 579 τούς
1158 496 1221 586 μέν
1233 492 1382 590 ἀπεπέμ-

246 617 338 696 φθη,
359 601 400 675 οὐ
415 609 520 689 διδοῖ,
545 605 660 692 φέρων
675 604 712 674 δέ
732 608 912 693 ἐνεχείρισε
926 601 967 672 τά
979 609 1095 692 βιβλία
1111 599 1336 690 Ἀρταφέρνεϊ.
1366 597 1386 670 6

247 709 284 780 δὲ
304 706 427 798 μαθων
446 706 536 778 άπαν
558 706 595 777 τὸ
613 708 793 799 γινόμενον
814 709 948 778 ἐκέλευε
968 705 1028 776 τὸν
1042 703 1233 794 Ἕρμιππον
1258 703 1299 773 τά
1321 704 1385 793 μέν

246 811 336 903 παρά
363 818 424 882 τοῦ
444 809 601 882 Ἱστιαίου
622 818 742 883 δοῦναι
763 813 910 900 φέροντα
937 819 1027 880 τοῖσί
1046 837 1109 898 περ
1133 816 1251 897 ἐφερε,
1282 806 1323 877 τά
1347 807 1385 877 δὲ

247 915 406 1006 ἀμοιβαῖα
420 915 464 986 τά
474 915 564 1005 παρά
574 923 643 986 των
658 918 820 1005 Περσέων
832 913 1104 1005 ἀντιπεμπόμενα
1114 908 1255 1006 Ἱστιαίῳ
1271 913 1386 1004 ἑωυτῷ

248 1025 377 1091 δοῦναι.
414 1019 544 1090 τούτων
570 1019 824 1111 δὲ’γενομένων
850 1023 1010 1107 φανερῶν
1034 1015 1208 1087 ἀπέκτεινε
1234 1020 1386 1085 ἐνθαῦτα

249 1122 395 1205 πολλοὺς
408 1119 599 1213 Περσέωνὸ
616 1122 852 1249 Ἀρταφέρνης.
885 1123 962 1209 περὶ
976 1121 1105 1210 Σάρδις
1118 1121 1180 1211 μὲν
1202 1117 1244 1209 δὴ
1259 1122 1387 1207 ἐγίνετο

222 1229 384 1326 5ταραχή.
420 1224 572 1297 Ἱστιαῖον
598 1228 635 1297 δέ
662 1227 785 1316 ταύτης
813 1224 1050 1313 ἀποσφαλέντα
1075 1232 1134 1313 τῆς
1157 1226 1291 1302 ἐλπίδος
1310 1231 1388 1292 Χίοι

249 1336 396 1421 κατῆγον
416 1334 449 1410 ἐς
464 1339 635 1419 Μίλητον,
657 1329 763 1401 αὐτοῦ
781 1326 936 1399 Ἱστιαίου
951 1331 1141 1418 δεηθέντος.
1177 1331 1211 1396 οί
1222 1327 1259 1397 δέ
1272 1323 1387 1414 Μιλή-

249 1457 333 1520 σιοι,
354 1432 492 1523 άσμενοι
507 1431 779 1522 ἀπαλλαχθέντες
792 1429 869 1503 καλ’
865 1433 1119 1521 Αρισταγόρεω,
1134 1427 1290 1519 οὐδαμῶς
1304 1429 1387 1516 πρό-

248 1549 354 1626 θυμοι
379 1530 467 1626 ἦσαν
487 1535 591 1607 ἀλλον
610 1535 780 1626 τύραννον
803 1540 962 1607 δέκεσθαι
989 1541 1022 1618 ἐς
1040 1535 1103 1624 τὴν
1122 1533 1252 1623 χώρην,
1277 1528 1332 1603 οἷά
1352 1560 1389 1601 τε

249 1645 447 1730 ἐλευθερίης
467 1640 677 1729 γευσάμενοι.
706 1644 761 1712 καὶ
785 1639 842 1730 δὴ,
863 1638 984 1720 νυκτός
1003 1639 1069 1729 γάρ
1083 1637 1201 1726 ἐούσης
1213 1643 1272 1726 βίη
1296 1640 1388 1707 ἐπει-

249 1751 330 1832 ρᾶτο
344 1742 469 1813 κατιών
485 1740 660 1824 ὁἹστιαίος
674 1749 706 1825 ἐς
720 1743 783 1835 τὴν
794 1750 965 1832 Μίλητον,
979 1742 1195 1829 τιτρώσκεται
1208 1738 1267 1809 τὸν
1280 1737 1391 1829 μηρὸν

247 1844 315 1917 ὑπό
334 1875 394 1917 τευ
418 1852 487 1916 τῶν
505 1855 696 1935 Μιλησίων.
737 1846 772 1916 ‘0
792 1849 855 1937 μὲν
879 1845 921 1934 δὴ
942 1844 985 1927 ὡς
1011 1843 1163 1924 ἀπωστδς
1182 1849 1239 1931 τῆς
1260 1845 1389 1921 ἑωυτοῦ

249 1958 396 2040 γίνεται,
417 1948 609 2021 ἀπικνέεται
629 1948 736 2020 ὀπίσω
751 1954 784 2031 ἐς
805 1952 867 2040 τὴν
881 1957 980 2020 Χίον·
1014 1954 1178 2020 ἐνθεῦτεν
1193 1948 1247 2031 δέ,
1268 1944 1310 2015 οὐ
1324 1944 1389 2035 γάρ

250 2062 367 2124 ἔπειθε
381 2053 459 2133 τούς
472 2061 576 2134 Χίους
597 2052 681 2123 ὥστε
696 2056 811 2144 ἑωυτῷ
825 2059 944 2124 δοῦναι
958 2056 1052 2137 νέας,
1073 2055 1169 2141 διέβη
1185 2056 1217 2131 ἐς
1231 2050 1387 2139 Μυτιλή-

249 2187 314 2246 νην
335 2160 391 2227 καὶ
411 2163 522 2226 ἐπεισε
537 2164 701 2246 Λεσβίους
726 2163 850 2226 δοῦναί
868 2163 902 2227 οί
919 2158 1006 2237 νέας.
1044 2163 1079 2226 ολ
1095 2156 1133 2226 δὲ
1153 2153 1390 2244 πληρώσαντες

249 2257 336 2327 ὀκτὼ
358 2260 512 2346 τριήρεας
528 2267 649 2329 ἔπλεον
662 2257 730 2349 άμα
745 2256 887 2353 Ἱστιαίω
908 2262 941 2340 ἐς
954 2259 1154 2344 Βυζάντιον·
1180 2261 1331 2344 ἐνθαῦτα
1346 2258 1382 2326 δέ
1391 2264 1437 2314 441

251 2359 395 2447 ἱζόμενοι
413 2358 471 2439 τάς
485 2365 521 2428 ἐκ
541 2369 602 2428 τοῦ
616 2362 751 2431 Πόντου
771 2362 985 2443 ἐκπλωοάσας
998 2369 1067 2432 τῶν
1083 2368 1172 2432 νεῶν
1190 2360 1391 2449 ἐλάμβανον,

252 2457 374 2551 πληνῆ
391 2460 463 2532 ὅσοι
477 2460 589 2531 αὐτῶν
600 2459 741 2556 Ἱστιαίω
756 2472 887 2552 ἔφασαν
905 2468 1028 2554 ἐτοίμοι
1049 2465 1136 2535 εἶναι
1150 2472 1338 2534 πείσεσθαι.

224 2562 244 2624 6
324 2562 475 2647 Ἱστιαῖος
494 2568 556 2654 μέν
572 2596 638 2637 νυν
659 2569 716 2637 καὶ
731 2576 958 2659 Μυτιληναῖοι
974 2572 1111 2639 ἐποίευν
1130 2574 1245 2664 ταῆτα.
1284 2569 1338 2638 ἐπὶ
1355 2567 1392 2638 δέ

252 2677 409 2760 Μίλητον
423 2668 529 2760 αὐτὴν
549 2669 706 2751 ναυτικὸς
719 2672 843 2753 πολλὸς
863 2672 1026 2767 καὶπεζός
1040 2667 1083 2764 ἦν
1097 2670 1234 2760 στρατὸς
1246 2671 1392 2759 προσδό-

253 2802 358 2863 κιμος.
396 2776 646 2864 συστραφέντες
666 2774 731 2865 γάρ
754 2781 789 2847 οί
805 2779 984 2866 στρατηγοὶ
1003 2783 1071 2847 τῶν
1091 2781 1252 2866 Περσέων
1275 2777 1331 2845 καὶ
1356 2781 1394 2846 ἓν

252 3007 298 3042 ras
310 2991 344 3041 ad
359 3007 422 3053 εοε,
444 2991 479 3041 οδ
492 3007 560 3057 quos
576 2992 696 3056 scriptae
710 2996 797 3051 erant,
885 2981 924 3046 ὡς
938 2981 1070 3048 ἀπωστὸς
1088 2989 1138 3054 τῆς
1155 2982 1262 3042 ἑωυτοῦ
1274 2990 1392 3057 γίνεται]

253 3062 352 3111 deferri
369 3062 486 3125 indeque
499 3061 534 3110 ab
547 3061 643 3110 iisdem
656 3076 724 3125 quae
738 3062 798 3111 red·
849 3060 867 3110 ἰ.
890 3077 914 3113 ο.
933 3064 1042 3111 reiectus
1064 3078 1081 3110 a
1104 3078 1151 3127 ενα
1165 3066 1267 3125 patria,
1294 3065 1391 3124 μαίειιιτ.

253 3131 396 3191 darentur,
412 3130 447 3180 ad
461 3146 490 3179 se
504 3130 603 3179 deferri
618 3132 715 3192 iussit
728 3132 798 3181 adeo
851 3131 891 3181 Ad
904 3131 1070 3181 locutionem
1083 3132 1246 3196 Weuseling
1263 3132 1333 3181 citat
1345 3132 1394 3181 So

252 3209 284 3251 ut
294 3216 399 3251 omnem
412 3205 539 3264 argueret
550 3200 799 3266 frandemnemquo
850 3200 940 3263 phocl.
954 3202 1031 3250 diae.
1051 3202 1126 3251 1044.
1141 3201 1239 3266 Oedip.
1254 3202 1320 3266 Tyr.
1332 3201 1393 3252 649.

255 3286 360 3321 omnem
373 3270 553 3350 pntefaceret.
589 3271 631 3320 De
647 3275 798 3350 temporum
850 3270 988 3321 Sancrofti
1013 3270 1082 3321 liber
1108 3272 1394 3335 praepositionem
1363 3261 1394 3321 ἐκ

255 3340 402 3390 rationein
415 3340 506 3389 verbis
519 3353 553 3387 ου
545 3329 691 3387 ’διδοί-
658 3334 799 3400 -φὲρων
850 3344 914 3390 ante
926 3337 976 3404 τῆς
989 3340 1072 3389 insert
1075 3341 1168 3405 ,quod
1179 3341 1300 3405 praefert
1309 3342 1395 3391 Bern-

253 3402 285 3458 δέ
304 3400 738 3487 ἐνεχείρισενίδὶαιιιεεδν,
754 3411 797 3459 55.
849 3409 950 3473 hardy.
969 3410 1077 3460 Griech.
1093 3410 1172 3475 Synt.
1192 3428 1219 3491 p.
1236 3411 1344 3461 225.-
1362 3411 1394 3461 Ῑιι

253 3480 318 3527 Μοιι
340 3477 402 3528 dedi
425 3470 534 3525 τούτων
555 3493 603 3541 pro
627 3472 750 3526 τουτέων
771 3483 799 3527 et
850 3494 925 3543 seqq.
948 3482 1048 3531 Noster
1069 3481 1180 3559 scripsit
1204 3474 1302 3528 ἔπειθε
1327 3471 1394 3538 τοὺς

254 3538 377 3608 ἐγίνετο,
402 3547 473 3610 quod
487 3546 609 3611 plernque
626 3547 688 3597 hbn
701 3549 798 3614 senpn
849 3548 940 3606 Χιοιις
963 3540 1050 3598 ὥστε
1073 3540 1163 3614 ἐαυτῷ
1188 3547 1293 3599 δοῦναι
1317 3546 1392 3606 νέας,

253 3616 379 3667 afferunt.
404 3615 473 3665 Ohm
484 3617 624 3680 vulgatam
636 3607 744 3681 ἐγενετο
756 3634 796 3669 re
851 3634 897 3682 ριιι
912 3618 982 3669 1dem
996 3636 1066 3677 mox,
1080 3620 1181 3671 οιιιιεολ
1193 3611 1329 3670 vocnld
1305 3632 1391 3669 ωστε

254 3690 338 3737 ουιιλτ
306 3685 413 3735 t.edd
429 3691 600 3737 revocarunt.
849 3681 942 3737 ἐπειοε
968 3686 1105 3755 Λεσβίους
1131 3687 1237 3739 δοῦναί
1259 3683 1289 3739 οἷ
1311 3683 1392 3750 νέας;

848 3759 902 3809 vid.
917 3759 1104 3812 Kuehneanz
1119 3760 1166 3810 Gr.
1177 3764 1202 3824 β.
1216 3760 1279 3812 537.
1293 3764 1351 3810 not.
1365 3765 1391 3809 4.

464 3858 575 3911 cmv
771 3834 773 3837 “
847 3828 913 3878 Pari
938 3831 1018 3880 modo
1044 3842 1113 3878 ωστε
1141 3832 1259 3913 positum
1286 3829 1393 3880 invenis

847 3898 916 3957 VII,
933 3898 1004 3948 d.-
1021 3899 1199 3965 Infinecap
1219 3914 1315 3949 αοτων
1331 3899 1393 3950 δεδι

287 3957 423 4026 κατῆγον]
441 3963 563 4013 Itanum
578 3963 665 4014 Gaisf
682 3968 710 4013 et
725 3980 795 4015 rece
849 3983 899 4032 pro
916 3960 1034 4019 αὐτέων.

255 4031 316 4082 edd.
326 4032 407 4081 edidi.
423 4032 596 4092 schaeferus,
609 4050 688 4098 quem
698 4034 799 4084 Matth.

254 4102 392 4179 sequitur,
415 4102 554 4153 eduobus
574 4103 653 4154 codd.
677 4104 800 4154 ediderat

254 4165 423 4234 κατήγαγον.
448 4172 523 4222 Idem
537 4177 565 4222 et
577 4173 628 4223 hoe
643 4190 703 4239 cap.
715 4180 741 4223 et
758 4190 800 4224 εε-

254 4242 348 4300 quenti
366 4231 512 4292 exh1bu1
474 4256 564 4319 ησαν
583 4259 633 4307 pro
651 4238 728 4296 ἕσαν
758 4243 800 4294 Ad
885 4261 969 4308 ην-
933 4237 1278 4325 —upooddmpos]00nf.
1289 4246 1323 4309 V,
1335 4245 1394 4297 108

253 4301 586 4369 ἐπειράτοκατιώνοοιιί.
602 4314 655 4376 VI,
676 4316 700 4365 9.
717 4315 746 4377 Ι,
765 4315 798 4364 77
851 4315 892 4365 Ad
916 4316 1026 4365 verbum
1052 4311 1258 4379 συστραφέντες
1283 4285 1394 4381 (οάαφία

253 4378 346 4443 ibique
359 4383 428 4476 nptt
850 4384 915 4449 dati,
941 4383 1075 4451 coniuncta)
1100 4386 1171 4438 cons.
1194 4386 1248 4447 lx,
1270 4387 1316 4447 18,
1347 4386 1394 4437 ubi

1053 4143 1119 4192 Off.
1142 4144 1189 4195 vl.
1245 4177 1255 4194 .
