3100 5175
529 415 708 479 ERATO.
737 415 791 480 VI.
813 425 857 484 76
880 425 924 484 77

304 574 418 645 Ἀλλ’Ν
402 609 473 646 οταν
489 609 508 664 η
526 582 635 665 θηλιια
651 579 702 648 τὸν
720 584 830 668 α’ἱρσενα
848 585 994 700 νικήσασα

309 683 445 772 ἐξιλάσῃ,
467 685 518 748 καὶ
527 685 625 763 κῦδος
640 687 672 750 ἐν
654 681 898 773 ν’Λργείσισιν
880 713 1002 771 αρηιαι,

185 845 288 903 ’Ata’
270 851 341 903 o'tav
353 871 371 919 η
361 845 486 920 θήλεια
495 871 519 905 ιι.
532 873 557 911 τ.
570 857 608 924 1.]
629 860 697 908 Tres

156 926 261 989 priores
281 941 378 976 versus
393 926 499 977 oraculi
513 926 576 978 hinc
588 928 698 978 exhibet

156 995 238 1046 Paua.
254 995 298 1056 ΙΙ,
314 997 356 1045 20.
370 999 395 1058 §-
412 995 443 1055 8,
465 997 585 1062 itemque
598 999 698 1050 Suidas

157 1080 179 1115 s.
193 1080 219 1114 v.
237 1063 385 1112 Telesilla
400 1066 452 1116 111.
467 1081 494 1130 p.
513 1069 574 1121 442.
601 1069 640 1117 Ao
653 1085 697 1118 su-

156 1149 206 1198 pra
218 1133 271 1192 v1,
289 1133 319 1183 19
337 1133 451 1184 alteram
468 1135 574 1192 oraculi
591 1143 698 1203 partem

157 1203 192 1252 ad
219 1203 342 1254 Milesios
370 1211 542 1269 spectantem
573 1206 696 1271 legimus.

21 1335 22 1344 ἵ
80 1285 85 1294 ’
156 1271 310 1337 Adscripsit
338 1273 425 1326 adh.
453 1273 471 1324 1.
498 1276 697 1340 Weasetiupr'ur:

157 1343 322 1404 „Caeterum
337 1342 455 1408 Pythiae
470 1343 522 1396 hoc
538 1360 698 1410 responsum

157 1427 189 1460 er
204 1412 338 1462 Herodoti
351 1414 509 1464 narratione
523 1414 633 1494 planum
644 1431 698 1466 non

156 1486 206 1531 est.
248 1481 382 1541 Quorsum
411 1484 481 1560 enim
507 1475 616 1532 ὅταν
602 1500 620 1548 η
644 1477 698 1548 θή-

156 1550 216 1599 λεια
227 1544 278 1598 τόν
292 1542 396 1612 ἄρσενα
410 1545 548 1615 νικήσασα
556 1545 697 1620 Εξελάσῃ.

156 1621 312 1670 Praeterita
327 1621 543 1673 suntTelesillae
555 1622 698 1673 documen-

156 1695 186 1739 ta
197 1690 310 1740 virtutis
320 1694 348 1739 et
357 1690 525 1755 prudentiae,
535 1693 632 1757 quibus
643 1709 698 1741 ma-

156 1765 249 1810 tronas
257 1761 427 1824 Argivorum,
442 1767 472 1809 ut
483 1762 599 1825 sumptis
613 1765 696 1810 armis

157 1828 249 1878 urbem
278 1836 452 1894 protegerent
474 1829 698 1897 Cleomenemque

157 1905 183 1949 et
196 1897 514 1963 invadentesripartanos
527 1900 698 1965 repellerent,

156 1968 304 2030 animavit,
320 1968 439 2033 peteuda
454 1984 488 2018 ex
500 1970 640 2019 Pausania
656 1972 696 2032 11,

156 2037 219 2088 20.“
241 2037 368 2087 Tradunt
381 2039 452 2088 enim
466 2041 621 2089 Pausanias
633 2039 652 2088 l.
667 2041 696 2102 1.,

156 2105 253 2157 Suidas
264 2105 282 2158 l.
290 2106 462 2168 l.,Plntarch.
471 2110 512 2158 De
523 2110 630 2159 virtutt.
640 2125 698 2159 mu-

156 2176 228 2225 lierr.
245 2177 278 2225 T.
293 2176 330 2229 ll.
347 2193 409 2242 pag.
424 2179 515 2240 2451),
530 2180 554 2228 Ε
568 2177 628 2243 (ubi
641 2179 696 2228 vid.

156 2245 364 2310 Wyttenbacbii
381 2248 584 2300 Animadversa.
609 2248 651 2309 lI,
672 2249 694 2298 l.

155 2330 216 2380 pag.
230 2315 269 2379 7),
284 2315 415 2380 Polyaen.
429 2317 506 2379 VIII,
519 2317 562 2378 33,
573 2317 696 2368 Clemens

153 2385 303 2437 Alexandr.
318 2386 463 2437 Stromatt.
476 2387 532 2450 IV,
551 2386 596 2450 19,
619 2386 697 2437 Cleo-

155 2470 247 2506 menes
272 2470 333 2505 cum
360 2456 395 2506 ad
419 2458 513 2506 urbem
543 2455 696 2518 accederet,

156 2539 235 2590 quam
247 2525 276 2576 vi
287 2530 463 2591 expugnaret,
476 2530 533 2575 tum
541 2524 696 2575 Telesillam

154 2596 301 2661 potitriam,
314 2596 379 2645 viris
385 2597 495 2660 Argivis
507 2596 535 2645 in
547 2611 641 2661 pugna
650 2612 696 2646 oc-

155 2666 229 2727 cisis,
240 2666 357 2729 Argivas
371 2666 495 2716 mulieres
509 2668 652 2727 excitasse,
666 2672 696 2716 ut

155 2749 232 2784 arma
251 2740 381 2798 caperent
393 2735 596 2800 Spartanosque
610 2734 696 2816 repel-

58 2820 62 2828 ·
154 2803 254 2864 lerent;
278 2803 360 2870 idque
382 2812 464 2854 etiam
483 2804 623 2855 mulierum
642 2806 696 2854 vir·

155 2878 214 2924 tute
232 2873 360 2924 effectum
379 2889 448 2924 esse.
472 2875 626 2925 Herodotus
638 2873 697 2924 nul-

155 2942 207 2993 lam
227 2943 298 2992 facit
310 2945 475 2994 mentionem
491 2944 570 2994 huius
588 2945 645 3004 rei,
661 2942 695 2992 ad

155 3028 236 3094 quam
251 3013 357 3063 oraculi
369 3014 453 3064 verba
465 3020 590 3078 spectare
603 2981 696 3062 videu-

154 3090 207 3145 tur,
221 3083 250 3131 in
264 3074 389 3147 quibus
374 3102 391 3147 η
406 3074 510 3146 θήλεια
524 3084 617 3148 utique
631 3081 696 3132 licet

153 3151 307 3235 intelligere
336 3152 369 3202 de
393 3151 522 3203 Telesilla
541 3158 625 3216 atque
644 3145 696 3199 τὸν

152 3213 257 3284 ἄρσενα
270 3221 304 3271 de
318 3221 461 3273 Cleomene
473 3221 596 3272 mulieris
608 3221 698 3271 consi·

155 3290 192 3342 lio
208 3296 236 3342 et
251 3291 354 3341 virtute
372 3291 496 3342 devicto:
525 3307 595 3374 qnae
614 3292 696 3341 tertio

155 3359 448 3442 versuPythiaedicit·
457 3359 561 3418 πολλάς
570 3354 696 3423 Ἀργείων

154 3424 358 3495 αμφιὸρυφέας
378 3425 440 3479 τότε
460 3422 561 3495 θήσει,
587 3447 619 3479 ea
635 3446 696 3495 spe-

153 3506 228 3551 ctare
247 3504 376 3565 poterunt
391 3499 426 3549 ad
441 3500 557 3562 luctum,
572 3515 624 3564 quo
639 3499 697 3548 alfi-

154 3571 263 3621 cientur
286 3567 413 3620 mulieres
432 3570 564 3634 Argivae,
584 3583 696 3634 quorum

154 3640 256 3703 mariti,
270 3645 379 3704 patres,
392 3640 493 3691 iratres
506 3640 534 3689 in
549 3654 640 3705 pugna
654 3654 697 3688 oc-

154 3711 206 3761 cisi
220 3709 335 3760 luerunt
347 3710 512 3761 aOleomene
527 3709 698 3775 atqueSpar·

155 3780 239 3831 tanis.
272 3781 342 3831 Utut
359 3781 459 3831 statuis
474 3780 507 3829 de
524 3778 635 3829 oraculo
650 3793 698 3828 an·

154 3850 250 3914 cipiti,
275 3864 346 3914 quae
363 3849 396 3899 de
409 3848 539 3899 Telesilla
553 3849 698 3898 memoriae

153 3918 264 3984 prodita
273 3923 345 3982 sunt,
358 3933 391 3968 ea
403 3917 509 3968 demum
518 3922 581 3983 post
593 3918 697 3968 cladem

153 3990 319 4054 Argivorum
347 3988 468 4038 virorum
494 3988 528 4037 ab
553 3987 696 4037 Herodoto

154 4074 215 4124 cap.
240 4056 355 4109 78—82
380 4062 536 4107 enarratam
562 4057 697 4106 accidisse

155 4127 279 4193 putanda
291 4130 380 4187 erunt,
393 4128 526 4191 cumipse
544 4125 591 4175 illa
604 4124 697 4175 clades

156 4195 700 4259 Telesinamexcitaretmulieresqnear-

155 4267 243 4330 giras,
260 4270 292 4317 ut
303 4282 378 4316 arma
391 4271 521 4330 caperent
533 4262 701 4330 atqueOleo-

156 4351 260 4387 menem
273 4335 367 4386 urbem
384 4335 573 4400 adgressurum
588 4332 700 4397 repelle·

156 4412 225 4455 rent.
252 4405 332 4467 Quod
348 4404 494 4455 Telesillae
513 4410 596 4469 atque
608 4403 700 4452 mulie-

156 4491 215 4525 rum
224 4476 390 4542 Argivorum
402 4475 511 4526 facinus
521 4491 569 4525 cur
579 4471 702 4525 Herodo-

748 864 793 908 tus
808 858 881 908 lraud
893 862 1155 921 commemoraverit,
1173 860 1286 910 difficile

747 929 843 993 ntique
865 929 954 979 dictu:
979 932 1037 980 odio
1057 933 1085 980 in
1103 933 1220 995 Argivos
1238 931 1288 979 du·

747 1004 838 1060 etum,
860 999 907 1061 qui
929 998 998 1048 male
1012 1001 1147 1063 gesserim
1172 1007 1201 1049 et
1225 1015 1286 1049 cum

746 1069 839 1117 Persis
853 1069 1069 1132 conspiraverint
1082 1069 1211 1120 bellorum
1221 1070 1287 1119 Per-

747 1141 865 1187 sicorum
886 1140 1048 1201 temporibus
1071 1140 1138 1204 (vid.
1153 1139 1285 1189 Herodot.

747 1207 810 1268 Vll,
825 1206 874 1256 148
888 1222 963 1288 seqq
969 1209 988 1271 1,
1004 1209 1128 1258 Nostrum
1140 1209 1208 1258 haec
1222 1222 1286 1258 con-

747 1276 821 1326 salto
845 1276 969 1327 omisisse
996 1281 1149 1343 smpioatur
1171 1279 1210 1327 Le
1229 1279 1285 1326 Bas

749 1345 938 1410 (Monuments
963 1346 1125 1413 d‘amiquite'
1149 1347 1226 1412 ligur.
1253 1348 1286 1396 de

747 1414 839 1465 More'e
857 1414 894 1464 11.
917 1431 941 1480 p.
956 1416 990 1467 19
1002 1432 1072 1482 seqq
1094 1417 1180 1481 not.:)
1199 1431 1286 1480 neque

748 1491 840 1533 tamen
853 1484 916 1534 inde
930 1485 962 1535 de
973 1488 1086 1537 veritate
1100 1501 1201 1548 eorum,
1215 1500 1286 1550 quae

746 1554 781 1603 de
797 1553 925 1604 Telesilla
941 1554 1092 1619 traduntur,
1105 1555 1286 1605 dubitandum

747 1637 818 1683 esse,
825 1628 899 1672 recte
909 1625 1007 1673 statuit
1017 1625 1084 1674 idem
1091 1625 1129 1674 Le
1137 1627 1191 1674 Bas
1201 1629 1285 1689 atque

746 1693 780 1743 F.
794 1692 868 1742 Neue
883 1693 910 1741 in
926 1694 1073 1743 Comment.
1092 1694 1125 1742 de
1139 1692 1286 1743 Telesillae

746 1762 867 1826 Argivae
877 1763 999 1826 reliquiis
1011 1762 1136 1828 (Dorpat.
1151 1761 1240 1826 1843.)
1255 1778 1283 1827 p.

746 1833 775 1881 tl:
801 1832 898 1895 quibus
913 1847 1022 1895 prorsus
1035 1832 1157 1897 equidem
1173 1833 1285 1895 accedo,

747 1915 869 1962 causam,
884 1916 915 1950 ex
929 1915 983 1964 qua
999 1899 1067 1951 talia
1079 1901 1151 1966 apud
1162 1901 1285 1951 Herodo-

745 1974 804 2017 tum
824 1975 937 2019 narrata
957 1969 1030 2020 haud
1049 1973 1237 2034 inveniantur,
1255 1973 1286 2021 iu

747 2039 1285 2104 medioreIInquendamesseretus,cum,

746 2109 801 2157 nisi
814 2110 905 2159 omnia
915 2125 957 2158 me
969 2109 1075 2171 fallunt,
1086 2110 1242 2160 Herodotus
1255 2111 1284 2159 ln

746 2177 799 2227 hac
824 2185 883 2227 tota
907 2181 1063 2230 narratione
1089 2179 1121 2230 de
1141 2178 1285 2229 Cleomene

747 2253 831 2311 atque
844 2250 953 2313 Argivis
965 2249 1045 2312 plane
1060 2248 1133 2298 alind
1149 2250 1212 2313 quid
1225 2264 1286 2313 spe-

745 2320 877 2380 ctaverit,
897 2319 1002 2382 dequo
1023 2319 1077 2370 vid.
1100 2325 1168 2367 nott.
1187 2318 1223 2368 ad
1238 2320 1285 2381 v1,

745 2389 788 2439 84.
814 2387 912 2436 Moneo
928 2389 962 2438 ob
978 2389 1008 2441 C.
1023 2387 1054 2438 Ο.
1067 2387 1190 2438 Mueller.
1205 2387 1283 2451 (Dor.

745 2456 768 2504 I.
784 2470 810 2520 p.
827 2457 876 2507 173
890 2456 951 2509 coll.
968 2459 1004 2507 Il.
1022 2474 1046 2522 p.
1059 2456 1131 2519 375),
1147 2459 1193 2521 qui
1207 2457 1286 2506 t'abu·

744 2524 833 2576 losam
848 2526 971 2591 perhibet
988 2529 1170 2577 narrationem
1187 2527 1219 2577 de
1234 2528 1286 2576 Te·

744 2595 834 2645 lesilla
852 2603 936 2662 atque
949 2613 1053 2648 omnem
1068 2597 1138 2646 hauc
1151 2597 1287 2647 Herodoti

744 2665 886 2716 historiam
900 2667 966 2715 dicit
979 2669 1083 2729 miram,
1094 2682 1144 2715 nec
1157 2667 1209 2716 sibi
1221 2682 1286 2715 oon·

745 2749 840 2798 gruem
860 2735 904 2786 vel
926 2752 974 2797 eo,
995 2737 1066 2801 quod
1084 2735 1163 2801 primi
1182 2735 1286 2785 oraculi

745 2819 841 2855 versus
849 2820 937 2868 ,quos
951 2806 985 2854 nd
1002 2821 1057 2855 rem
1074 2804 1210 2870 quandam
1225 2819 1287 2869 spe·

744 2880 822 2923 ctare
835 2882 940 2938 pateat,
955 2892 1008 2926 non
1020 2875 1194 2955 explicentur.
1219 2874 1286 2924 Inde

745 2944 817 2993 idem
830 2945 951 3008 quaerit,
973 2961 1035 2994 uum
1053 2936 1188 3008 ἡθήλεια
1205 2943 1286 2993 forsi-

745 3019 795 3062 tan
809 3014 842 3061 ad
852 3014 982 3063 Iunonem
993 3019 1114 3077 spectet.
1127 3014 1159 3063 de
1168 3029 1222 3078 quo
1232 3028 1288 3061 mc-
1297 3026 1301 3033 ’

745 3084 799 3131 rito
813 3081 922 3131 dubitat
935 3084 974 3134 Le
988 3083 1043 3132 Bas
1057 3081 1075 3131 l.
1087 3082 1105 3132 1.
1129 3082 1171 3133 nd
1184 3084 1287 3133 Telesil-

745 3153 795 3200 lum
807 3152 909 3201 referre
920 3152 1087 3217 probabilius
1099 3157 1173 3202 certe
1182 3152 1288 3202 videbi-

746 3226 799 3270 tur.
830 3222 873 3270 De
884 3222 946 3285 ipsa
957 3221 1087 3272 Telesilla
1101 3223 1214 3286 eiusque
1226 3237 1288 3271 car-

746 3290 864 3340 minibus
876 3297 1005 3341 accnrete
1017 3291 1169 3357 disputavit
1180 3293 1256 3341 Neue
1267 3290 1286 3340 l.

744 3360 780 3421 1.,
804 3359 867 3410 add.
881 3360 980 3410 Uirici:
1006 3361 1102 3412 Gesch.
1123 3362 1170 3411 der
1187 3360 1285 3413 hellen.

744 3429 914 3480 Dichtkunst
925 3432 962 3480 ll.
974 3445 1038 3497 pag.
1053 3434 1103 3482 507
1116 3438 1183 3494 not,
1197 3430 1286 3481 Bode:

748 3499 844 3550 Geseh.
859 3499 886 3551 d.
900 3499 998 3551 hellen.
1010 3502 1122 3554 Dichtlr.
1134 3504 1173 3563 II,
1184 3502 1209 3550 2.
1222 3515 1286 3564 pag.

749 3569 789 3619 11.
810 3568 924 3635 ll8seq.
945 3570 1068 3620 Pertinet
1083 3570 1146 3622 inde
1158 3569 1288 3620 Telesilla

747 3639 783 3689 ad
796 3638 905 3704 Olymp.
922 3641 1041 3703 LXVII,
1055 3642 1071 3691 3
1087 3642 1146 3691 sive
1158 3641 1210 3691 510
1223 3644 1288 3689 ante
1327 3654 1329 3659 ·

748 3707 809 3759 Chr.
835 3724 876 3766 n.‚
901 3725 954 3775 quo
973 3724 1044 3759 anno
1066 3710 1135 3761 haec
1154 3709 1289 3759 accidisse

748 3780 858 3828 omniuo
874 3778 997 3842 putanda
1020 3785 1092 3831 sunt.
1130 3780 1208 3842 Quae
1232 3778 1288 3827 alia

746 3848 783 3898 ad
816 3848 921 3898 oraculi
958 3863 1067 3898 sensum
1100 3849 1289 3913 explicandum

746 3923 915 3968 commentus
928 3917 1083 3967 estSchoell
1094 3918 1134 3979 (in
1147 3924 1220 3967 nott:
1229 3932 1289 3966 ver·

749 3986 865 4036 uenulae
875 3987 1010 4036 versionis
1019 3987 1151 4036 Herodot.
1162 3987 1197 4034 ad
1206 3985 1232 4037 h.
1246 3984 1289 4049 1,),

747 4071 847 4105 cacum
859 4056 1003 4104 obscurum
1014 4055 1119 4104 oraculi
1128 4069 1236 4105 sensum
1246 4053 1290 4105 vel

748 4124 931 4175 obscuriorem
943 4122 1055 4175 reddere
1066 4125 1221 4187 videantur,
1234 4138 1290 4173 ma-

749 4194 796 4243 lim
809 4193 905 4257 apud'
898 4208 987 4271 ipsum
997 4193 1060 4258 legi.

795 4261 932 4319 κὺδος-
945 4252 1061 4327 αρηται]
1088 4262 1235 4313 Homerica
1252 4263 1291 4313 lo·

748 4334 839 4394 cutio,
857 4347 926 4396 quae
941 4332 1015 4383 valet
1027 4335 1132 4397 plcrr'cm
1145 4340 1291 4397 reportare,

750 4404 871 4466 σκίαινα
896 4402 930 4453 de
951 4418 1005 4467 qua
1021 4403 1077 4458 vid.
1090 4404 1227 4454 Duncanii
1240 4404 1292 4453 Le-

749 4473 804 4523 xic.
819 4488 837 4523 a
849 4473 927 4525 Rost·
940 4473 1042 4524 editum
1057 4474 1078 4526 I.
1100 4491 1125 4540 p.
1140 4476 1184 4528 42.
1212 4472 1292 4529 Cont.
