3100 5175
999 373 1050 431 P
1069 372 1121 433 O
1139 374 1254 433 LY
1272 375 1333 432 M
1349 374 1406 431 N
1423 375 1545 432 IA.
1593 373 1732 433 VII.
1783 381 1904 436 176.

2460 372 2581 433 717

330 548 816 634 Θερμοπυλέων
857 548 969 615 καὶ
1009 543 1290 633 ὄπισθε,
1345 544 1513 616 κατά
1551 575 1623 615 τε
1659 543 2023 634 Ἀλπηνοὺς
2061 542 2307 615 ὄπισθε
2354 544 2582 626 ἐόντας

325 745 582 811 paulatim
610 754 899 811 patescens
930 748 986 797 in
1015 750 1193 813 aperti
1224 748 1399 813 campi

326 817 543 865 formam
602 819 714 867 exit
773 817 1165 883 planitiemque
1225 818 1398 868 efficit

322 888 457 935 inter
515 888 828 938 Zeitunium
907 889 1159 952 oppidum
1231 894 1396 953 atque

323 956 705 1021 Thermopylas
745 959 1037 1016 latitudine
1070 960 1231 1008 unius
1281 957 1396 1007 mil-

321 1024 460 1075 liarr.
499 1043 718 1092 geogr.‚
760 1036 815 1078 et
858 1028 1001 1093 quod
1032 1027 1309 1090 excurrit,
1360 1044 1394 1076 a

319 1096 667 1147 Maliensibus
698 1098 823 1147 olim
852 1097 1156 1148 habitatam
1178 1105 1233 1148 et
1252 1113 1394 1147 nune

318 1165 471 1216 valde
512 1172 820 1230 extensam,
854 1173 1065 1218 mutata
1103 1169 1272 1218 totius
1312 1184 1396 1217 re-

316 1237 489 1299 gionis
528 1236 746 1302 indole,
799 1243 861 1287 nt
893 1253 1059 1302 supra
1106 1239 1215 1287 iam
1254 1238 1396 1287 indi-

316 1307 558 1356 cavimus
591 1312 646 1356 et
676 1307 905 1372 amplius
941 1307 1299 1358 indicabimus
1337 1309 1393 1356 in

317 1382 451 1425 nott.
498 1375 572 1425 sd
614 1377 748 1440 vn,
806 1376 919 1427 198.
1016 1377 1170 1428 Haec
1223 1379 1391 1442 regi0,

316 1462 447 1510 quae
497 1447 666 1496 maris
714 1447 1052 1511 superficiem
1102 1446 1394 1498 altitudine

314 1517 403 1565 vix
444 1521 699 1580 superat,
743 1516 964 1566 humida
1001 1522 1087 1566 est
1131 1533 1198 1567 ac
1243 1517 1400 1582 palu-

315 1585 472 1643 dosa;
523 1588 820 1650 quotannis
862 1587 976 1637 fere
1009 1587 1274 1637 inundata
1315 1589 1395 1637 in-

313 1655 480 1720 deque
504 1658 741 1707 maxime
762 1662 1046 1721 stagnans.
1095 1657 1253 1707 Unde
1276 1660 1390 1719 aer,

311 1727 517 1775 aestivo
543 1728 775 1776 maxime
803 1731 1068 1792 tempore,
1101 1734 1392 1792 corruptus

313 1802 365 1845 et
383 1797 630 1858 nocivus,
653 1799 744 1861 qui
769 1799 1007 1861 regionis
1026 1797 1235 1846 incolas
1257 1798 1391 1847 mul·

312 1871 420 1916 tum
445 1867 662 1932 affligit.
737 1867 844 1917 Sed
871 1882 1041 1931 prope
1062 1868 1388 1927 Zeitunium,

312 1936 400 1985 ubi
421 1936 588 1986 altior
610 1942 756 1986 terra
787 1943 842 1986 et
865 1939 1091 1998 siccior,
1126 1937 1276 2003 regio
1312 1937 1389 1987 se-

309 2007 593 2057 raeissima
643 2011 727 2056 est
770 2009 1003 2056 omnium
1041 2006 1157 2057 fere
1186 2023 1385 2071 rerum,

307 2077 599 2142 eademque
623 2076 983 2127 saluberrima
1007 2076 1386 2128 laetissimam-

307 2162 406 2209 que
424 2147 690 2213 praebens
712 2148 965 2212 speeiem.
1000 2147 1124 2197 vid.
1147 2148 1384 2212 Kriegk:

306 2216 387 2265 De
410 2218 692 2267 Malienss.
725 2217 882 2281 Disp.
909 2232 1090 2282 geogr.
1110 2235 1161 2282 p.
1191 2218 1272 2268 18.
1301 2217 1381 2268 19.

371 2278 495 2335 ἀλλ’
538 2278 834 2349 ἔμπροσθέ
880 2301 938 2335 τε
975 2280 1386 2348 Θερμοπυλέων

304 2351 397 2403 καὶ
438 2344 673 2421 ὄπισθε]
737 2348 1030 2420 ἔμπροσθε
1076 2356 1387 2408 Thessaliam

830 3307 858 3331 h-

982 3399 990 3411 Ι

586 3433 590 3457 Η
706 3323 886 3455 Cs
1011 3407 1049 3444 =.-

322 3580 610 3660 -ΕἪΠΗ
658 3624 722 3692 444
715 3624 894 3732 ιζμμιι
858 3624 970 3704 μζμ

1494 762 1673 797 versus
1689 748 1921 811 accipio,
1948 736 2157 795 ὄπισθε
2182 746 2436 796 Boeotiam
2462 763 2582 796 vei-

1499 819 2033 894 sus.1l1evmopstas
2060 818 2126 866 ab
2153 815 2315 865 huius
2340 818 2577 882 regionis

1498 887 1691 940 ineolis
1715 889 1881 937 etiam
1910 881 2105 942 Πύλας
2131 886 2454 950 simpliciter
2482 903 2573 936 vo·

1495 959 1609 1007 cari
1633 956 1862 1022 legimus
1888 956 2138 1018 vl1,201
2176 962 2230 1005 et
2256 957 2397 1021 apud
2429 954 2578 1007 Stra-

1496 1027 1623 1076 bon.
1653 1027 1745 1076 IX.
1790 1043 1841 1092 p.
1876 1024 1979 1076 428
2021 1043 2064 1076 s.
2092 1026 2267 1076 65513.
2306 1025 2427 1076 coll.
2453 1027 2576 1077 Liv.

1495 1097 1744 1157 XXXVI,
1767 1098 1855 1147 15:
1883 1095 2054 1159 „ideo
2072 1096 2237 1161 Pylae
2260 1102 2316 1145 et
2342 1097 2410 1145 ab
2430 1096 2572 1159 aliis,

1495 1167 1623 1231 quia
1643 1167 1853 1216 calidae
1872 1181 2047 1231 aquae
2077 1168 2131 1214 in
2156 1166 2293 1230 ipsis
2324 1166 2576 1217 faucibus

1493 1242 1641 1298 sunt,
1663 1236 2023 1301 Thermopylae
2039 1235 2189 1285 loeus
2210 1236 2573 1300 appellatur.“

1493 1306 1632 1357 Add.
1673 1306 1885 1356 Aelian.
1923 1308 1990 1357 V.
2022 1306 2093 1355 H.
2127 1306 2246 1368 111,
2288 1307 2353 1355 25
2397 1311 2451 1355 et
2482 1307 2573 1371 qui

1494 1376 1653 1439 plura
1679 1376 1900 1442 collegit
1923 1374 2229 1426 Tzsehuek.
2253 1376 2324 1424 ad
2342 1375 2472 1426 Mel.
2496 1377 2574 1440 11,

1492 1446 1545 1497 3.
1583 1450 1630 1510 5.
1658 1447 1709 1497 6.
1747 1462 1872 1511 pag.
1903 1446 2002 1496 267
2036 1450 2160 1495 nott
2208 1460 2396 1510 exegg.
2464 1447 2573 1497 Ex-

1493 1521 1648 1572 stant
1689 1522 1867 1567 autem
1907 1516 2153 1579 primarii
2182 1522 2423 1566 veterum
2463 1514 2573 1566 loci

1494 1586 1561 1636 de
1582 1587 1956 1651 Thermopylis
1983 1600 2103 1635 eum
2128 1585 2406 1635 Herodoto
2431 1600 2573 1636 eom-

1491 1657 1726 1722 parandi
1764 1660 1906 1721 apud
1948 1657 2162 1705 Livium
2201 1656 2463 1715 XXXVI,
2508 1657 2571 1707 15

1491 1726 1618 1776 ooll-
1654 1728 1737 1777 18.
1782 1726 2039 1776 Strabon.
2063 1724 2098 1774 l.
2124 1725 2157 1775 l.
2195 1727 2423 1791 Appiam.
2449 1726 2572 1790 Syr.

1495 1797 1578 1846 17.
1638 1796 1790 1847 Inter
1817 1797 2143 1846 recentiores
2176 1803 2394 1859 praeter
2417 1796 2572 1845 Man-

1490 1872 1632 1920 nert.
1662 1867 1786 1916 VII.
1814 1882 1866 1931 p.
1890 1865 1995 1915 622
2023 1879 2172 1928 seqq.
2207 1865 2317 1918 vid.
2349 1868 2568 1930 potissi·

1489 1952 1634 1985 mum
1661 1937 1865 1987 Kruse:
1901 1934 2093 1985 Hellas
2121 1935 2209 1996 11,
2233 1937 2283 1983 2.
2318 1952 2439 2001 pag.
2472 1937 2567 1986 12⁴

1487 2022 1637 2071 seqq.
1656 2044 1669 2067 ‚
1710 2006 2121 2056 Vaudoneourt.
2159 2003 2193 2054 1.
2225 2004 2258 2054 1.
2284 2021 2404 2069 cap.
2433 2007 2487 2056 ὃ.
2512 2021 2565 2071 p.

1490 2077 1593 2126 279
1621 2091 1791 2141 seqq„
1820 2073 2082 2127 Dodwell.
2114 2073 2150 2123 1.
2177 2075 2213 2124 1.
2243 2090 2291 2138 p.
2334 2075 2430 2127 138
2453 2091 2570 2139 seq.

1490 2151 1545 2197 et
1579 2160 1714 2210 quos
1761 2145 1898 2195 alios
1943 2159 2110 2208 supra
2158 2146 2267 2193 iam
2306 2145 2571 2195 indicavi·

1489 2231 1625 2266 mus.
1668 2213 1934 2265 Tabulam
1953 2215 2126 2263 totius
2151 2215 2409 2279 regionis,
2437 2229 2571 2279 qua-

1488 2287 1555 2335 lis
1585 2284 1712 2335 olim
1746 2286 1919 2335 fuisse
1944 2285 2143 2346 fertur,
2194 2284 2313 2334 aeri
2343 2285 2568 2335 incisam

1487 2356 1739 2406 exhibuit
1764 2353 1925 2418 (alios
1952 2359 2015 2402 ut
2041 2353 2277 2419 taceam)
2306 2354 2447 2403 Gau.
2481 2357 2565 2405 in:
