3100 5175
257 391 316 452 116
689 387 956 450 HERODOTI

256 564 570 652 6αι,·ε’μηχανεόντο
590 561 710 631 τοιάδε.
738 568 909 651 κείραντες
928 565 995 630 τῶν
1010 560 1193 647 Φαληρέων
1213 554 1250 626 τὸ
1271 561 1390 626 πεδίον

254 669 310 736 καλ
324 666 508 756 ἱππάσιμον
521 665 717 754 ποιήσαντες
736 671 856 733 τοῦτον
868 662 928 733 τὸν
949 668 1058 753 χῶρον
1076 666 1204 749 ἐπῆκαν
1223 665 1271 752 τῷ
1289 682 1388 750 στρα-

254 774 385 863 τοπίδῳ
400 768 461 860 τὴν
472 776 592 839 ἵππον·
615 773 804 858 ἐμπεσοῦσα
819 769 856 838 dt
872 771 1047 856 διέφθειρε
1061 763 1182 845 ἄλλους
1194 792 1231 834 τε
1245 762 1389 844 πολλοὺς

254 879 322 943 τοῖν
335 880 612 963 Λακεδαιμονίων
628 874 685 942 καὶ
700 870 741 959 δὴ
761 875 817 942 καὶ
832 870 891 942 τὸν
910 868 1132 960 Ἀγχιμόλιον,
1152 868 1230 947 τοὺς
1245 868 1281 937 δὲ
1295 892 1388 956 περι-

254 980 455 1066 γενομένους
481 973 593 1046 adrev
618 979 651 1056 ἐς
676 974 733 1054 τὰς
761 978 838 1056 νίας
863 978 1033 1064 κατίρξαν.
1065 969 1100 1041 Ὁ
1121 972 1183 1061 μὲν
1203 968 1245 1059 δὴ
1261 975 1391 1059 πρῶτος

254 1080 371 1160 στόλος
391 1085 428 1151 ἐκ
442 1086 693 1168 Λακεδαίμονος
712 1074 801 1147 οὕτω
823 1076 1004 1166 ἀπήλλαξε·
1032 1079 1089 1145 καὶ
1107 1072 1313 1164 Ἀγχιμολίου
1327 1077 1391 1142 εἰσί

254 1185 363 1272 tuqui
378 1189 435 1272 τῆς
450 1180 596 1273 Ἀττικῆς
615 1181 836 1271 Ἀλωπεκῇσι,
861 1179 966 1269 ἀγχοῦ
987 1185 1048 1250 τοῦ
1057 1177 1254 1266 Ἡρακλείου
1273 1182 1333 1245 τοῦ
1353 1182 1391 1246 ἐν

255 1400 288 1435 ve
303 1384 377 1448 regio
397 1384 454 1434 sire
470 1383 534 1433 urbs
552 1399 600 1448 per
616 1382 797 1441 Thessaliam,
849 1373 902 1446 τὴν
916 1378 1006 1431 ἵππον
1023 1380 1129 1430 valent:
1150 1381 1244 1443 equites
1257 1385 1284 1427 tn
1303 1385 1391 1427 castra

255 1459 384 1518 quantum
399 1453 521 1517 equidem
538 1455 612 1514 scio,
630 1454 797 1517 repedatum
851 1451 960 1516 (quibus
975 1452 1114 1501 Laeonum
1132 1450 1237 1513 pedites
1256 1463 1286 1498 se
1305 1449 1391 1497 conti-

255 1524 320 1588 quin
336 1538 397 1573 eam
417 1525 505 1587 ipsam
522 1522 556 1571 ob
576 1536 701 1586 caueam,
725 1522 797 1588 quod
849 1521 962 1585 nebant)
983 1524 1141 1571 inmiserurt.
1169 1519 1213 1568 Tu
1232 1518 1326 1568 confer
1342 1517 1391 1572 lx,

255 1594 397 1656 peregrina
413 1593 498 1657 stirpe
515 1597 597 1642 natus
613 1591 697 1642 inerit
712 1592 799 1642 'l'hes-
849 1591 897 1653 46,
915 1592 962 1640 ubi
982 1592 1076 1641 eodem
1101 1589 1197 1638 modo:
1227 1581 1314 1652 ἐπῆκε
1337 1579 1391 1651 τήν

257 1661 375 1712 selorum
388 1677 444 1724 rex,
454 1660 521 1712 haec
531 1662 628 1712 verba:
643 1653 736 1724 ἄνδρα
742 1661 798 1709 Κο-
849 1657 940 1709 ἵππον
953 1651 998 1709 ε’πλ
1011 1648 1235 1722 τούςἝλληνας.

255 1733 351 1778 νιαῐον
360 1732 469 1781 adiecta
478 1747 538 1782 esse
548 1732 707 1782 existimem.
721 1731 798 1781 Wes·
882 1724 950 1786 τούς
962 1723 994 1778 di
1005 1726 1241 1791 περιγενομένους
1254 1717 1350 1775 αὐτῶν
1362 1715 1390 1782 ἐς

256 1801 386 1866 selingius
397 1801 569 1864 cogitaverat
579 1801 611 1851 de
619 1801 688 1850 Onne
698 1802 796 1851 suon—
846 1791 897 1856 τὰς
915 1794 980 1855 νίας
997 1794 1151 1862 κατέρξαν]
1171 1798 1189 1846 i.
1206 1813 1229 1847 e.
1248 1812 1307 1858 eos,
1324 1800 1391 1862 quie

255 1887 287 1920 κο
298 1872 325 1920 in
336 1869 516 1934 Perrhaebia,
534 1885 694 1935 quamquam
708 1869 797 1920 diver·
846 1871 944 1931 proelio
953 1868 1191 1931 superstitessuere,
1198 1869 1390 1916 coerceremus.

256 1955 303 1991 sae
330 1942 481 2005 scripturae
503 1944 531 1990 et
554 1940 657 1989 diversi
678 1940 796 1989 nominis
847 1941 1015 2002 compulerunt
1025 1940 1050 1986 iu
1060 1953 1146 1996 naves,
1159 1941 1191 1985 ut
1202 1951 1237 1986 ne
1248 1936 1277 1984 in
1291 1940 1390 1985 terram

256 2009 366 2072 gentilis
378 2014 406 2059 et
417 2009 475 2074 ipse
484 2008 556 2059 haud
566 2009 713 2060 immemor.
726 2011 751 2060 N
753 2025 797 2059 am
848 2008 1012 2059 descendere
1023 2011 1144 2072 possent.
1163 2006 1218 2055 Ubi
1234 2021 1282 2082 pro
1294 1998 1391 2067 κατέρ-

256 2079 368 2129 6τεεεῐιι
385 2079 580 2141 scriptoribus,
598 2079 729 2129 Straboni
747 2079 796 2128 IX.
849 2075 901 2138 ξαν
915 2080 1024 2129 mmime
1034 2091 1102 2140 opus
1113 2075 1201 2140 legere
1211 2071 1389 2138 κατηραξανι

256 2163 282 2212 p.
295 2148 347 2198 446
359 2164 381 2200 s.
398 2164 426 2212 p.
437 2149 527 2210 672Β,
549 2148 723 2209 Ptolemaeo,
738 2148 797 2199 Ste-
848 2148 918 2212 quod
933 2148 1045 2200 verbum
1059 2144 1184 2196 insimili
1199 2160 1228 2194 re
1239 2144 1361 2195 adhiberi
1373 2160 1390 2192 a

255 2216 336 2281 phau.
352 2219 419 2281 Byz.
439 2215 517 2282 (pag.
532 2215 614 2280 276),
635 2218 698 2266 aliis
717 2218 797 2268 modo
848 2219 939 2269 Dione
959 2218 1038 2269 Cass.
1058 2215 1169 2266 XLVII.
1190 2230 1216 2278 p.
1234 2213 1294 2265 366.
1317 2214 1389 2280 [cap.

256 2280 367 2343 Γόννος
380 2286 489 2347 dicitur,
503 2285 584 2336 modo
595 2281 712 2347 Γόννοι,
724 2287 797 2337 unde
848 2287 891 2340 30.
905 2285 960 2352 34]
975 2285 1103 2337 XLVIII.
1117 2281 1175 2349 [13]
1189 2299 1252 2348 pag.
1264 2285 1315 2335 416
1326 2283 1388 2334 noll.

256 2358 337 2404 Gonni
366 2354 438 2420 apud
458 2356 568 2406 Livium
593 2356 728 2418 XXXVI,
755 2356 796 2406 16.
847 2357 999 2419 Herodv,
1015 2355 1065 2406 166
1083 2360 1199 2406 annotat
1216 2352 1388 2418 Wesseling,

255 2425 349 2487 XLII,
364 2425 413 2483 54;
433 2439 501 2489 quae
517 2426 616 2475 civitas
632 2424 667 2475 ad
681 2429 798 2491 septem·
847 2424 919 2474 idem
936 2431 1027 2478 tamen
1042 2430 1117 2475 recte
1134 2439 1240 2490 quoque
1256 2424 1390 2473 Pausani-

256 2493 400 2544 trionalem
426 2494 509 2545 Penei
532 2495 619 2559 ripam
646 2495 719 2558 sita,
749 2494 797 2544 ubi
848 2509 892 2543 am
908 2495 998 2545 citans
1008 2497 1031 2556 l,
1042 2494 1076 2546 32
1084 2495 1119 2545 de
1130 2494 1213 2546 verbo
1223 2492 1388 2556 κατείργειν,

256 2563 504 2629 'l'ompeinoipiunt
517 2578 549 2615 eo
566 2563 642 2629 loco,
662 2565 706 2615 cni
724 2580 797 2615 nune
848 2564 1058 2627 sire,ntIonum
1069 2566 1250 2616 moreanter
1259 2561 1388 2627 loquitur,

255 2648 354 2683 nornen
376 2635 474 2698 Gouiqa
494 2650 516 2686 s.
541 2636 652 2686 donuae.
682 2634 797 2685 Wachs-
848 2633 1001 2699 κατέργειν.
1028 2633 1155 2686 Tuconf.
1171 2634 1264 2698 v,57.
1277 2634 1323 2683 64.
1339 2635 1388 2691 VI,

255 2701 358 2752 muthio
371 2702 478 2754 Hellen.
490 2703 687 2757 Alterthumsk.
698 2705 720 2754 1.
734 2720 796 2769 pag.
849 2703 907 2753 102.
921 2730 955 2740 -
970 2695 1043 2754 οὕτω
1058 2694 1201 2767 ἀπήλλαξε
1213 2703 1388 2754 intransitive

256 2772 305 2823 177
320 2771 486 2835 probabilius
502 2774 611 2824 videtur
624 2774 714 2838 legere
726 2775 797 2823 Γον-

252 2842 351 2975 qqtqqq,
358 2856 440 2907 quam
451 2843 485 2893 ‹le
494 2843 629 2908 Phrygiae
639 2845 739 2908 oppido
752 2859 797 2895 co-

288 3007 490 3083 ἐμηχανίοντο]
521 3016 600 3079 Quod
618 3034 711 3070 omncs
732 3017 796 3068 libri

254 3089 282 3134 et
294 3085 391 3150 scripti
410 3090 437 3136 et
450 3088 516 3138 editi
530 3089 631 3139 habent
644 3080 766 3154 ίμηχανί
786 3119 796 3127 -

253 3168 297 3218 το,
309 3155 337 3204 id
349 3161 506 3222 suspectum
519 3157 627 3207 videtur
633 3159 794 3218 Matthiaeo,

254 3240 307 3289 qno
322 3233 434 3276 auctore
446 3223 589 3290 legendnm
603 3225 647 3277 vel
661 3218 795 3290 ίμεμηχα-

254 3286 337 3341 eiuro
350 3296 395 3359 (de
410 3294 466 3359 quo'
476 3294 742 3360 plusquamperfecto
755 3294 793 3345 ci.

253 3361 373 3441 Grnmm.
391 3363 437 3414 Gr.
450 3365 475 3482 q
491 3364 550 3423 565,
563 3361 619 3428 IV)
639 3364 681 3414 vel
694 3355 794 3428 ἐμηχα.

253 3446 365 3493 νωατο,
396 3437 428 3480 ut
464 3427 603 3493 πειραίατο
629 3432 658 3495 Ι,
682 3432 725 3483 68.
752 3433 796 3485 76.

222 3506 229 3515 ”
253 3501 386 3562 Quamvis
410 3503 480 3551 enim
503 3501 643 3552 Herodoto
670 3501 796 3568 frequen·

252 3574 344 3619 tentor
359 3562 515 3636 ίβουλὲατο,
528 3561 673 3634 ἀπικέατο,
689 3563 794 3637 ἕγινία-

252 3653 301 3700 το,
323 3639 379 3689 alia
396 3640 564 3703 istiusmodi,
581 3640 609 3690 in
626 3643 722 3706 quibus
743 3658 793 3708 pro

252 3731 450 3805 ovrQqatur
461 3720 539 3790 έατο,
550 3742 687 3792 nunqnam
701 3733 793 3780 tamen

250 3828 299 3877 pro
309 3828 389 3863 εοντο
400 3814 513 3878 reperiri
523 3814 564 3865 ait
577 3798 652 3879 εἶ’-το,
664 3815 793 3879 quemad·

250 3883 358 3933 modum
368 3883 418 3934 boc
428 3874 720 3948 Ιοοοίμηχανέατορτο
728 3874 792 3948 ipu-

847 2773 1050 2838 accipiendum:
1068 2773 1106 2823 ita
1118 2772 1235 2823 discessit
1244 2774 1387 2837 reinserta,

847 2850 879 2894 ut
892 2843 914 2902 l,
929 2843 971 2894 lo.

881 2906 936 2961 είσλ
948 2905 1048 2976 ταφαὶ]
1071 2911 1138 2962 Cum
1151 2910 1267 2962 densius
1282 2915 1387 2961 tantum

846 2982 963 3033 hominis
982 2979 1121 3047 sepultura
1139 2988 1252 3046 agatur.
1275 2981 1387 3046 pluralis

845 3068 971 3105 numerus
994 3055 1036 3103 ita
1058 3051 1212 3102 offendebat
1232 3051 1389 3102 Valckena-

845 3121 1387 3253 tlltftttttlttttttlt‘tl

844 3260 905 3315 τοῖν,
919 3257 950 3311 ol
966 3254 1058 3311 ἄλλων
1074 3257 1123 3309 καλ
1143 3255 1314 3324 Ἀγχιμολίου
1333 3254 1387 3308 etei

844 3327 933 3393 ταφαὶ
944 3346 1001 3384 as.
1010 3330 1032 3378 λ.
1054 3330 1148 3380 Malim
1158 3328 1284 3398 eandem
1294 3330 1388 3380 facere

845 3415 907 3450 cum
917 3400 1189 3465 Schweighaeusero,
1205 3399 1269 3464 quid
1281 3398 1316 3449 ad
1331 3399 1357 3448 lr.
1368 3398 1387 3448 1.

845 3468 914 3521 haec
927 3470 1089 3534 adscripsit:
1107 3471 1269 3533 ,meputcrrou
1282 3467 1388 3520 Graece

844 3530 1388 3605 proprierdqoeest3raqqsepulturamt

845 3610 918 3674 apud
928 3613 1058 3662 Nostrum
1066 3608 1089 3665 I,
1101 3610 1144 3659 24.
1159 3609 1218 3659 112.
1233 3608 1387 3660 Videndum

845 3672 1387 3744 igitur,neeidemNostrouIruoulsplur.

844 3749 930 3812 num.)
937 3750 1008 3799 idem
1015 3746 1126 3799 valeant
1134 3740 1242 3813 atqued
1253 3740 1346 3811 τάφος
1356 3749 1385 3797 iu

843 3818 984 3882 singulari.
1012 3816 1046 3867 Id
1058 3817 1081 3867 si
1095 3818 1185 3868 minus
1196 3816 1295 3882 placet,
1309 3816 1384 3867 nullo

843 3891 918 3937 oerte
929 3887 1099 3938 incommodo
1115 3879 1146 3934 αλ
1152 3880 1326 3951 Ἀγχιμολίου
1338 3902 1385 3936 τα-

249 3946 394 4016 χανίοντο.
424 3953 557 4017 Equidem
569 3952 739 4003 Dindorlium
752 3968 792 4005 se·
843 3952 904 4017 φαλ,
916 3956 990 4007 nullo
1000 3957 1084 4006 etiam
1097 3954 1152 4006 alio
1165 3957 1249 4008 verbo
1265 3956 1384 4020 adiecto,

249 4027 340 4086 cutus,
352 4038 432 4088 quern
446 4021 558 4073 eundem
571 4023 655 4072 etlam
664 4023 789 4074 Dietsch.
840 4024 958 4091 intelligi
973 4040 1054 4091 posse
1069 4025 1197 4077 videntur
1207 4026 1348 4076 Ακελιίπολι·
1360 4035 1386 4077 et

249 4097 292 4142 est
317 4096 444 4153 secutus,
472 4092 568 4155 scripsi
589 4083 789 4156 ἐμηχανέοντο,
840 4111 939 4155 eorus,
954 4096 998 4160 qui
1014 4111 1067 4146 εαπ
1078 4098 1121 4146 illo
1132 4097 1284 4159 cecideruut,
1300 4099 1386 4159 sepul-

247 4162 320 4225 qnod
330 4162 366 4211 ab
375 4160 498 4211 omnibus
508 4160 584 4212 libris
592 4160 789 4222 afferturVIlI,
839 4164 916 4213 cra.“
948 4164 1051 4215 Attulit
1063 4165 1163 4215 Iscobs
1176 4166 1205 4216 in
1217 4166 1303 4219 Attio.
1318 4180 1382 4230 pag.

248 4232 273 4283 7.
294 4232 336 4281 52.
370 4230 432 4282 Vid.
445 4229 571 4281 Dindori.
586 4230 736 4285 Comment.
754 4232 787 4283 de
838 4233 890 4285 ³35
900 4235 1041 4300 Euripidis
1056 4234 1146 4285 locum
1159 4236 1187 4285 in
1198 4234 1296 4286 Helen.
1307 4234 1384 4285 lose:

246 4299 379 4350 Herodot.
400 4299 509 4351 dialect.
532 4316 594 4365 pag.
613 4302 734 4352 XXVIII
759 4306 788 4352 et
838 4295 865 4350 εί
875 4297 964 4370 χέρσῳ
980 4296 1075 4367 ταφὰς
1085 4302 1185 4354 θεῖναι
1197 4296 1320 4368 κελεύει,
1335 4304 1384 4354 ubi

246 4368 282 4418 of.
296 4370 413 4421 Brsdov.
424 4384 487 4435 pag.
501 4369 562 4424 330.
577 4397 609 4407 -
623 4371 714 4423 Verba
724 4386 786 4437 pro·
837 4371 871 4423 de
882 4387 936 4422 uno
948 4373 1069 4425 Menelai
1083 4373 1208 4439 sepulcro
1227 4378 1271 4424 est
1284 4389 1382 4424 sermo.

245 4439 317 4490 xime
331 4453 407 4507 seqq.
428 4430 538 4507 ἐπῆκαν
550 4437 591 4509 τῷ
604 4436 785 4509 στρατοπίδῳ
835 4441 905 4495 Add.
916 4442 1092 4511 Aristophan.
1102 4443 1208 4499 inRan.
1219 4445 1272 4496 424
1286 4444 1381 4497 eodem
