3100 5175
274 377 335 441 uo
480 356 483 360 ’
707 382 970 461 unnouosr

271 555 431 629 ναυτικὸν
445 547 506 648 ἦν,
521 556 657 647 σῦμπαν
671 555 728 629 etv
741 555 947 646 πεντήκοντα
961 559 1123 649 μυριάδες
1136 560 1192 629 καὶ
1206 567 1283 649 μία,
1299 557 1407 648 χιλιιί·

273 668 330 743 δες
343 691 378 732 τε
400 670 506 734 ἔπεισι
522 665 576 733 ἐπί
595 662 735 751 ταῦτησι
756 660 857 747 ἑκτὰ,
882 665 938 733 καί
959 663 1041 751 πρὸς
1065 663 1281 745 ἑκατοντάδες
1297 670 1331 749 ἓξ
1352 667 1409 735 καὶ

273 771 382 848 δίκας.
432 772 500 837 Τοῦ
519 767 557 837 δὲ
578 772 678 851 πεζοῦ
698 765 927 855 ἑβδομήκοντα
949 771 1004 839 καί
1021 767 1139 840 ἑκατὸν
1153 769 1315 857 μυριάδες
1337 773 1407 858 ἑνί·

272 899 388 957 νοντο,
408 877 478 941 τοῖν
498 872 543 945 δὲ(
554 875 685 941 ἱππέων
700 868 788 941 ὀκτώ
801 870 973 959 μυριάδες.
1015 872 1197 962 προσθήσω
1215 872 1249 942 δ’
1267 881 1315 942 ἔτι
1329 873 1408 944 τοῦ·

272 997 358 1045 τοισι
376 973 433 1057 τὰς
446 976 615 1064 καμήλους
628 973 706 1056 τοῦς
720 974 924 1055 ἐλαύνοντας
940 974 1116 1066 Ἀραβίους
1130 979 1185 1046 καλ
1199 977 1278 1058 τοῦς
1292 976 1332 1047 τὰ
1346 975 1407 1066 ἆρ-

272 1107 358 1168 ματα
375 1088 520 1167 Λίβυας,
536 1086 666 1168 πλῆθος
680 1078 821 1168 ποιήσας
837 1085 1035 1169 δισμυρίους
1052 1079 1187 1166 ἄνδρας.
1228 1084 1296 1150 Καὶ
1312 1080 1354 1170 δή
1373 1078 1410 1150 τό

271 1210 308 1252 τε
328 1186 365 1252 ίκ
384 1189 453 1253 τοῖν
472 1189 562 1253 νεῶν
582 1185 638 1252 καί
660 1188 720 1253 τοῦ
741 1189 842 1266 πεζοῦ
862 1190 991 1273 πλῆθος
1011 1187 1257 1273 συντιθέμενον
1278 1194 1410 1272 γίνεται

272 1286 443 1377 διηκόσιαί
459 1315 494 1356 τε
515 1287 676 1376 μυριάδες
690 1288 745 1357 καὶ
759 1285 937 1376 τριήκοντα
957 1291 1012 1358 καί
1028 1297 1103 1377 μία,
1123 1288 1278 1379 καὶπρὸς
1298 1288 1406 1377 χιλιά·

271 1397 328 1471 δες
341 1389 423 1461 ἑπτὰ
442 1393 495 1460 καί
513 1391 728 1471 ἑκατοντάδες
743 1394 778 1473 ἓξ
798 1393 853 1460 καὶ
868 1391 978 1472 δεκάς.
1031 1399 1136 1463 Τοῦτο
1155 1394 1218 1480 μὲν
1232 1392 1270 1464 τῦ
1285 1398 1319 1477 ἐξ
1334 1391 1397 1462 αῦ·
1407 1409 1453 1460 592

269 1499 328 1583 τῆς
340 1501 397 1584 τῆς
413 1493 523 1584 Ἀσίης
542 1494 731 1583 στράτευμα
751 1497 936 1585 ἐξαναχθὲν
951 1507 1096 1586 είρηται,
1118 1495 1202 1566 ἄνευ
1216 1526 1252 1567 τε
1273 1504 1330 1585 της
1343 1508 1406 1566 θε-

270 1592 414 1688 ραπηίης
434 1605 492 1688 τῆς
514 1602 676 1688 ἑπομένης
695 1601 751 1668 καὶ
770 1605 839 1668 τῶν
859 1607 1055 1689 σιταγωγῶν
1082 1608 1228 1686 πλοίων,
1256 1604 1313 1671 καὶ
1333 1599 1407 1671 ὅσοι

206 1709 263 1774 185
271 1704 431 1772 ἐνέπλεον
449 1703 604 1774 τούτοισι.
645 1701 690 1774 Τὸ
705 1703 742 1772 δὲ
758 1702 800 1791 δή
815 1706 850 1771 ἐκ
865 1709 921 1793 της
937 1703 1102 1793 Εὐρώπης
1123 1703 1290 1793 ἀγόμενον
1305 1709 1405 1792 στρά-

270 1882 299 1928 et
310 1877 354 1927 vel
367 1878 395 1939 1,
411 1879 442 1928 2ε
462 1894 532 1944 quse
549 1865 620 1930 idern
636 1878 812 1930 Hermsnnns
863 1880 911 1941 8ος
934 1896 986 1946 quo
1001 1879 1158 1932 loeoetism
1172 1881 1274 1932 Arabes
1289 1896 1405 1931 comme·

270 1947 370 1999 attulit.
391 1948 450 2011 Quo
461 1951 546 2014 magis
556 1950 648 2010 miror,
658 1948 730 2013 quod
742 1949 815 1999 bist·
864 1955 1013 2002 rnorsntur.

268 2017 346 2068 thius
359 2017 386 2072 h.
399 2016 417 2068 1.
432 2020 548 2071 retinuit
566 2011 602 2068 niv
619 2006 657 2082 ἦν
677 2018 758 2084 idque
773 2021 814 2069 iu-

267 2092 436 2151 terpretatur
459 2090 578 2152 sortasse
601 2090 714 2153 furunt,
750 2104 811 2139 enm
899 2087 990 2139 Τοῦτο
1006 2084 1058 2153 μὲν
1071 2081 1103 2137 τό
1116 2081 1143 2150 ἐξ
1154 2080 1243 2155 αῦτής
1254 2085 1306 2154 τῆς
1316 2082 1405 2152 ’,δοίης

268 2149 447 2208 sisrvslest:
462 2160 649 2222 sorturrerirrt.
679 2158 812 2210 Effioiunt
862 2176 887 2211 κ.
908 2175 931 2208 τ.
951 2158 987 2224 t]
1011 2159 1143 2211 Voeulsrn
1169 2152 1206 2224 δή
1229 2166 1293 2225 post
1316 2152 1403 2222 pire

267 2234 358 2276 sutem
374 2226 499 2289 τέσσερες
509 2222 645 2293 μυριάδες
659 2224 706 2276 καλ
719 2225 809 2278 είκοσι
861 2229 984 2281 Medioeo
1007 2228 1142 2280 sdsoitsur
1168 2246 1185 2280 a
1206 2229 1356 2281 Sehsefero
1378 2236 1403 2279 et

267 2312 398 2346 summum
420 2299 535 2349 militum
560 2298 721 2359 240,000;
747 2299 811 2349 inde
861 2300 960 2351 Metth.
992 2299 1117 2366 equidem
1151 2316 1212 2351 eum
1239 2299 1401 2364 Schweigb.‚

267 2367 406 2431 copiarum
423 2369 561 2419 nuvslium
579 2367 811 2419 surnmssdsoen·
862 2370 949 2421 Gsisi.
979 2376 1008 2421 et
1031 2369 1155 2421 Bekkero
1182 2386 1263 2436 quem
1288 2376 1399 2420 reeentt

268 2437 309 2486 dit
323 2436 356 2484 sd
370 2437 405 2487 51
417 2438 516 2499 7,000
530 2438 641 2488 milites.
862 2440 923 2491 edd.
945 2445 1108 2504 sequnntur,
1136 2439 1302 2503 reliquorum
1327 2439 1397 2490 codd.

303 2504 364 2553 Τοῦ
385 2499 417 2555 δὲ
437 2504 533 2574 πεζοῦ]
560 2509 600 2556 De
624 2506 710 2570 copiis
730 2508 812 2572 pede·
862 2512 1028 2560 suetoritste
1053 2510 1149 2561 delevi.
1190 2511 1307 2561 Videtur
1336 2511 1396 2559 enirn

267 2576 547 2639 stribusvid.VlI,tiO
556 2577 649 2642 ibique
658 2581 727 2626 nott.
740 2579 812 2640 Qus·
862 2580 909 2630 ills
922 2580 991 2631 ursle
1003 2580 1056 2631 huc
1068 2580 1205 2632 trsnslsts
1214 2598 1228 2632 s
1238 2597 1317 2645 seqq.
1332 2571 1362 2629 τί
1372 2570 1397 2626 δὲ

264 2661 324 2695 rum
345 2661 451 2698 summu
475 2650 586 2700 exsistit
612 2645 807 2711 1‚700‚000;
859 2648 896 2714 δή
919 2641 949 2698 ἑκ
970 2648 1021 2714 τῆς
1041 2640 1192 2714 Εῦρωπης.
1229 2652 1270 2702 De
1293 2666 1399 2702 numero

265 2716 400 2768 secedunt
413 2717 661 2784 equitessopou
687 2718 720 2768 ln
730 2735 807 2784 seqq.
859 2722 999 2786 copiarum
1023 2719 1057 2769 sd
1079 2721 1103 2771 h.
1124 2720 1142 2771 1.
1165 2722 1234 2772 bueo
1259 2722 1400 2771 adnotavit

264 2786 360 2851 Libyes
375 2790 422 2853 qui
437 2794 587 2844 voesntur,
606 2793 670 2838 sunt
681 2789 742 2838 stri
755 2793 807 2840 Ae·
858 2791 1145 2856 Schweighaeuserus:
1163 2790 1328 2855 „Colligitur
1337 2807 1400 2840 ssns

264 2862 349 2920 gypto
364 2861 463 2921 vieini,
482 2860 529 2926 qui
540 2858 671 2922 Csmbysi
685 2873 714 2909 se
726 2859 808 2909 dede·
859 2863 989 2913 universa
1010 2861 1065 2910 ists
1082 2876 1188 2911 summu
1207 2861 1353 2923 ruttulo
1369 2877 1400 2910 er

264 2933 327 2977 rsnt
340 2927 409 2991 (ΙΙΙ,
422 2931 469 2993 tu,
479 2930 525 2996 91)
545 2935 572 2977 et
588 2928 650 2978 inde
670 2930 696 2978 in
709 2930 807 2981 Xersis
858 2932 970 2981 summis
985 2930 1197 2996 particularibus
1214 2937 1279 2982 snte
1294 2932 1399 2995 positis.

263 2997 351 3061 oopiis
370 3015 452 3066 snprs
470 3004 663 3052 enumerantur
681 2999 747 3062 Vll,
762 3000 805 3050 71.
859 3001 1013 3054 Confieiunt
1026 3002 1097 3051 eninr

472 3119 538 3170 1201
557 3125 593 3173 ><
611 3116 661 3168 200
693 3155 1196 3173 ............
1268 3121 1383 3182 'limosi

471 3190 594 3248 1201)(
629 3187 662 3238 30
694 3225 1195 3243 ............
1285 3191 1383 3252 :turio

470 3259 539 3312 3000
557 3265 593 3318 ><
626 3258 660 3308 80
692 3295 1195 3312 ............
1268 3261 1382 3321 240000

261 3345 340 3395 Unde
358 3348 450 3410 prodit
467 3360 571 3399 summu
590 3345 729 3409 copiarum
743 3345 881 3396 nsvuiium
920 3383 1196 3399 .......
1228 3333 1397 3409 W

260 3448 311 3499 His
327 3450 463 3501 uoceduut
475 3448 605 3517 pedites.
644 3485 650 3497 .
691 3436 699 3497 .’
735 3485 1014 3502 .......
1029 3419 1059 3502 ⁹.
1098 3485 1105 3502 .
1142 3489 1149 3502 .
1186 3487 1193 3500 .
1242 3450 1381 3512 Ι,700,000

347 3521 453 3586 equites
465 3554 1193 3572 .................
1284 3518 1380 3581 80000

346 3591 457 3641 camelis
477 3596 503 3641 et
520 3587 644 3639 curribus
662 3590 736 3639 vecti
783 3626 1194 3643 ..........
1284 3590 1379 3646 ’20000

257 3677 336 3730 Unde
355 3677 446 3743 prodit
464 3679 603 3744 oopisrnru
622 3691 656 3725 ex
668 3676 735 3726 Asis
747 3677 968 3728 transductsmm
987 3693 1105 3739 summu,
1126 3693 1197 3743 quse
1230 3661 1390 3669 *m

423 3748 468 3800 hie
486 3748 647 3799 subducitur
688 3782 1192 3800 ............
1237 3745 1378 3808 2317010

257 3852 315 3901 Ism
335 3852 377 3902 his
397 3867 477 3916 porro
494 3850 630 3902 secedunt
649 3849 763 3900 navales
782 3851 877 3917 copiae
898 3867 931 3902 ex
944 3852 1062 3902 Threcia
1084 3858 1112 3902 st
1128 3851 1196 3902 viei-

425 3923 466 3972 nis
483 3922 582 3972 insulis
604 3922 652 3972 120
664 3928 700 3977 ><
710 3921 763 3972 200
1283 3920 1378 3981 241100

345 3997 372 4042 st
391 3997 535 4044 terrestres
553 3993 649 4057 oopise
668 4006 701 4041 ox
719 3991 821 4042 eisdem
840 3992 998 4056 regionibns
1050 4030 1056 4042 .
1095 4029 1102 4044 .
1140 4030 1146 4042 .
1185 4029 1191 4041 .
1264 3990 1377 4046 300000

256 4077 335 4129 l'nde
353 4080 471 4132 bominum
491 4089 645 4132 armatorum
670 4078 839 4144 (inquorum
858 4079 964 4142 quidem
983 4095 1095 4130 numero
1114 4081 1194 4130 etiam

422 4153 539 4217 remiges
556 4148 834 4214 comprehenduntur)
854 4148 945 4214 prodit
964 4164 1067 4200 summa
1094 4189 1100 4201 .
1139 4187 1145 4199 .
1183 4186 1190 4199 .
1220 4147 1385 4228 31000010

257 4237 310 4298 Qui
328 4253 455 4289 numerus
474 4236 631 4302 duplicatus
651 4236 698 4287 dut
712 4235 850 4286 hominurn
868 4251 998 4287 summum
1014 4252 1074 4300 esp.
1089 4236 1123 4287 80
1142 4251 1193 4286 me·
1513 4227 1515 4284 1

423 4313 555 4359 morsiam
601 4341 1193 4359 ,,,,,,,,,,,,,,
1221 4304 1389 4366 5‚283,‘.'20.“
1513 4312 1515 4327 .

255 4407 297 4457 De
317 4408 365 4470 iis,
385 4425 455 4473 quse
471 4409 520 4460 siii
533 4411 645 4461 tradunt
662 4411 697 4459 sb
711 4411 798 4459 Hero·
854 4425 925 4461 mero
945 4407 1107 4470 indicando,
1129 4408 1186 4459 vid.
1200 4413 1270 4459 nott.
1281 4410 1318 4468 μδ
1331 4410 1388 4471 VII,

256 4477 320 4527 doto
335 4477 530 4532 dissentientes
551 4482 578 4530 in
596 4480 735 4545 eopisrurn
749 4495 798 4529 nu·
851 4479 894 4531 00.
1195 4495 1201 4508 ·
