3100 5175
232 384 290 445 106
665 383 930 444 HERODOTI

229 565 305 649 δησι
324 555 573 648 μηχανώμενοι,
601 549 683 643 παρ’
707 551 959 644 Ἀμφικτυόνων
983 554 1041 625 τὸν
1061 553 1143 644 νηὸν
1163 556 1364 642 μισθοῦνται

227 776 281 824 ses,
289 760 335 825 qui
345 758 458 810 candem
468 771 554 822 aeque
565 752 768 819 atqueHarmo-
822 749 990 823 Πάρνηθος.
1011 756 1155 809 Poeoaidns
1164 754 1192 802 in
1202 753 1298 803 Attica
1310 767 1363 800 me-

227 831 267 880 dii
280 835 308 879 et
322 829 519 890 Aristogitonis
535 824 643 874 facinus
654 823 697 872 vel
710 840 767 874 car·
819 836 908 878 morat
920 830 1083 892 llerpocrat.
1095 843 1118 878 a.
1131 840 1157 877 v.
1170 821 1319 877 Παιανιεῖς
1330 836 1363 870 ac

227 898 344 949 minibus
352 895 552 948 celebraverint
561 892 668 944 cantari
678 894 768 944 solitis

228 971 257 1018 in
275 969 402 1018 iuvenum
414 966 559 1017 conviviis.
577 989 611 1000 —
630 964 695 1013 Mox
713 979 769 1013 om-

228 1053 275 1087 nes
286 1036 364 1087 codd.
374 1053 380 1086 :
398 1027 430 1085 τὸ
441 1027 674 1097 indominatas,
687 1033 768 1097 quod,

227 1122 288 1157 cum
295 1107 418 1169 Paeonia,
430 1103 608 1169 Macedoniae
621 1105 705 1166 regio,
719 1104 769 1152 mi·

227 1177 299 1225 nime
319 1176 354 1225 ad
371 1175 491 1225 Atticam
513 1171 649 1239 pertinere
662 1173 768 1238 possit,

226 1244 341 1295 Wessel.
354 1243 522 1296 etValckcn.
534 1246 665 1290 mutatam
679 1242 771 1293 volue-

227 1320 293 1365 runt
309 1314 338 1362 in
359 1307 391 1363 τὸ
408 1304 480 1374 ὑπὲρ
497 1306 673 1373 Πάρνηθος,
698 1311 770 1377 quod

227 1383 358 1436 Schacicr
379 1388 407 1432 et
432 1387 496 1447 pest
518 1380 592 1429 illum
614 1380 722 1431 lacobs.
741 1381 771 1429 in

226 1454 311 1503 Attia.
332 1467 360 1516 p.
375 1451 425 1503 33³
436 1452 554 1515 recepit,
574 1448 674 1512 quihus
693 1465 770 1500 acce·

227 1524 269 1574 dit
278 1521 404 1573 Bobrick.
419 1518 558 1585 Gangen.
570 1517 675 1568 Herod.
689 1536 717 1585 p.
727 1521 769 1568 211,

226 1595 296 1644 Nam
306 1594 408 1642 Pontes
420 1605 506 1650 mons,
519 1601 603 1651 supra
616 1602 694 1650 quem
707 1588 770 1639 hoc-

227 1678 258 1712 ce
277 1659 419 1711 castellum
437 1661 519 1711 fuerit
536 1659 633 1718 eitum,
651 1659 686 1708 ed
699 1660 770 1708 Atti-

227 1747 287 1781 cam
301 1732 418 1781 maxime
427 1730 555 1795 pertinet,
570 1727 624 1790 que
634 1728 692 1778 scil.
701 1731 770 1777 Boe-

228 1801 301 1850 otiae
325 1805 367 1851 eat
386 1801 530 1864 contigua,
557 1795 707 1848 cohaerens
725 1798 769 1847 ille

226 1870 335 1934 quidem
345 1885 406 1919 cum
416 1869 577 1919 Cithaerone
591 1865 708 1933 indeque
723 1882 770 1931 per

226 1954 322 2003 agrum
338 1939 531 1989 Rhamnusium
548 1935 770 2001 admissusque

226 2013 376 2071 porrectus.
396 2010 474 2059 Nunc
484 2023 545 2057 eum
557 2006 641 2054 uariis
656 2007 769 2056 nomini-

226 2077 277 2126 hus
290 2078 459 2128 modeGaeha
468 2093 492 2130 s.
503 2076 598 2125 Kortia
611 2076 675 2136 dici,
689 2076 769 2125 modo

226 2146 289 2196 Oria
308 2162 330 2199 s.
346 2146 440 2208 Noxia,
459 2145 539 2196 modo
556 2144 670 2204 Nomen,
690 2151 770 2194 notat

225 2216 327 2266 Kruse:
345 2215 441 2266 Hellas
450 2216 488 2279 11,
501 2215 524 2263 1.
539 2228 600 2278 pag.
612 2214 637 2275 7,
650 2215 696 2262 ubi
707 2216 769 2264 vide

225 2284 312 2350 plura.
340 2285 377 2334 at
394 2286 423 2334 in
435 2284 577 2335 Herodoto
591 2281 719 2348 vulgatae
732 2282 769 2333 le·

227 2354 312 2404 ctioni
322 2354 445 2405 codicum
458 2353 625 2405 auctoritate
636 2352 768 2417 probatae

225 2424 284 2474 iure
301 2424 470 2487 patrocinari
483 2423 593 2473 videtur
606 2421 768 2486 Larchcrus,

226 2493 389 2556 observans,
409 2487 569 2546 Παιονίδας
588 2505 609 2538 s.
623 2489 767 2540 Παιονίαν

225 2562 343 2614 inveniri
357 2560 465 2613 demum
478 2561 600 2613 Atticum
617 2561 652 2611 ad
668 2562 769 2612 Parne-

226 2632 280 2682 this
292 2633 390 2683 montis
405 2634 511 2683 radices
528 2632 626 2694 situm,
641 2647 694 2681 nou
707 2648 768 2696 pro-

226 2699 269 2752 cul
276 2700 450 2752 abAcharnis
457 2718 488 2754 eo
498 2703 555 2751 lere
561 2702 589 2750 in
596 2699 668 2763 loco,
677 2703 705 2751 in
714 2717 767 2765 quo

225 2785 297 2821 nunc
306 2770 396 2822 vicum
406 2772 512 2833 Mem'dr',
520 2785 600 2834 quem
609 2771 698 2835 ipsum
708 2770 768 2822 Gel-

224 2839 276 2889 lius
298 2855 348 2904 pro
372 2846 496 2891 veterum
517 2838 652 2891 Acharnis
673 2840 769 2890 haberi

224 2909 321 2972 voluit,
335 2909 487 2970 collocant;
503 2910 544 2958 ita
554 2914 682 2974 utsupra
695 2910 767 2959 hunc

205 2980 426 3031 'Paeouidarum
457 2983 565 3031 demum
594 2979 767 3044 Lipsydrium

224 3047 366 3100 castellum
378 3056 546 3101 exstructum
557 3048 649 3112 fuerit,
665 3050 767 3114 optime

224 3117 339 3169 docente
348 3120 449 3170 Krusio
460 3119 479 3170 l.
487 3119 506 3170 l.
518 3120 555 3179 ΙΙ,
569 3120 591 3169 l.
603 3135 630 3183 p.
640 3120 691 3169 288
703 3119 765 3170 coll.

224 3187 284 3251 287,
292 3189 337 3238 cui
346 3203 417 3239 nunc
429 3188 585 3238 adiicitoss.
595 3189 637 3236 in:
648 3188 733 3239 Bliitt.
744 3190 764 3240 f.

225 3257 295 3309 liter.
307 3256 550 3308 Unterhalt.1833.
562 3272 602 3306 nr.
611 3256 672 3308 231.
679 3273 706 3322 p.
715 3256 766 3307 955

224 3326 367 3377 etLealre:
381 3328 546 3376 DieDemen
555 3341 582 3375 v.
590 3326 721 3390 Attikap.
731 3328 765 3377 117

224 3395 267 3445 ed.
276 3396 421 3445 Westerm.
444 3396 555 3445 Etenim
564 3410 580 3443 a
592 3395 654 3444 vico
664 3396 766 3445 Menidi

223 3464 247 3513 si
258 3479 338 3514 unam
350 3464 443 3513 horam
453 3464 621 3529 alteriusque
632 3464 766 3527 quadran-

224 3539 279 3583 tem
291 3534 482 3596 adscendens,
493 3534 528 3582 ad
542 3534 641 3583 montis
656 3535 764 3584 radices

223 3604 296 3653 inter
314 3602 398 3654 silvas
412 3618 496 3668 prope
511 3603 582 3667 iugis
601 3617 689 3666 aquae
707 3604 766 3653 ion·

223 3677 276 3722 tem
295 3689 317 3723 s.
335 3672 451 3722 rivulum
469 3673 592 3723 invenies
610 3672 705 3723 Sancti
718 3674 765 3724 Ni·

222 3740 417 3804 colationem,
433 3757 515 3808 quam
527 3758 559 3794 eo
572 3743 629 3793 fere
643 3740 704 3793 loco
718 3758 765 3793 ex-

222 3817 354 3862 structam
373 3817 489 3877 putant,
508 3812 555 3862 ubi
573 3817 651 3863 vetus
667 3812 764 3878 Lipsy-

222 3882 310 3931 ddum
321 3881 376 3931 luit
387 3883 478 3946 situm,
489 3880 555 3933 licet
566 3882 658 3932 nullae
672 3898 764 3948 super·

222 3951 278 4001 sint
289 3950 435 4017 reliquiae:
457 3952 528 4002 hunc
542 3968 608 4003 vero
619 3953 707 4003 locum
719 3952 763 4003 be·

221 4037 255 4072 ue
271 4021 387 4072 electum
399 4037 460 4073 esse
473 4022 591 4087 addunt,
614 4024 715 4088 quippe
730 4038 763 4073 cx

819 899 940 949 Pausan.
956 899 998 960 11,
1016 899 1056 947 18.
1072 901 1096 958 ξ.
1110 897 1135 956 7,
1150 893 1197 958 qui
1210 892 1280 942 idem
1295 892 1362 950 1,·.›.

820 971 844 1031 ξ.
859 970 892 1030 4,
905 968 951 1018 uhi
965 967 1000 1018 ct.
1016 964 1131 1016 Siebelis
1145 979 1171 1027 p.
1189 963 1237 1019 ll,
1252 961 1293 1011 31.
1308 962 1363 1021 §.2

820 1037 882 1091 coll.
896 1036 1032 1088 Plutarch.
1054 1036 1090 1084 ΙΙ.
1108 1048 1171 1099 pag.
1190 1031 1276 1081 8th
1296 1029 1364 1078 Poe·

821 1110 901 1158 oniam
916 1110 1045 1157 memorat
1058 1104 1209 1154 Minervam
1230 1101 1258 1149 ia
1271 1099 1364 1148 Attica

821 1177 932 1227 cultam.
960 1178 1010 1226 Est
1022 1189 1097 1233 vero,
1110 1178 1141 1222 ut
1151 1171 1181 1221 O.
1195 1169 1227 1218 0.
1241 1167 1363 1219 Mueller.

822 1247 887 1308 (Zur
900 1248 985 1296 Karta
1000 1245 1025 1295 d.
1046 1242 1131 1292 niirdl.
1149 1237 1363 1291 Griccheulands

821 1332 885 1381 pag.
901 1315 946 1381 36)
968 1315 1114 1370 observat,
1132 1312 1247 1360 Paeonio
1266 1322 1363 1357 nomen

821 1379 1188 1449 regionis,1'ueoui‹loedcmi
1201 1393 1307 1428 nomen⁴
1321 1378 1363 1426 De

823 1454 1049 1521 quovid.Leake:
1063 1447 1365 1500 brenemenvartika

822 1525 898 1589 psi).
912 1523 961 1574 130
971 1530 998 1574 et
1007 1521 1044 1572 cs.
1054 1515 1305 1571 etiamGrotefend:
1321 1517 1364 1566 De

822 1594 907 1644 demis
926 1598 954 1644 et
970 1594 1049 1657 pagis
1063 1590 1165 1639 Atticc.
1182 1603 1208 1652 p.
1226 1587 1258 1639 31
1277 1591 1305 1636 et
1319 1587 1362 1636 3⁶2.

821 1691 855 1700 -
872 1662 913 1712 Ad
929 1662 1012 1713 verba
1031 1661 1089 1708 miv
1108 1649 1153 1707 ἐπὶ
1172 1657 1247 1705 τοῖσι
1268 1654 1362 1704 Πεισι-

821 1730 985 1797 στρατίδῃσι
996 1723 1194 1797 μηχανώμενοι
1207 1724 1279 1778 conl.
1291 1732 1361 1776 nott.

820 1802 913 1863 ale,
929 1804 987 1855 154.

855 1866 1041 1936 μισθοῦνται]
1055 1865 1362 1940 ἰ.ο.αα1ίηίτανηίνοιτον-

821 1944 1049 2005 ducentenarium,
1068 1953 1129 1989 cum
1143 1934 1271 1999 μισθονν
1285 1933 1317 1983 de
1331 1949 1364 1983 eo

822 2012 944 2073 dicatur,
964 2013 1010 2077 qui
1026 2011 1115 2060 elocot.
1131 2010 1162 2054 ut
1174 2004 1216 2066 ΙΙ,
1235 2004 1294 2055 180.
1321 2005 1363 2053 Tu
1448 2051 1453 2059 ,

820 2081 877 2132 vid.
891 2084 1001 2131 Kuster.
1018 2080 1058 2128 lle
1072 2076 1164 2129 verbh.
1179 2075 1291 2123 Graecc.
1310 2088 1364 2123 me·

822 2151 875 2200 diis
889 2152 926 2202 11.
941 2154 965 2212 5.
981 2151 1021 2201 16.
1041 2163 1104 2212 pag.
1120 2145 1178 2195 146.
1197 2142 1300 2218 Herod.
1313 2142 1362 2205 lx,

820 2223 854 2270 54
868 2218 930 2270 coll.
944 2220 970 2275 Ι,
984 2221 1027 2268 21.
1058 2219 1099 2267 Ι)ο
1116 2229 1182 2264 voce
1200 2226 1271 2276 νηος
1289 2212 1362 2262 coni.

821 2295 890 2339 nott.
905 2289 941 2339 ad
956 2289 982 2347 1,
995 2287 1037 2337 50.
1056 2313 1088 2323 -
1108 2282 1273 2334 adverbum
1291 2272 1363 2341 ἕξοι·

819 2356 978 2422 νοὸομήσαι
990 2363 1018 2407 ct
1030 2345 1224 2418 ἐξεργάσαντο,
1235 2343 1362 2414 ἐξεποίη-

821 2441 873 2476 σαν
886 2429 922 2479 ci.
936 2433 1006 2478 nott.
1019 2428 1053 2475 ad
1068 2425 1110 2486 11,
1126 2424 1183 2500 175.
1197 2421 1321 2501 1793180
1334 2428 1363 2471 et

819 2499 854 2548 ad
864 2498 1030 2548 locutionem
1040 2505 1191 2560 χρημάτων
1202 2505 1233 2540 ev
1244 2505 1362 2553 ηκοντις

821 2569 852 2634 (i.
870 2585 894 2619 e.
907 2568 1022 2631 pecuniis
1039 2563 1210 2621 οίιιοιιίαοίαε,
1228 2561 1360 2625 florentes)

820 2638 892 2688 conf.
908 2642 977 2687 nott.
991 2635 1026 2686 ad
1040 2637 1068 2699 1,
1084 2634 1126 2683 30.
1144 2632 1199 2681 149.
1215 2632 1273 2681 102.
1299 2632 1362 2680 Alia

819 2708 897 2757 dabit
906 2707 1004 2757 Iacebs
1020 2705 1055 2755 ad
1068 2702 1173 2755 helian.
1186 2700 1221 2749 N.
1235 2703 1266 2754 Δ.
1280 2700 1304 2763 1,
1320 2703 1360 2750 12.

819 2792 881 2841 pag.
902 2778 942 2827 14.
970 2769 1226 2831 conterimini,
1244 2770 1290 2819 157
1309 2771 1360 2819 ibl-

820 2862 872 2910 que
884 2845 979 2895 allata.
1014 2844 1056 2895 Ad
1067 2835 1211 2892 ἀνέκαθεν
1229 2840 1265 2889 ef.
1281 2842 1313 2901 V,
1327 2841 1361 2889 55

819 2922 847 2965 et
865 2915 899 2965 de
913 2914 1011 2966 vocula
1026 2908 1066 2962 ἔτι
1089 2914 1128 2963 sic
1148 2910 1303 2974 postposita
1316 2910 1360 2958 le-

819 2985 894 3037 cobs.
908 2986 942 3034 ad
955 2983 1061 3034 helian.
1072 2985 1106 3034 N.
1117 2982 1149 3030 A.
1162 2994 1226 3043 pan.
1241 2980 1303 3029 (139.
1328 2980 1361 3028 ln

818 3055 940 3119 proxime
953 3053 1129 3131 sequentibus
1140 3049 1247 3101 verbis:
1262 3040 1313 3096 τόν
1326 3064 1360 3096 τε

819 3116 891 3187 νηὸν
904 3117 1088 3186 ἐξεργάσαντο
1100 3119 1198 3169 vocula
1209 3131 1236 3165 τε
1249 3120 1289 3167 ita
1305 3118 1360 3167 dis·

817 3194 901 3257 plicet
921 3195 1009 3243 Eltzio
1031 3190 1155 3257 (Jahrbb.
1180 3187 1198 3238 1.
1214 3187 1310 3237 Philol.
1333 3204 1359 3237 u.

817 3261 937 3326 Paedag.
953 3262 1047 3326 Suppl.
1060 3261 1109 3309 IX.
1123 3275 1150 3323 p.
1168 3258 1245 3318 330),
1265 3262 1296 3306 ut
1314 3273 1359 3307 su-

816 3332 938 3395 spicetur
948 3332 983 3381 ab
996 3329 1136 3381 Herodoto
1154 3327 1285 3390 seriptum
1298 3343 1360 3377 csse

816 3394 910 3449 τόνδε
924 3417 972 3465 pro
984 3393 1087 3450 corte.
1108 3395 1243 3461 Equidem
1258 3398 1360 3447 retinui

816 3484 845 3517 τε
864 3472 949 3535 priori
973 3469 1105 3539 orationis
1128 3467 1201 3531 parti
1223 3466 1359 3526 additum,

816 3542 860 3589 cui
881 3540 1026 3605 respondet
1043 3534 1091 3588 καὶ
1116 3537 1145 3585 in
1167 3536 1254 3585 altera
1280 3543 1361 3602 parte

815 3611 933 3673 positum
946 3616 974 3659 et
986 3608 1151 3674 iungendum
1160 3621 1220 3656 cum
1233 3598 1360 3669 ἐξεποίη.

816 3691 883 3728 σανι
899 3678 964 3728 illud
975 3694 1039 3729 vero
1048 3692 1076 3727 τε
1086 3678 1218 3739 repetitur
1229 3676 1359 3739 quodam-

816 3748 896 3799 modo
912 3750 1001 3800 verbis
1014 3742 1049 3797 τά
1066 3761 1093 3795 τε
1109 3742 1187 3795 ἄλλα.
1207 3774 1239 3781 -
1257 3747 1359 3796 Vocem

815 3810 994 3882 παράδειγμα
1013 3818 1085 3868 idem
1097 3815 1197 3866 lacobs
1218 3815 1247 3864 in
1263 3816 1360 3865 Attica

815 3904 842 3953 p.
859 3887 909 3939 333
928 3889 968 3938 sic
983 3889 1107 3952 exponit:
1129 3886 1200 3947 „der
1211 3885 1290 3943 Riss,
1305 3885 1358 3935 den

815 3958 860 4007 die
883 3957 1082 4008 Uutcrnehmer
1105 3956 1180 4006 eines
1205 3954 1288 4004 Beu's
1313 3956 1359 4005 he-

814 4026 907 4093 iolgen
926 4029 1052 4089 missen,
1073 4028 1123 4075 mit
1140 4025 1273 4089 inbegriff
1290 4023 1359 4074 aller

221 4093 536 4157 quototapcteatregio
552 4097 579 4143 et
595 4092 666 4143 unde
683 4093 763 4143 simul
814 4112 875 4147 vom
899 4096 1042 4146 Bauherrn
1070 4095 1232 4159 gemachten
1256 4094 1358 4144 Berlin-

220 4161 249 4210 in
257 4162 349 4212 vicina
360 4162 422 4212 loca
431 4162 500 4212 bene
510 4177 652 4213 excurrere
662 4163 761 4226 possis.
813 4168 951 4231 gangen.“
962 4167 1024 4220 Vid.
1033 4163 1357 4227 Thesaurmingflmec.

221 4231 312 4292 Quare
325 4231 393 4280 nihil
402 4236 476 4282 certe
487 4233 516 4282 in
526 4233 660 4283 Herodoti
671 4232 762 4283 verbis
814 4239 846 4287 V.
860 4252 924 4301 pag.
934 4236 985 4287 238
999 4235 1042 4287 ed.
1052 4234 1178 4285 Dindorf.
1187 4234 1306 4295 -Quod
1321 4234 1357 4282 ad

220 4300 488 4363 immutandum‚nec
500 4303 709 4366 magisnecesse
720 4305 763 4353 est
812 4305 867 4355 loci
888 4311 1076 4370 argumentum
1091 4306 1208 4366 attinet,
1233 4303 1290 4355 vid.
1312 4318 1358 4352 au-

221 4384 283 4420 cum
295 4368 514 4435 Schweighaeus.
530 4372 678 4422 rescribere
688 4362 762 4430 sinin
814 4390 862 4438 pra
875 4375 910 4425 ad
922 4376 964 4439 11,
981 4375 1031 4426 180
1045 4380 1072 4426 et
1087 4376 1115 4434 I,
1132 4374 1167 4425 50
1180 4376 1292 4433 notata,
1309 4373 1357 4422 ubi

222 4435 364 4497 Hercvles
381 4437 436 4505 [vel
448 4441 538 4505 potius
551 4437 703 4508 Παιονίης]
715 4432 762 4492 lul
813 4444 939 4496 incendio
952 4448 1142 4510 consumptum
1155 4441 1284 4506 templum
1291 4442 1357 4492 Del·
