3100 5175
249 401 290 468 86
681 394 953 461 HERODOTI

204 582 411 652 53τοσαῦταί
423 583 486 648 είσι
500 580 536 647 ἐκ
550 579 712 702 Σαρδίων
725 577 757 654 ἐς
771 576 888 642 Σοῦσα
901 568 1129 695 ἄναβαίγοντι.
1167 573 1245 638 Είιλ
1246 563 1390 655 {desinis

251 688 449 777 μεμέτρηται
469 677 615 769 ἡὸδὸς
599 710 619 770 η
633 688 790 771 βασιληΐη
804 695 889 748 τοῖσι
904 674 1155 763 παρασάγγῃσι,
1178 674 1234 743 καὶ
1247 668 1264 740 6
1278 699 1389 755 παρα-

249 790 374 911 σόγγης
397 786 538 857 δύναται
562 785 738 874 τριήκοντα
759 783 897 867 στάδια,
926 778 1038 865 ὥσπερ
1062 769 1159 858 οὗτός
1185 805 1225 865 γε
1247 775 1389 845 δύναται

250 898 371 976 ταῦτα,
393 895 429 960 ἐκ
450 895 609 975 Σαρδίων
627 887 745 958 οταδιό
766 890 872 958 ἐστιέ
873 913 889 965 ς
912 884 951 954 τὰ
972 882 1128 973 βασιλήια
1148 879 1188 950 τὰ
1208 879 1391 969 Μεμνόνια

251 996 434 1084 καλεόμενα
456 992 657 1063 πεντακόσια
677 993 732 1062 καὶ
752 998 916 1080 τρισχίλια
936 989 991 1058 καὶ
1004 986 1124 1077 μόρια,
1145 988 1391 1074 παρασαγγέων

251 1197 369 1248 Hecreu
384 1193 476 1245 Ideen.
492 1195 519 1256 Ι,
539 1192 565 1247 3.
579 1210 643 1258 pag.
658 1194 725 1256 402,
746 1192 795 1242 ud·
846 1205 934 1240 κοντα
953 1180 1064 1253 στάδια]
1092 1189 1193 1250 Arripit
1211 1189 1266 1238 ista
1283 1187 1391 1238 codicis

251 1230 649 1327 huosauedefinirilrequeat,
666 1265 796 1313 innume·
846 1260 968 1311 Palatini
985 1259 1128 1321 librarius,
1152 1259 1184 1309 de
1207 1273 1259 1323 quo
1276 1257 1332 1306 vid.
1354 1257 1393 1307 nd

252 1338 291 1387 ris
310 1334 424 1398 singulis
445 1332 634 1397 computandis
653 1348 716 1381 num
737 1335 795 1397 ipse
847 1330 976 1382 calcemll
978 1333 1145 1379 ommentett.
1153 1327 1296 1379 Herodoti.
1305 1326 1392 1376 Creu·

252 1404 409 1456 Herodotus
425 1403 508 1452 luerit
527 1405 635 1466 lapsus,
657 1418 692 1452 an
712 1401 797 1466 <quod

254 1475 377 1540 equidem
395 1471 497 1535 malim)
513 1472 685 1522 librariorum
699 1472 796 1535 culpae

251 1546 304 1595 hoc
318 1543 490 1593 tribuendum
501 1543 546 1591 sit.
572 1542 649 1605 Quod
661 1558 725 1593 vero
735 1543 796 1591 lruic

254 1614 374 1665 delectui
388 1614 429 1662 ita
450 1613 571 1662 succurri
586 1628 666 1677 posse
684 1617 795 1677 putant,

254 1690 295 1738 ut.
308 1682 356 1733 ubi
365 1683 522 1733 Herodotus
532 1683 685 1732 mansiones
698 1682 726 1730 iu
736 1682 796 1730 Ma-

253 1753 388 1804 tienorum
400 1757 472 1801 terra
483 1752 597 1814 ΙιιιΙΙοειΙ,
611 1751 741 1802 nonnulla
751 1767 796 1801 ex·

254 1823 323 1873 oidis
312 1837 355 1871 se
369 1837 522 1883 sumamus,
544 1823 583 1872 sie
598 1822 656 1872 sere
672 1821 797 1898 supplen-

255 1892 303 1941 da:
324 1888 452 1953 σταθμοί
459 1885 512 1939 είσι
522 1884 646 1947 τέσσερες
659 1886 706 1939 καλ
720 1882 797 1952 τριή

255 1975 360 2021 κοντα,
388 1953 568 2042 παρασάγγαι
593 1952 666 2008 dl
652 1973 722 2009 εντα
747 1954 797 2007 καὶ

255 2024 409 2093 τριήκοντα
420 2020 491 2078 καλ
477 2023 586 2093 εκατόν,
598 2034 629 2080 ut
639 2030 698 2080 scil.
710 2029 797 2080 steth-

255 2114 359 2149 morum
386 2103 413 2148 et
432 2115 649 2163 parasanparum
670 2115 797 2150 uumerus

255 2168 415 2218 rotundetur
434 2167 516 2232 (quae
533 2169 587 2217 fuit
602 2170 644 2217 De
661 2167 688 2217 la
704 2170 797 2230 Barre,

256 2236 328 2289 Gelli
342 2238 427 2298 docti,
444 2239 471 2285 in
484 2236 570 2287 Aoed.
582 2238 608 2286 d.
619 2237 746 2301 Inscript.
763 2238 797 2288 Τ.

254 2307 333 2357 VIII.
346 2321 408 2372 png.
419 2305 472 2356 343
483 2323 558 2370 seqq.
574 2307 722 2367 sententie,
738 2322 798 2371 pro·

255 2377 322 2426 bata
334 2374 382 2424 illa
394 2375 499 2440 quidem
512 2382 540 2426 et
549 2376 684 2426 Bredovio
695 2390 756 2439 pag.
767 2377 799 2425 14

256 2450 284 2494 et
297 2445 429 2508 Kieperto
444 2461 471 2507 p.
488 2445 537 2494 136
550 2445 636 2509 seq.):
655 2445 724 2495 satis
737 2459 798 2508 pro·

255 2513 346 2565 babile
357 2513 384 2562 id
394 2512 501 2579 quidem
511 2512 620 2564 videtur
631 2514 799 2579 multumque

257 2590 330 2635 certe
349 2584 555 2648 praeferendum
575 2585 625 2643 iis,
651 2600 720 2649 quae
738 2601 797 2649 pro·

256 2659 406 2720 posuerunt
415 2654 504 2704 Ulrert
518 2655 560 2704 in:
571 2654 684 2721 Aligem.
699 2656 799 2718 Geogr.

256 2722 428 2788 Ephemerid.
451 2723 511 2772 Vol.
527 2724 600 2774 XLI.
623 2742 648 2790 p.
668 2723 716 2775 132
743 2724 800 2785 (cui

258 2806 398 2843 assensum
433 2792 619 2856 praebuerunt
652 2795 799 2857 Forbiger.

256 2862 366 2913 Handb.
387 2861 413 2912 d.
428 2861 478 2913 alt.
494 2862 591 2928 Geogr.
607 2864 629 2913 Ι.
644 2878 705 2926 pag.
722 2864 753 2913 81
773 2868 801 2911 et

256 2933 400 2983 Duucker:
420 2932 518 2984 Gesch.
532 2932 558 2986 d,
575 2932 622 2985 alt.
634 2933 707 2983 Welt
719 2934 756 2984 ΙΙ.
774 2948 802 2995 p.

258 3000 321 3065 651)
338 3007 366 3051 et
379 3003 422 3052 vir
436 3002 532 3053 doctus
545 3003 585 3052 in:
607 3002 719 3068 Allgem.
732 3000 800 3052 Hel

257 3069 337 3122 lisclr.
357 3072 475 3126 Literni.
496 3073 564 3122 Zeit.
584 3072 658 3123 1840.
679 3088 718 3123 nr.
741 3074 799 3123 127.

258 3157 284 3204 p.
297 3140 364 3201 4053
381 3156 432 3191 nec
448 3142 556 3192 obstare
571 3147 712 3206 putamus,
728 3142 801 3208 quod

256 3209 410 3260 Lurnherus
422 3210 564 3268 observet,
582 3210 634 3260 hec
644 3214 750 3261 ratione
758 3210 801 3261 ul-

257 3288 301 3328 tra
321 3280 429 3329 modum
451 3282 603 3343 promoveri
621 3281 802 3332 Matienorum

256 3348 337 3409 fines,
351 3363 411 3398 curn
426 3363 459 3397 ex
466 3349 598 3399 Herodoti
610 3356 684 3401 certe
695 3355 802 3400 senten-

258 3417 298 3465 tiu
306 3417 486 3467 Matienorum
497 3418 563 3469 lines
572 3417 679 3484 longius
690 3421 802 3470 extendi

258 3484 377 3535 debeant
394 3488 536 3551 ipsumque
554 3488 709 3552 Assyriam,
731 3505 801 3554 quse

257 3555 367 3620 proprie
380 3554 488 3619 dieitur,
498 3563 657 3622 partemque
668 3559 737 3608 adeo
746 3561 802 3609 Me-

258 3624 319 3675 diae
334 3626 435 3677 veteris
447 3627 670 3694 complectantur,
683 3635 714 3679 ut
727 3634 801 3681 reete

257 3700 421 3745 monuerunt
435 3696 551 3747 Bredov.
571 3697 588 3750 l.
606 3697 625 3747 l.
640 3703 668 3749 ot
678 3701 799 3762 Kiepert.

257 3762 276 3813 l.
290 3765 309 3815 l.
326 3780 388 3830 pag.
408 3765 456 3816 138
469 3781 542 3833 seq,
559 3768 605 3832 qui
618 3768 652 3819 de
664 3768 708 3818 his
721 3784 800 3819 accu-

257 3837 317 3883 rate
328 3833 496 3898 disquisivit.
521 3838 597 3899 Quae
607 3854 668 3888 cum
681 3840 722 3889 ite
735 3840 800 3901 sint,

256 3901 384 3953 lacunam
402 3905 488 3968 ipsam
513 3907 541 3957 iu
560 3907 693 3957 Herodoti
709 3877 800 3958 verbi6

257 3972 378 4025 indicere
399 3974 557 4036 maluimus,
580 3992 661 4041 quem
683 3978 801 4028 lecunee

256 4043 446 4109 supplemento
479 4046 508 4097 iu
542 4050 647 4097 textum
678 4049 800 4114 recipere

257 4116 381 4177 quemvis
397 4130 414 4164 ιι
430 4117 572 4175 scriptoris
591 4133 686 4181 sensu,
706 4123 737 4169 ut
751 4135 800 4184 pu·

256 4186 361 4244 tamus,
378 4184 450 4234 haud
465 4186 571 4249 aliena,
585 4188 633 4238 sed
644 4187 722 4241 libris
734 4190 801 4241 scri·

256 4253 312 4316 ptis
324 4252 533 4319 haudquaquam
546 4258 671 4320 probate.

449 4373 515 4424 CAP.
533 4377 609 4427 LIII.

290 4450 339 4506 sel
357 4447 372 4506 6
388 4453 572 4525 παρασάγγης
585 4453 705 4514 δύναται
718 4457 798 4530 τριή-

848 1402 939 1465 nerip.
951 1399 1011 1450 434.
1038 1399 1101 1447 Ad
1093 1413 1181 1462 ipsum
1195 1414 1251 1447 rem
1266 1397 1339 1449 conf
1351 1397 1391 1458 ΙΙ,

847 1470 928 1520 lilio.
951 1469 1015 1532 ibiq.
1035 1473 1106 1517 nott.
1131 1473 1158 1517 et
1175 1467 1235 1518 edd.
1254 1468 1391 1522 Mannert.

848 1540 865 1591 l.
878 1539 898 1588 l.
912 1540 934 1592 Ι.
953 1553 1015 1602 pag
1031 1537 1090 1589 209

880 1603 915 1658 τὰ
930 1600 1081 1672 Μεμνόνια
1094 1599 1260 1671 καλεόμενα]
1274 1596 1393 1668 Μεμνό·

847 1695 895 1729 νια
917 1696 932 1729 e
953 1679 1113 1728 FlorentIno
1137 1693 1171 1727 ac
1197 1675 1303 1726 duobus
1327 1675 1392 1725 aliis

847 1749 910 1799 dedi
922 1748 1013 1808 libris,
1031 1748 1156 1812 idemque
1169 1747 1250 1795 etiam
1263 1745 1317 1795 ΙεοΙ
1326 1745 1390 1805 Vll,

850 1820 895 1870 151
912 1818 990 1879 etV,
1006 1785 1055 1880 54,
1077 1817 1124 1866 ubi
1141 1816 1315 1867 Ilorentinus
1332 1814 1393 1863 Με-

848 1879 992 1952 μνόνειον,
1004 1880 1327 1967 ι1ιιΜειινονιον,ριιιιε
1339 1885 1393 1934 ior-

848 1975 893 2008 ma
908 1958 1004 2020 utique
1018 1958 1160 2006 Herodoto
1179 1956 1290 2019 proprie
1305 1955 1394 2005 luisse

848 2029 970 2085 videtur3
986 2027 1041 2079 vid.
1053 2027 1168 2077 Bredov.
1179 2041 1204 2091 p.
1220 2024 1392 2076 lIiOetconl.

848 2096 968 2148 Lobeclr.
975 2096 1009 2145 ad
1017 2095 1161 2160 Phrynrch
1168 2111 1230 2159 peg
1240 2095 1300 2146 367
1316 2096 1351 2142 ll
1353 2110 1395 2145 es

849 2166 979 2224 seliugius
1005 2165 1128 2221 exhibuit
1153 2156 1333 2222 Μεμνόιεια,
1362 2169 1395 2213 ut

849 2238 941 2316 apud
931 2236 1057 2318 Strabqn
1066 2237 1124 2285 XV.
1131 2251 1192 2300 peg.
1199 2233 1279 2284 rasa.
1289 2233 1394 2284 10580.

851 2297 945 2370 (ubis)
967 2294 992 2352 δ’
1014 2296 1139 2368 ἀκρόπολ
1143 2321 1169 2360 ις
1128 2296 1313 2352 λὲκαλείτο
1333 2302 1395 2351 Με-

850 2371 996 2439 μνόνειον)
1013 2375 1125 2425 Diodor
1138 2375 1194 2424 Sic.
1207 2373 1248 2434 ΙΙ,
1262 2374 1304 2422 22.
1322 2374 1395 2422 Pun-

850 2461 908 2497 san.
919 2445 968 2506 IV,
975 2444 1019 2504 31,
1025 2445 1049 2492 5.
1063 2444 1167 2494 Aelian
1177 2446 1211 2496 N
1221 2442 1252 2492 A.
1261 2443 1294 2502 V,
1307 2442 1395 2523 l(qu0

849 2515 909 2565 loco
922 2515 1073 2564 Memnonis
1092 2516 1167 2564 caesi
1182 2480 1300 2563 cedsveI
1319 2503 1389 2568 ἐς
1359 2527 1395 2560 τα

852 2577 1027 2643 Σοῦσα,τά
1047 2571 1122 2633 οὕτω
1140 2576 1307 2641 Μεμνόνεια
1325 2581 1396 2632 ιιΙΙιι-

850 2661 907 2705 tum
921 2623 1031 2717 diditur)
1045 2658 1073 2704 et
1085 2654 1163 2715 XIII,
1176 2653 1208 2703 18
1222 2646 1267 2717 (τά
1277 2644 1397 2716 Mound-

852 2738 914 2773 νεια
927 2721 1045 2785 Σοῦσα),
1058 2725 1105 2774 ubi
1121 2724 1194 2774 οοιιΙ.
1207 2723 1325 2785 1εοοΙιε.,
1347 2722 1395 2786 qui

851 2793 974 2871 reposuit
991 2789 1144 2854 Μεμνόνια
1173 2809 1222 2856 pro
1245 2790 1318 2873 vulg.
1334 2792 1395 2841 Με-

852 2854 976 2941 μνόνιιι.
1008 2864 1086 2913 Haec
1107 2864 1189 2927 igitur
1210 2856 1342 2928 βασιλήια
1359 2877 1396 2911 τα

852 2926 1018 2995 Μεμνόνεια
1034 2933 1069 2982 ad
1087 2933 1156 2983 Susa
1169 2934 1308 2998 pertinent
1325 2933 1397 2983 eius·

853 3018 905 3068 qne
924 3018 1013 3052 arcem
1033 3019 1088 3053 une
1110 3018 1171 3052 eum
1192 3002 1295 3067 palatio
1318 3004 1396 3067 regio

852 3072 988 3133 indicent,
1003 3082 1055 3136 quu
1068 3073 1162 3123 eodem
1175 3074 1255 3122 etiam
1268 3076 1397 3136 spectent

852 3142 934 3193 Plinii
952 3142 1037 3193 verba
1050 3143 1122 3192 HIst.
1138 3145 1202 3193 Not.
1217 3143 1271 3205 VI,
1287 3143 1320 3192 27
1338 3141 1396 3207 (31)

853 3211 956 3275 §.1332
981 3240 1033 3273 ‚,—
1047 3213 1178 3274 Susiane,
1202 3214 1230 3262 in
1247 3228 1302 3277 qua
1316 3217 1397 3263 vetus

853 3283 928 3345 regia
945 3284 1089 3331 Persarum
1108 3283 1179 3332 Susa
1203 3298 1219 3332 a
1236 3283 1323 3332 Dario
1339 3282 1398 3347 Hy·

853 3351 955 3416 stnepis
975 3350 1029 3400 lilio
1051 3351 1202 3412 condita“;
1231 3351 1288 3403 vid.
1311 3367 1397 3415 supra

852 3425 922 3470 nott.
938 3421 972 3471 ad
986 3422 1045 3483 ΙΙΙ,
1060 3422 1093 3473 68
1110 3427 1136 3472 εΙ
1148 3422 1205 3485 ΙΙΙ,
1219 3422 1261 3472 70.
1287 3422 1329 3471 Ex
1344 3422 1398 3472 hac

852 3492 982 3541 Susorum
997 3506 1059 3541 arce
1080 3508 1102 3540 s.
1122 3492 1186 3542 sede
1206 3492 1296 3557 regia,
1318 3495 1397 3543 cuius

852 3561 970 3627 vestigia
989 3563 1125 3613 contineri
1148 3577 1230 3626 supra
1252 3562 1306 3610 iam
1327 3562 1397 3612 dixi-

852 3645 911 3679 mus
935 3646 966 3680 eo
991 3632 1110 3694 tumulo,
1136 3632 1181 3681 cui
1204 3646 1276 3680 nunc
1298 3648 1397 3684 nomen

851 3700 922 3749 Kale
934 3703 944 3749 i
955 3700 1034 3751 Shuslr
1049 3701 1079 3757 (i.
1091 3717 1114 3751 e.
1129 3718 1182 3751 νεα
1191 3700 1333 3765 Surorum),
1346 3704 1398 3753 iui-

853 3769 920 3819 tium
934 3772 1063 3835 capiebat
1076 3774 1122 3822 via
1135 3774 1225 3837 regia,
1246 3769 1282 3820 ud
1295 3771 1397 3824 Sardes

851 3854 938 3900 usque
948 3840 1011 3890 inde
1022 3857 1038 3891 u
1051 3842 1128 3891 Susis
1141 3841 1239 3903 ductu,
1255 3845 1286 3890 ut
1295 3843 1397 3894 Noster

851 3909 1063 3975 affirmatcep.
1058 3912 1091 3960 52
1106 3911 1151 3962 fin
1167 3916 1194 3961 et
1206 3928 1267 3975 cap
1261 3911 1329 3962 .54·
1347 3908 1396 3962 sul

850 3970 887 4041 δὴ
908 3974 976 4041 λέγω
996 3977 1079 4028 orodi
1079 3996 1129 4037 ους
1150 3973 1223 4030 εἶναι
1243 3976 1311 4036 τοὺς
1325 3977 1396 4031 τισίν

850 4064 900 4105 τας
919 4042 978 4098 ἀπὸ
998 4043 1147 4115 θαλασσης
1164 4048 1215 4116 τῆς
1228 4042 1397 4131 Ελληνικῆς

853 4117 882 4183 (Ι.
896 4136 919 4171 e.
935 4114 1394 4203 εδιτιΙΙΙιιιιΙμέγριΣοιΙσων,
1386 4160 1409 4194 ,ρ

850 4186 955 4238 τοῦτο
979 4187 1041 4254 γὰρ
1068 4181 1324 4270 Μεμνόνιον”
1305 4204 1395 4241 uoto

850 4257 1030 4320 καλέεται,
1055 4254 1259 4320 τεσσεράκοντα
1281 4256 1330 4308 καλ
1353 4275 1394 4310 τε-

849 4299 1057 4392 τρακισχιλίόυς
1067 4326 1114 4379 καλ
1121 4327 1251 4392 μνρίονε.
1268 4330 1381 4381 Unde'
1359 4347 1395 4380 sr-

850 4397 904 4448 mul
916 4400 1088 4463 cognoscitur
1102 4416 1207 4450 summa
1219 4399 1314 4449 Nostri
1326 4416 1394 4451 eura

848 4468 876 4517 in
894 4469 955 4534 ipsa
973 4472 1019 4520 vie
1036 4471 1148 4536 eiusque
1169 4470 1303 4522 mensuris
1319 4471 1393 4522 indi-
