3100 5175
247 389 305 456 188
679 390 948 456 HERODOTI

244 571 282 641 δὲ
296 570 425 650 συνιεὶς
438 566 475 639 τὸ
495 569 654 658 ποιηθέν,
676 570 732 639 καὶ
752 568 821 664 νόω
843 579 963 657 ίσχων,
985 564 1030 649 ὥς
1043 571 1078 637 οί
1096 561 1276 637 ὑπετίθετο
1290 573 1379 654 Θρα-

220 674 409 763 ’σύβουλος
429 672 507 754 τοὺς
525 669 712 762 ὑπερόχους
732 679 801 743 των
826 669 936 742 ἆστοῐν
957 671 1137 761 φονεύειν,
1167 675 1315 740 ἐνθαῦτα
1336 668 1380 758 δὴ

243 784 355 848 πᾶσαν
375 777 539 867 κακότητα
553 779 706 865 ἐξέφαινε
727 774 856 863 &erede
870 777 1037 865 πολιήτας.
1065 772 1127 845 ὅσα
1147 773 1211 863 γὰρ
1225 773 1381 855 Κύψελος

243 880 385 953 ἀπέλιπε
405 888 548 950 κτείνων
565 884 670 951 τεκαὶ
687 881 838 966 διώκων,
859 878 1070 968 Περίανδρος
1084 901 1171 967 σφεα
1190 875 1380 947 ἀπετέλεσε.

247 992 319 1075 Meri
334 987 371 1056 δὲ
384 981 489 1076 ἡμέρῃ
503 982 650 1055 ἀπέδυσε
665 985 772 1066 πάσας
785 981 844 1064 τὰς
856 989 1054 1071 Κορινθίων
1066 997 1228 1070 γυναῖκας
1249 979 1304 1050 διὰ
1319 979 1382 1067 τὴν

245 1093 373 1160 ἑωυτοῦ
394 1104 539 1176 γυναῖκα
553 1093 739 1159 Μέλισσαν.
780 1091 947 1174 πέμψαντι
966 1086 1029 1175 γάρ
1050 1091 1084 1155 οί
1100 1090 1133 1166 ἐς
1158 1082 1382 1171 Θεσπρωτοὺς

244 1191 300 1263 ἐπ’
321 1190 495 1282 Ἀχέροντα
516 1190 664 1281 ποταμὸν
686 1189 849 1280 ἀγγέλους
867 1194 921 1261 ἐπὶ
943 1189 980 1261 τὸ
994 1188 1258 1279 νεκυομαντήιον
1272 1216 1380 1275 παρα-

245 1410 277 1444 ss
292 1351 461 1454 Herodotus,
470 1393 568 1444 Suidas
581 1395 633 1444 ΙΙΙ.
648 1409 710 1459 peg.
723 1394 785 1456 317,
835 1392 856 1443 11
877 1392 954 1458 genti
977 1392 1130 1457 promiscue
1148 1389 1379 1440 adscriberentur.

244 1465 301 1514 alii.
321 1464 363 1513 cf.
376 1464 458 1513 etiarn
466 1463 620 1530 Hesychius
631 1466 668 1517 11.
680 1480 705 1527 p.
720 1465 785 1542 llsp

246 1533 354 1599 (ibique
373 1533 502 1598 tilbert).
537 1535 685 1599 Exponnnt
702 1548 786 1583 κακο-

245 1604 355 1669 οχολον.
381 1602 470 1668 Vulgo
484 1597 667 1665 σινάμορον.
692 1605 733 1653 Tu
746 1603 785 1654 cs.

245 1674 267 1737 1,
287 1674 335 1723 152
350 1673 415 1737 ibiq.
433 1673 642 1735 nctt.,Lobeck.
655 1673 691 1723 ad
701 1673 787 1738 Phry-

244 1743 317 1795 nich.
338 1757 400 1808 pag.
413 1743 473 1799 696,
488 1743 605 1794 Siebelis
618 1741 654 1792 ad
665 1744 783 1794 Pausan.

244 1813 281 1873 11,
292 1811 333 1862 32.
347 1815 372 1874 §-
387 1812 411 1864 3.
434 1811 476 1861 Ad
491 1813 605 1863 formam
618 1803 731 1862 ὀπώπεε
744 1814 781 1864 ef.

243 1882 266 1945 Ι,
279 1882 323 1933 66.
340 1881 392 1947 ΙΙΙ,
408 1881 450 1932 37.
540 1919 545 1929 .

475 2057 501 2116 5.
520 2056 548 2104 7.

277 2150 334 2224 νόῳ
354 2152 458 2221 ἴσχων]
478 2156 496 2209 ἰ,
516 2172 539 2206 e.
559 2155 675 2208 mernem'd
688 2165 784 2222 tenena,

241 2227 390 2277 recordans.
401 2254 434 2263 -
448 2228 479 2276 In
493 2243 568 2292 seqq.
580 2228 710 2278 revocavi
722 2243 783 2278 cum

242 2295 426 2350 recenttedd.
439 2296 600 2347 eSancrot'ti
613 2297 683 2349 libro
698 2289 784 2359 ὑπερ-

243 2360 342 2431 όχους,
365 2368 444 2416 cuius
464 2365 525 2416 loeo
546 2366 699 2428 Mediocris,
719 2367 784 2418 Flo·

242 2438 379 2494 rentium,
405 2435 452 2485 alii
471 2426 659 2499 ὑπειρόχους.
685 2440 783 2487 merito

241 2507 372 2557 reiectum
382 2505 521 2556 aBredor.
532 2521 558 2570 p.
567 2507 625 2558 151.
642 2508 684 2557 Ad
693 2509 784 2572 epico-

242 2594 299 2627 rum
319 2577 459 2642 pobtarnm
481 2592 631 2628 sermonem
648 2578 718 2628 enim
732 2577 784 2628 hoe

242 2649 373 2711 pertinen
387 2646 421 2696 ef.
433 2648 544 2697 Homer.
556 2647 598 2698 Ili.
612 2647 726 2709 11.4·26;
741 2649 783 2697 1ο·

241 2718 274 2767 de
288 2716 425 2766 Troianus
443 2718 489 2782 qui
508 2707 783 2781 (ΙίοἰλοτὛπείροχος

240 2787 268 2835 in
283 2786 324 2836 Ili.
336 2786 385 2848 XI,
397 2785 457 2837 335.
481 2788 522 2837 Ad
534 2803 612 2838 usum
625 2789 701 2838 verbi
715 2784 788 2837 ene-¹

240 2855 303 2904 λιπε
326 2855 354 2903 in
372 2856 477 2907 verbis:
507 2843 560 2906 ὅσα
577 2849 630 2921 γὰρ
650 2853 783 2918 Κύψελος

239 2917 392 2974 ἀπέλιπε
415 2925 534 2974 κτείνων
554 2941 583 2975 τε
602 2923 650 2976 καλ
668 2918 782 2975 διιέντων

213 3020 217 3025 ·
241 2993 271 3058 (i.
288 3011 311 3045 e.
325 2996 446 3060 quidquid
459 2998 521 3047 euim
534 2999 656 3061 Cypselus
668 2997 784 3048 occiden-

240 3066 272 3114 do
286 3073 312 3115 et
322 3066 348 3113 ia
360 3067 475 3115 exsilium
486 3069 604 3118 mittendo
616 3084 638 3116 s.
652 3068 782 3129 expellen-

239 3134 272 3183 do
291 3135 410 3199 reliquum
430 3136 545 3197 fecerat,
564 3138 592 3186 id
608 3139 783 3187 consummavit

240 3204 397 3268 Pertunder)
413 3205 449 3254 cf.
460 3205 575 3269 Strnuge
589 3206 618 3254 in
631 3204 745 3254 Jahrbb.
762 3206 780 3253 l.

238 3273 340 3326 Philol.
360 3289 386 3322 ο.
405 3275 526 3339 Pasdsg.
547 3272 639 3339 Suppl.
659 3273 721 3322 Vol.
743 3274 781 3323 ΙΙ.

238 3359 302 3408 pag.
314 3342 375 3405 ⁸243,
391 3346 437 3407 qui
452 3342 582 3394 nonnulla
595 3342 691 3393 attulit
703 3343 736 3393 de
746 3343 782 3393 si-

238 3413 414 3477 gnificatione
434 3415 603 3478 relinquendi,
622 3414 781 3475 praetermit-

239 3484 317 3543 tendi,
330 3497 385 3545 qna
397 3482 423 3530 b.
436 3480 455 3530 l.
469 3483 496 3532 id
506 3482 616 3532 verbum
628 3481 782 3531 adhibitum

239 3551 372 3601 ridemus.
389 3544 533 3600 ἀπετέλεσε
545 3549 634 3615 (cuius
646 3551 706 3601 loco
715 3551 783 3601 San-

239 3619 321 3669 crosti
336 3619 404 3670 liber
415 3619 484 3670 male
496 3612 656 3681 ἐπετέλεσε)
671 3635 781 3670 revoce-

240 3690 268 3739 vi
293 3705 342 3753 pro
362 3679 505 3749 οἷπετέλεε,
535 3705 604 3755 ques
627 3689 781 3740 Florentini

240 3759 300 3809 libri
315 3763 358 3809 est
371 3757 452 3809 lectio
466 3774 483 3809 e
495 3758 640 3809 Schaesero
659 3762 781 3824 recepta.

239 3858 270 3866 -
289 3821 412 3877 ἀπέδυσε
426 3833 481 3878 est:
499 3836 579 3879 vestes
592 3832 779 3879 exuerelussit.

292 3891 321 3955 ές
343 3889 532 3963 Θεσπρωτοὺς
553 3888 600 3946 ἐπ’
621 3890 778 3962 Ἀχέροντα]

243 3970 379 4032 Thesproti
397 3967 557 4034 (dequibus
576 3967 631 4017 vid.
646 3968 780 4018 Herodot.

238 4041 277 4100 11,
294 4038 338 4089 56.
353 4038 420 4099 Vll,
435 4038 492 4089 176.
512 4038 595 4098 vul,
610 4040 644 4089 47
656 4038 782 4088 eliorum-

239 4125 291 4175 que
305 4110 467 4173 scriptorum
480 4109 555 4159 locos
570 4107 670 4158 allatos
686 4123 703 4157 s
714 4109 781 4157 For-

238 4179 349 4243 bigeroz
367 4179 476 4228 Haudb.
486 4179 512 4228 d.
523 4177 571 4232 alt.
581 4179 678 4243 Geogr.
689 4177 740 4227 ΙΙΙ.
750 4193 778 4241 p.

238 4248 289 4299 877
300 4246 369 4312 seq.)
385 4255 448 4299 snut
458 4248 619 4299 contermini
632 4245 780 4299 Leucadiis

238 4317 357 4382 itemque
366 4317 503 4378 Molossis,
516 4318 615 4381 quibus
631 4333 690 4367 eum
703 4320 779 4381 post-

239 4403 272 4437 es
283 4387 385 4437 subditi
400 4387 504 4438 fuerint
511 4387 666 4451 Thesproti,
674 4387 779 4437 laetum

239 4460 296 4521 est,
309 4461 340 4507 ut
356 4456 429 4508 baud
442 4472 505 4508 rare
515 4456 608 4509 eadem
619 4456 682 4507 huic
693 4456 737 4508 rel
748 4457 779 4506 il-

837 1463 898 1518 Sic,
913 1462 999 1527 quiin
1014 1461 1142 1512 Molossis
1156 1461 1241 1510 oritur
1253 1458 1379 1509 Acheron

837 1534 951 1595 fluvius,
967 1531 1028 1581 dein
1044 1530 1236 1595 Thesprotiem
1256 1534 1380 1593 permeat

836 1618 922 1668 usque
943 1601 977 1650 ad
996 1616 1079 1652 mure.
1102 1600 1156 1651 Ubi
1171 1599 1243 1665 qnod
1258 1604 1380 1648 mortno-

836 1687 894 1721 rum
907 1672 994 1720 fertur
1010 1685 1070 1722 esse
1084 1671 1233 1730 oraculum,
1248 1670 1308 1719 eius
1321 1668 1382 1718 nul-

835 1740 874 1804 la,
887 1746 1018 1805 quantum
1033 1741 1156 1805 equidem
1169 1740 1234 1802 acio,
1246 1738 1318 1803 apud
1329 1738 1379 1787 all-

836 1827 866 1861 os
879 1811 1025 1874 scriptores
1038 1811 1149 1861 mentio.
1175 1811 1245 1860 Nam
1257 1808 1328 1874 quod
1344 1807 1380 1857 ad

835 1883 955 1932 Aornum
976 1880 1104 1945 oppidum
1120 1879 1183 1929 olim
1206 1878 1263 1929 tsle
1283 1893 1380 1928 cracu-

835 1952 890 2002 lum
905 1951 960 2001 fuit
972 1955 1043 2001 teste
1053 1951 1172 2000 Pausan.
1187 1949 1236 2011 lx,
1252 1947 1296 2011 30,
1310 1948 1337 2010 3,
1351 1947 1379 1996 id

834 2037 930 2071 vereor
943 2024 973 2069 ut
984 2020 1036 2070 huc
1046 2020 1118 2069 trahi
1130 2020 1226 2084 possit,
1238 2033 1299 2069 curn
1309 2018 1381 2067 Aer-

834 2107 880 2141 aue
905 2091 933 2139 in
959 2091 1096 2141 montibus
1121 2091 1211 2140 iaceat
1235 2087 1379 2138 Cerauniis

833 2176 918 2226 prope
935 2160 1082 2211 Palaesten
1107 2158 1272 2225 multumque
1294 2158 1380 2223 igitur

835 2231 919 2280 distet
939 2245 956 2279 a
975 2230 1188 2295 Thesprotorum
1204 2230 1316 2293 regions
1337 2231 1379 2277 at-

834 2317 885 2366 que
907 2298 1068 2350 Acheronte.
1103 2301 1197 2365 Neque
1222 2298 1275 2348 huc
1300 2297 1380 2363 quid-

836 2385 917 2435 quam
938 2369 1045 2420 confert
1059 2369 1165 2420 Plinius
1180 2370 1216 2418 H.
1231 2370 1264 2419 N.
1279 2369 1333 2430 1v,
1352 2367 1376 2430 1,

835 2440 882 2489 ubi
891 2440 1104 2504 Thesprotorum
1116 2438 1379 2502 etAntigonensium

835 2509 912 2560 facta
928 2512 1064 2561 mentione
1076 2510 1130 2559 iam
1144 2511 1183 2559 ita
1197 2509 1300 2574 pergit:
1320 2507 1379 2570 „lc-

834 2596 882 2631 cos
897 2581 1001 2631 Αοτνιοτ
1020 2584 1048 2630 et
1070 2579 1201 2644 pestilera
1218 2578 1316 2628 avibus
1334 2593 1379 2626 ex·

834 2651 968 2699 halatio.‘⁴
995 2650 1088 2714 Neque
1110 2653 1180 2700 satis
1197 2649 1265 2698 haec
1280 2648 1377 2697 distin·

833 2721 875 2770 xit
887 2722 973 2770 Vater
991 2720 1019 2768 in
1034 2719 1147 2769 Jsbrbb.
1171 2720 1215 2769 siir
1228 2716 1326 2767 Philol.
1348 2732 1377 2767 u.

833 2790 952 2854 Pnedag.
966 2789 1060 2854 Suppl.
1069 2787 1131 2840 Vol.
1142 2789 1230 2839 XVII.
1242 2803 1305 2852 pag.
1317 2788 1376 2849 177,

832 2859 886 2909 buc
896 2873 1005 2924 quoque
1015 2858 1144 2917 referens,
1153 2857 1225 2923 quod
1235 2858 1308 2922 apud
1319 2857 1376 2906 Μο-

831 2929 921 2978 lossos
952 2929 1008 2979 tale
1040 2933 1210 2978 mortuorum
1237 2924 1376 2977 oraculum

835 2998 958 3048 scribunt
969 2999 1054 3049 fuisse
1062 2997 1225 3049 Eustatlrius
1235 2996 1270 3046 ed
1277 2996 1376 3060 Odyss.

834 3067 853 3118 l.
871 3084 933 3117 mox
949 3068 982 3132 1.,
997 3068 1112 3119 Photins
1131 3067 1166 3131 (s.
1178 3085 1205 3121 r.
1227 3060 1296 3118 Θεοί
1312 3065 1376 3113 Μο-

833 3133 974 3202 λοττικοὶ)
990 3142 1018 3188 et
1031 3137 1150 3204 Hesych.
1167 3139 1199 3187 T.
1213 3138 1236 3187 Ι.
1256 3151 1282 3201 p.
1297 3135 1374 3187 1694.

834 3203 902 3258 &ecl
916 3202 1092 3255 Μολοττικοὶ
1111 3233 1144 3243 -
1163 3196 1207 3256 ὅτι
1226 3212 1376 3269 ψυχοπομ-

833 3271 919 3325 πεῖον
931 3268 987 3325 ἔστι
1000 3268 1031 3323 έν
1043 3276 1216 3332 Μολοσσοῖς.
1241 3276 1284 3324 De
1294 3273 1376 3323 Arde·

832 3354 906 3396 route
918 3346 972 3396 vid.
987 3345 1129 3410 Forbiger.
1142 3345 1161 3395 l.
1178 3345 1196 3394 l.
1209 3344 1261 3395 ΙΙΙ.
1273 3360 1300 3407 p.
1315 3342 1374 3393 877.

833 3420 889 3465 not.
904 3416 953 3474 45,
975 3417 1021 3479 qui
1037 3419 1064 3466 et
1081 3419 1203 3465 veterum
1217 3419 1245 3463 et
1260 3413 1377 3464 receuti-

833 3498 926 3545 0rum,
947 3485 1072 3549 inprimis
1092 3483 1172 3549 Angli
1192 3483 1266 3534 docti
1281 3482 1376 3533 Leslre

833 3553 986 3615 (Nortlrern
998 3553 1101 3604 Greece
1117 3553 1170 3603 ΙΙΙ.
1182 3569 1244 3618 pag.
1257 3554 1272 3602 7
1286 3569 1343 3618 seq.
1353 3551 1373 3616 ),

831 3621 907 3673 locos
921 3623 1024 3673 attulit.
1053 3624 1120 3674 Eius
1131 3639 1237 3674 cursum
1251 3624 1322 3672 iuter
1334 3638 1375 3673 re-

832 3694 968 3743 centiores
994 3698 1121 3745 accurate
1146 3698 1308 3757 persecutus
1333 3697 1376 3743 est

832 3778 866 3812 ac
882 3762 1027 3824 descripsit
1039 3762 1217 3829 Poaqueville
1237 3763 1264 3811 in
1279 3763 1374 3813 Itiner.

832 3848 891 3898 cap.
907 3833 984 3882 XXX
999 3831 1050 3895 (T.
1062 3834 1090 3893 1,
1102 3836 1127 3882 2.
1149 3847 1213 3897 pag.
1231 3831 1282 3881 323
1296 3847 1372 3896 seqq.

833 3902 874 3956 ed.
887 3902 1063 3963 vernae.).-
1076 3903 1117 3953 sd
1128 3917 1222 3953 vocem
1239 3896 1374 3965 α’γγέλους

831 3970 866 4020 cf.
881 3972 945 4032 VII,
962 3971 1010 4020 172
1024 3973 1117 4037 ibique
1135 3975 1205 4023 nott.

866 4033 1109 4106 νεκυομαντήιον]
1146 4042 1314 4091 Mortuerum
1335 4038 1375 4087 in-

832 4107 941 4159 dicatur
952 4110 1100 4168 oraculum,
1112 4125 1166 4173 quo
1180 4109 1237 4160 scil.
1254 4113 1374 4158 mortno-

831 4194 890 4228 rum
905 4181 1010 4229 enimes
1025 4180 1134 4231 sedibus
1153 4180 1210 4229 suis
1226 4178 1372 4229 eliciebant

831 4263 864 4297 ne
883 4250 936 4298 rite
954 4248 1029 4299 facto
1050 4249 1102 4298 diis
1119 4248 1215 4300 inseris
1239 4247 1373 4309 sacrificio

830 4326 961 4369 evocatas
988 4318 1094 4368 animas
1114 4318 1147 4368 dc
1171 4318 1253 4369 rebus
1272 4316 1373 4368 futuris

830 4387 1018 4439 consulebant.
1065 4387 1144 4449 Quod
1170 4388 1373 4453 superstitionis

830 4473 915 4524 genus
934 4457 1008 4524 apud
1026 4457 1168 4509 Hebraeos
1187 4459 1242 4508 iam
1264 4456 1373 4508 ebrium
