3100 5175
529 411 706 475 ERA'PO.
730 409 785 474 vi.
809 417 851 476 τι.
873 422 914 476 aa.
1231 408 1292 474 303

160 591 272 657 Ταῦτα
292 587 356 676 μέν
374 586 494 671 ζώουσι
515 603 601 656 τοῖσι
621 591 797 674 βασιλεῦσι
822 588 954 655 δέδοται
969 588 1006 654 ἐκ
1020 590 1081 654 τοῦ
1094 590 1211 654 κοινοῦ
1224 589 1292 654 τῶν
1300 600 1340 662 58

154 694 414 780 Σπαρτιητέων,
429 688 642 760 ἀποθανοῦσι
657 689 805 760 δὲτάδε·
834 693 949 770 ἱππέες
964 691 1243 778 περιαγγέλλουσι
1255 686 1292 757 τὸ

157 793 298 883 γεγονὸς
317 793 401 863 κατά
420 799 533 863 πάσαν
549 793 611 881 τὴν
630 791 850 882 Λακωνικὴν,
872 791 957 862 κατά
978 794 1015 861 δέ
1035 791 1097 879 την
1118 791 1218 861 πόλιν
1231 819 1292 879 γυ·

157 915 272 979 ναῖκες
293 903 483 985 περιιοῦσαι
503 900 625 985 λέβητα
644 900 834 984 κροτέουσι·
860 894 963 966 ἐπεάν
980 888 1028 965 ὧν
1044 901 1141 965 τοῦτο
1158 898 1293 983 γένηται

105 1025 154 1076 461
163 1009 313 1086 τοιοῦτο,
335 999 463 1089 άυάγκη
486 1004 519 1083 έξ
538 1007 643 1088 οἰκίης
656 999 794 1090 ἑκάστης
815 1003 1018 1086 ἐλευθέρους
1040 999 1102 1068 δύο
1118 1007 1292 1087 καταμιαί-

154 1116 296 1190 νεσθαι,
320 1103 429 1193 άυὸρα
448 1132 483 1173 τε
504 1107 559 1172 καὶ
580 1120 741 1190 γυναῖκα·
768 1101 814 1192 μὴ
837 1104 993 1192 ποιήσασι
1016 1104 1054 1173 δὲ
1068 1107 1165 1172 τοῦτο
1183 1110 1294 1190 ζημίαι

154 1209 297 1298 μεγάλαι
320 1210 500 1278 ἐπικέαται.
531 1208 632 1295 νόμος
653 1209 689 1277 δέ
709 1222 794 1276 τοῖσι
808 1214 1103 1294 Λακεδαιμονίοισι
1125 1205 1209 1275 κατά
1226 1210 1294 1274 τοῖν

154 1315 325 1400 βασιλέων
340 1308 418 1390 τούς
435 1310 606 1390 θανάτους
622 1313 691 1380 ἐστὶ
707 1306 813 1389 ὡυτὸς
827 1313 882 1380 καὶ
896 1325 981 1380 τοῖσι
996 1307 1195 1398 βαρβάροισι
1209 1324 1294 1378 τοῖσι

157 1420 194 1485 έν
206 1422 249 1505 τῇ
260 1413 370 1504 Ἀσίη·
398 1419 467 1483 τῶν
485 1414 549 1502 γάρ
572 1405 621 1483 οἷν
638 1413 822 1504 βαρβάρων
836 1419 871 1484 ολ
881 1419 1022 1494 πλεῦνες
1035 1417 1082 1508 τῷ
1097 1409 1188 1505 αὐτῷ
1202 1411 1293 1506 νόμῳ

750 1617 823 1682 ‚‚(ita
836 1614 936 1682 pergit)
950 1615 1014 1666 'siue
1026 1615 1192 1677 conspuroori
1209 1615 1293 1677 signi-

750 1689 853 1750 „licat,
873 1692 904 1735 ut
925 1685 1010 1748 solet,
1029 1686 1087 1734 sive
1102 1683 1187 1749 paulo
1201 1685 1292 1733 acrius

750 1761 814 1820 „est
826 1770 907 1821 quam
920 1753 1097 1817 μιαίνεσθαι,
1107 1756 1187 1816 pollui
1198 1753 1292 1817 piacu-

750 1827 796 1889 „lo
809 1824 946 1892 quolibet,
964 1839 1018 1874 uon
1030 1831 1073 1874 est
1083 1823 1192 1872 honoris
1207 1836 1292 1887 genus

749 1898 858 1960 „magis
873 1894 1001 1945 stolidum
1016 1900 1044 1944 ct
1057 1893 1092 1942 ab
1105 1899 1204 1942 natura
1216 1894 1291 1956 inge·

750 1968 811 2030 „nii
824 1965 936 2014 humani
955 1969 982 2013 et
994 1964 1158 2013 Graecorum
1172 1963 1293 2011 moribus
1318 1973 1322 1980 '

751 2035 858 2100 „magis
871 2034 992 2083 alienum
1011 2037 1038 2082 et
1056 2033 1215 2082 abhorrens.
1244 2033 1293 2080 Sa-

751 2105 808 2168 „tis
827 2120 888 2154 esse
905 2103 1050 2153 videbatur
1068 2104 1096 2151 in
1111 2101 1191 2151 domo
1202 2106 1231 2150 et
1247 2116 1293 2150 ur-

749 2174 803 2237 „be
814 2175 924 2224 lunesto
936 2173 1047 2237 piaculi,
1060 2175 1153 2221 utnon
1165 2170 1238 2221 ultro
1250 2187 1294 2221 se·

751 2260 801 2308 „se
813 2246 889 2294 cives
899 2244 1011 2305 polluere
1022 2242 1159 2293 voluerint
1170 2241 1252 2305 idque
1263 2241 1291 2288 in

749 2313 892 2378 „defuncti
910 2314 981 2377 regis
998 2310 1157 2362 honorem.“
1191 2310 1293 2373 Itaque

749 2384 777 2431 in
802 2382 943 2433 Herodoto
971 2380 1027 2446 legi
1043 2380 1104 2430 vult
1121 2375 1292 2442 κατατέμνε-

750 2450 830 2515 σθαι,
843 2452 915 2516 quod
927 2452 998 2501 idem
1012 2450 1123 2500 verbum
1137 2451 1166 2498 in
1175 2448 1292 2499 Luciani

334 1667 400 1719 Car.
421 1669 522 1721 LVIII.

201 1785 301 1838 Ταῦτα
322 1782 374 1854 μέν
399 1779 501 1848 ζώουσι
523 1788 596 1837 τοῖσι
622 1785 701 1854 βασι-

153 1857 243 1923 λεῦσι]
269 1859 344 1906 τοῖσι
364 1874 426 1909 oum
448 1862 563 1908 recentt.
582 1857 642 1908 edd.
660 1874 701 1908 re-

155 1929 250 1980 stituti
276 1930 443 1978 auctoritate
469 1927 600 1978 librorum
623 1933 701 1978 vetu-

154 2005 268 2050 storum.
304 1998 370 2047 Cum
390 1995 617 2050 iisdem'recontt.
636 1998 697 2050 edd.

153 2069 266 2120 exhibui
279 2060 381 2125 ζώουσι
393 2083 442 2132 pro
453 2067 528 2132 vulg.
541 2064 614 2130 ζῶσι,
628 2068 698 2132 quod

154 2141 182 2188 in
195 2136 338 2188 Herodoto
355 2138 420 2187 lorri
437 2153 492 2187 non
515 2152 595 2202 posse
611 2143 700 2187 osteu-

155 2209 195 2258 dit
208 2206 328 2258 Bredor.
346 2222 408 2272 pag.
425 2206 482 2259 170.
515 2206 557 2256 nd
571 2222 652 2258 voces
669 2198 699 2254 ἐκ

153 2279 205 2326 τοῦ
224 2273 330 2325 κοινοῦ
347 2278 418 2326 conf.
441 2280 510 2327 nott.
530 2276 565 2326 ad
578 2276 619 2339 V,
639 2276 699 2328 loa.

154 2375 186 2383 -
203 2344 294 2395 ταῦτα
310 2345 356 2396 hic
378 2346 414 2396 ad
432 2347 623 2397 antecedentia
641 2361 701 2410 per-

153 2421 238 2478 tiuet,
251 2410 321 2464 τάδε
332 2416 367 2467 ad
380 2417 538 2482 sequentia,
554 2415 697 2479 utV1,53.

187 2514 292 2588 λέβητα
305 2518 463 2586 κροτέουσι]
490 2519 575 2570 codd.
589 2518 699 2584 quidam

153 2589 286 2658 1έβητας;
306 2606 360 2656 quo
371 2596 463 2640 tamen
473 2591 520 2642 vix
531 2604 607 2653 opus.
625 2591 700 2640 Eun-

154 2663 214 2712 dem
235 2675 336 2711 morem
354 2661 382 2710 iu
400 2675 465 2725 rege
477 2661 616 2710 Laconico
632 2674 700 2709 rnor-

155 2737 201 2782 tuo
221 2731 317 2795 attigit
331 2729 423 2782 Schol.
438 2730 576 2780 Theocrit.
594 2729 638 2789 ΙΙ,
655 2730 700 2779 36.

151 2801 194 2852 Ad
205 2806 374 2852 structuram
383 2800 546 2858 accusativi,
557 2799 603 2863 qui
614 2799 698 2849 verbo

153 2865 304 2934 κροτέουσι
330 2867 463 2933 (pulsaue)
488 2869 617 2931 additur,
640 2867 695 2916 vid.

153 2940 285 2991 Kuehner
296 2939 342 2989 Gr.
357 2938 403 2991 Gr.
418 2942 443 3001 ξ.
457 2939 522 2999 552,
535 2940 559 2989 7.
590 2940 642 2988 Pro
657 2935 698 3000 γί-

154 3025 253 3074 νηται,
270 3008 341 3074 quod
353 3007 462 3060 Schaef.
480 3014 508 3058 ct
519 3007 619 3058 Matth.
635 3009 700 3058 reti-

152 3087 234 3143 nent,
249 3078 378 3143 quodque
390 3082 481 3127 tuetur
499 3077 542 3127 vir
559 3078 656 3127 doctus
671 3078 698 3126 in

151 3147 343 3214 Ephemeridd.
354 3147 480 3197 ancnss.
495 3146 571 3196 1817.
586 3162 626 3195 nr.
640 3146 696 3197 164.

152 3235 214 3284 pag.
225 3218 288 3280 375,
303 3232 352 3281 ego
362 3232 422 3266 cunr
432 3221 548 3268 recenti.
561 3216 622 3266 edd.
637 3215 699 3265 dedi

153 3283 285 3351 γένηται,
318 3285 391 3351 quod
415 3285 590 3337 Florentinus
615 3290 699 3349 atque

152 3357 295 3410 Saucrot‘ti
306 3355 376 3406 liber
387 3355 559 3421 suggerebat.
580 3356 613 3404 In
623 3370 699 3419 seqq.

153 3428 237 3479 verbo
251 3424 491 3488 καταμιαίνεσθαι
503 3424 533 3488 (i.
547 3439 570 3474 e.
582 3428 699 3474 contumi-

152 3497 228 3562 νυνί)
252 3498 301 3545 vix
317 3494 390 3545 uliud
402 3496 548 3560 quidquam
563 3497 645 3557 atque
661 3497 699 3543 lu·

152 3576 206 3619 οιιιο
218 3567 377 3627 indicatur,
395 3571 426 3614 ut
444 3580 509 3615 saue
526 3564 618 3613 mirari
635 3564 698 3614 sub·

153 3644 207 3701 eat,
222 3638 252 3687 in
266 3650 330 3700 roge
343 3638 449 3685 mortuo
464 3634 534 3684 talia
546 3633 615 3696 fieri,
628 3648 700 3697 quae

154 3710 182 3757 in
194 3709 369 3772 privatorum
380 3704 457 3755 luctu
469 3719 580 3770 prorsus
594 3703 700 3753 indicta

749 2521 938 2572 Anacharside
955 2523 979 2583 ξ.
992 2520 1023 2570 31
1041 2520 1163 2569 obvium:
1184 2521 1292 2583 „Spar-

748 2593 831 2657 ‚,tani
852 2590 1033 2644 concidebant
1055 2591 1108 2639 sibi
1133 2589 1293 2638 brachiaet

748 2662 916 2724 „ellciebant
941 2675 1064 2710 cruorem
1086 2664 1114 2708 et
1138 2659 1178 2706 sic
1201 2673 1292 2722 regern

749 2735 903 2794 „mortuum
920 2728 1102 2790 honorabant,
1115 2732 1146 2776 ut
1158 2727 1230 2777 Galli
1240 2728 1293 2791 Cy·

749 2799 863 2864 „belen‚
882 2799 954 2863 quod
974 2798 1089 2849 Graecis
1110 2797 1230 2847 moribus
1250 2800 1292 2846 est

749 2870 936 2933 „conveniens
965 2868 1131 2929 admodum,
1158 2868 1187 2914 in
1215 2865 1292 2916 luctu

749 2940 824 3003 „sini
846 2937 982 3003 unguibus
1007 2941 1057 2987 aut
1079 2937 1151 2987 ferr-o
1171 2936 1293 2984 lacerare

748 3024 867 3073 „corpus
882 3012 932 3057 aut
944 3021 1031 3071 genas
1048 3006 1182 3055 dilaniare
1196 3010 1224 3054 et
1235 3004 1294 3054 rul-

748 3078 858 3144 ,‚tum.“
890 3077 951 3125 Hoc
969 3090 1035 3125 vero
1053 3076 1142 3139 ipsum
1161 3079 1192 3124 ut
1209 3073 1293 3124 verbo

747 3138 981 3210 κατατάμνεσθαι
989 3144 1137 3209 significari
1147 3159 1228 3207 posse
1235 3159 1294 3193 cre·

750 3217 826 3279 dam,
847 3231 925 3266 nemo
943 3215 1088 3279 quisquam
1104 3214 1171 3263 mihi
1183 3228 1296 3277 persua·

750 3285 826 3335 debit
845 3286 1006 3351 respicienti
1019 3283 1055 3333 ad
1069 3299 1148 3335 usum
1162 3290 1190 3332 et
1210 3284 1294 3347 signi—

748 3355 903 3406 ficationem
913 3353 1197 3419 huiurverbi‚qualem
1205 3358 1295 3402 osten·

748 3426 818 3476 dunt
831 3424 996 3476 Graecorum
1013 3426 1177 3489 scriptorum
1190 3423 1244 3473 loci
1256 3422 1295 3472 al-

747 3496 800 3545 lati
815 3496 844 3544 in
856 3495 988 3544 Thesaur.
999 3495 1078 3559 Ling.
1092 3494 1190 3544 Graec.
1202 3495 1233 3543 Τ.
1245 3493 1293 3542 1v.

748 3580 811 3630 pag.
831 3563 898 3615 1265
917 3579 975 3628 seq.
1007 3563 1071 3628 Ipse
1084 3564 1185 3614 Noster
1199 3564 1228 3625 I,
1245 3560 1294 3612 180

748 3635 801 3685 hoo
819 3635 902 3685 verbo
923 3648 989 3683 usus
1006 3640 1063 3697 est,
1081 3634 1129 3684 sed
1143 3633 1224 3699 plane
1239 3632 1295 3681 alla

748 3704 953 3768 siguificatIone
969 3718 1055 3768 eaque
1073 3705 1189 3753 maxims
1208 3701 1296 3751 diver·

153 3782 242 3828 erant.
262 3776 338 3826 Bene
350 3773 424 3824 adh.
436 3774 454 3824 l.
466 3772 699 3837 Schweighaeus:
749 3789 791 3824 sa.
831 3775 928 3838 ltaque
954 3773 982 3821 in
1007 3774 1120 3837 vulgata
1148 3769 1295 3835 καταμιαί-

155 3850 254 3910 „Nota
272 3846 456 3895 Romanorum
474 3842 605 3895 formula:
634 3844 700 3893 lucta
749 3842 852 3893 νεοθαι
875 3843 922 3908 (de
942 3858 994 3907 quo
1013 3844 1098 3894 verbo
1112 3842 1149 3894 cl.
1164 3842 1246 3893 Thes.
1262 3843 1295 3890 L.

154 3918 289 3982 ιηαολειε,
310 3916 335 3963 iu
354 3916 422 3963 luctu
446 3921 471 3963 et
492 3915 611 3978 squalore
634 3928 698 3963 esre.
752 3913 799 3963 Gr.
812 3914 861 3964 IV.
875 3928 939 3977 pag.
959 3911 1035 3974 1145)
1050 3913 1226 3976 acquiescere
1239 3911 1297 3974 plu-

155 3987 259 4037 Nescio
273 3999 308 4034 an
324 3984 419 4035 eodem
437 3984 592 4047 pertineant
613 3975 644 4030 οἷ
657 3997 700 4045 μι·
752 3984 819 4033 οα11.
853 3983 886 4031 Iu
909 3995 984 4044 seqq.
1009 3981 1072 4030 dedi
1089 3977 1226 4046 βασιλέων
1247 3995 1295 4043 pro

156 4051 256 4120 ασμοὶ,
272 4054 371 4119 quibus
386 4054 415 4103 in
432 4052 600 4117 privatorum
615 4051 702 4101 homi·
752 4042 897 4116 βασιλήων
916 4055 943 4099 et
957 4047 994 4112 τῷ
1010 4041 1088 4114 αὐτῷ
1108 4066 1122 4099 e
1138 4050 1295 4098 Florentino

158 4141 220 4175 num
241 4124 320 4175 obitu
341 4124 480 4173 abstinere
502 4122 646 4186 Spartani,
669 4136 702 4170 ex
753 4120 870 4184 aliisque
880 4135 928 4184 pro
939 4111 1047 4184 ταύτῷ,
1063 4119 1134 4183 quod
1145 4118 1297 4179 Schueser.‚

157 4194 279 4260 Lycurgi
288 4192 404 4257 legibus,
416 4191 576 4254 debuerunt,
586 4190 704 4241 resereu-
754 4189 853 4241 Matth.
873 4196 900 4240 et
912 4187 1029 4238 Bekker.
1044 4205 1059 4238 e
1072 4188 1212 4238 Sancrofti
1227 4187 1298 4237 libro

159 4269 187 4314 te
206 4262 355 4314 Plutarcho
376 4264 404 4311 in
422 4263 558 4312 Institutt.
581 4261 703 4311 Laconu.
754 4262 926 4325 receperunt,
939 4256 1098 4322 refragante
1108 4258 1299 4322 opinorllero-

160 4349 221 4399 pag.
235 4331 350 4383 238D.“
379 4331 466 4382 Cobet
478 4334 557 4382 Varr.
568 4332 659 4381 Lectt.
676 4346 703 4395 p.
755 4329 814 4380 doti
826 4344 891 4391 usu,
911 4342 990 4391 quem
1008 4326 1055 4376 alii
1076 4327 1131 4377 loci
1150 4328 1296 4382 aBredov.

162 4404 211 4454 188
224 4402 373 4453 absurdum
389 4416 448 4452 esse
467 4402 627 4466 pronuntiat
644 4400 669 4449 h.
684 4399 703 4453 1.
754 4416 819 4465 pag.
834 4400 883 4450 1118
897 4397 975 4447 allati
991 4397 1032 4463 (1,
1047 4398 1090 4449 311.
1109 4399 1166 4448 171.
1181 4399 1222 4461 11,
1237 4399 1297 4453 127.

161 4473 272 4525 verbum
286 4468 536 4537 καταμιαίνεσθαι.
561 4471 705 4535 „Namque
754 4469 863 4535 111,117.
876 4470 925 4529 IV,
938 4466 984 4533 oa)
1000 4469 1069 4521 satis
1082 4471 1229 4521 testantur.
