3100 5175
440 359 810 487 TERPSICHORE.
831 419 869 487 V.
894 429 937 490 57.
957 435 1000 491 58.
1246 423 1286 488 95

142 592 246 673 ξαντο
261 596 377 682 σφέων
391 591 505 664 αὐτῶν
525 595 611 665 εἶναι
632 597 806 688 πολιήτας,
826 595 890 684 [οὐ]
904 601 1038 668 πολλῶν
1056 602 1141 669 τέων
1155 604 1210 669 καὶ
1224 599 1285 670 οὐκ

141 692 383 787 ἀξιαπηγήτων
403 695 614 782 ἐπιτάξαντες
633 708 801 791 ἔργεσθαι.
848 706 893 769 Ol
911 703 947 771 δὲ
968 712 1122 784 Φοίνικες
1142 696 1235 773 οὗτοι
1255 711 1288 773 ολ
1293 724 1333 785 58

141 799 208 868 σὺν
237 802 369 894 Κάδμῳ
397 798 610 892 ἀπικόμενοι,
643 811 712 874 τῶν
739 797 826 895 ἦσαν
853 810 887 874 ολ
911 813 1114 896 Γεφυραῖοι,
1141 806 1224 877 ἄλλα
1251 835 1286 876 τε

141 902 270 990 πολλὰ,
291 905 486 995 οἰκήσαντες
500 907 623 996 ταύτην
637 906 698 998 τήν
711 909 824 1001 χώρην
832 963 843 998 ,
864 905 1028 998 ἐσήγαγον
1043 911 1239 979 διδασκάλια
1254 908 1288 991 ἐς

141 1007 221 1086 τοὺς
233 1005 400 1097 Ἕλληνας
418 1012 476 1080 καὶ
497 1008 538 1100 δή
559 1016 616 1081 καὶ
634 1013 826 1103 γράμματα,
847 1011 908 1082 οὐκ
930 1010 1027 1083 ἐόντα
1048 1017 1129 1103 πρὶν
1139 1013 1286 1102 Ἕλλησι,

142 1106 187 1190 ὡς
201 1107 280 1200 ἐμοὶ
295 1114 443 1185 δοκέειν·
472 1120 587 1205 πρῶτα
605 1117 667 1204 μὲν
687 1134 772 1187 τοῖσι
786 1119 842 1186 καὶ
862 1115 1006 1197 ἅπαντες
1028 1123 1189 1206 χρέωνται
1205 1127 1284 1186 Φοί-

143 1292 207 1326 uam
225 1294 297 1330 vero
319 1280 380 1330 iura
404 1279 503 1332 haec'
495 1299 556 1347 ipsa
579 1283 691 1348 luerint,

140 1349 243 1411 quibus
256 1347 362 1404 exclusi
374 1351 478 1401 fuerint
491 1353 689 1418 Gephyraei,'
667 1370 692 1404 sr

141 1431 274 1481 quaeras,
288 1419 324 1468 ad
337 1436 417 1470 secra
427 1424 590 1503 pertinuisse
602 1425 690 1488 suspi-

141 1502 187 1536 cor
206 1495 260 1538 aut
281 1489 351 1540 alias
370 1505 413 1539 res
432 1492 549 1542 minores
571 1508 630 1542 cum
646 1493 689 1541 his

141 1558 309 1610 coniunctas
317 1575 426 1625 ,eoque
437 1568 563 1626 spectare
579 1562 690 1612 credam

140 1626 240 1677 Nostri
254 1630 379 1691 verbaV,
386 1631 417 1680 ttl
430 1631 691 1697 deGephyraeorum

140 1699 231 1748 moris
243 1696 396 1763 loquentis,
411 1715 481 1764 quae
494 1702 560 1750 nihil
573 1717 692 1752 commn-

141 1781 173 1816 ue
189 1767 316 1818 habeant
334 1785 396 1819 eum
413 1771 526 1834 reliquis
545 1771 691 1822 Athenien-

141 1836 214 1886 sium
224 1839 381 1902 sacris,sed
392 1840 504 1890 multum
514 1843 548 1890 ab
559 1841 601 1891 hia
612 1857 691 1906 sepa-

140 1911 205 1956 rata
222 1908 289 1957 siut.
324 1909 405 1970 Quod
423 1911 495 1960 enim
508 1911 610 1961 Preller
624 1913 690 1976 (De-

142 1983 207 2027 met.
220 1993 248 2027 u.
261 1978 392 2042 Perseph.
405 1995 468 2043 pag.
478 1979 542 2045 394)
555 1981 691 2032 Herodoti

141 2047 228 2096 verba
252 2051 294 2098 sic
314 2049 431 2113 accipit,
456 2055 486 2099 ut
508 2049 690 2102 Athenienses

142 2116 314 2181 Gephyraeis
332 2119 499 2169 iniunxerint
515 2128 624 2183 pontem
647 2136 691 2170 su-

142 2201 189 2250 per
209 2186 361 2250 Cephisum
380 2189 476 2252 (cuius
496 2190 608 2240 accolae
635 2191 690 2240 lue—

141 2255 207 2319 rint)
228 2258 437 2314 exstruendum,
453 2260 508 2307 vim
524 2261 600 2309 verbi
617 2252 690 2322 ἔργε-

143 2325 212 2374 σθαι
221 2325 307 2390 (quod
317 2327 475 2377 Herodoteo
488 2344 562 2379 ruore
574 2344 622 2393 pro
634 2329 690 2392 etp-

143 2395 246 2457 γεσθαι
257 2396 312 2445 dici
323 2403 451 2447 constat-t
464 2398 519 2449 vid.
531 2400 646 2449 Brcdov.
660 2415 687 2463 p.

145 2466 195 2517 153
207 2463 279 2530 seq.)
299 2466 375 2516 haud
390 2473 465 2516 recte
482 2470 636 2533 percepisse
649 2469 688 2516 vi-

144 2534 230 2584 detur.
238 2535 298 2586 Nec
305 2536 520 2602 magisplaeent,
528 2553 596 2604 qnae
604 2538 690 2589 Klau-

144 2621 200 2655 seu.
214 2606 336 2670 (Aeneas
349 2623 377 2657 ιι.
392 2608 435 2656 die
448 2607 543 2658 Penat.
560 2625 622 2674 pag.
640 2608 690 2657 146

144 2690 200 2741 seq.
219 2676 272 2724 947
292 2676 383 2741 seqq.)
404 2677 572 2742 excogitavit
590 2683 623 2728 de
638 2676 690 2727 Ge-

143 2746 290 2809 phyraeis,
313 2762 381 2811 quos
399 2747 429 2795 in
447 2762 514 2811 agro
528 2749 690 2812 Tanagraeo

143 2814 304 2866 habitantes
321 2822 349 2865 et
371 2816 494 2879 pontium
515 2817 691 2868 exstruendo-

144 2900 202 2934 rum
214 2893 276 2935 arte
294 2884 460 2936 excellentes
476 2886 598 2937 Athenas
612 2902 693 2937 voca·

145 2960 189 3006 tos
208 2971 270 3005 esse
292 2955 369 3016 vult,
399 2964 431 3006 ut
448 2956 563 3019 Cephiso
581 2964 691 3021 pontem

146 3025 317 3089 imponerent
334 3041 451 3090 eumque
468 3028 627 3077 ceremoniis
652 3026 690 3075 fa-

147 3095 248 3145 ciendis
261 3101 415 3146 tuerentur.
438 3096 515 3157 Quae
529 3098 620 3146 omnia
632 3095 691 3146 lon-

147 3180 179 3229 ge
197 3166 232 3215 ab
250 3165 390 3216 Herodoti
405 3166 496 3217 verbis
513 3167 609 3217 abesse
629 3181 692 3216 cen-

148 3248 258 3289 semus⁸⁴

254 3368 257 3373 ·
329 3405 396 3456 Car.
410 3405 511 3457 LVIII.

180 3500 321 3573 ἐσήγαγον
347 3502 532 3573 διδασκάλια]
564 3509 598 3559 Iu
623 3510 691 3560 Sau-

149 3580 226 3630 crolti
235 3580 307 3630 libro
317 3576 515 3640 διδασκαλείας
529 3578 610 3629 male.
628 3579 690 3628 Vid.

149 3649 262 3701 Bredor
283 3648 465 3714 psg.182et
487 3649 559 3698 coni
579 3649 692 3727 Spidam

150 3719 176 3781 l,
196 3720 330 3785 psg.o'13
347 3713 546 3768 ὃιδασκαλιον·
570 3708 639 3766 αὐτὰ
660 3710 692 3766 τὸ

149 3783 279 3853 μάθημα.
311 3790 374 3850 Qua
390 3788 485 3839 eadem
503 3790 651 3851 disciplinae
671 3803 694 3842 s.

148 3862 308 3935 cognitionis,
332 3860 465 3910 doctrinae
494 3858 694 3923 significatIoue

148 3925 693 3990 i'demvocabnlum,mouenteAbresehio,

150 3998 257 4049 obvium
279 3999 355 4063 apud
373 3996 460 4049 Basil.
483 3996 584 4048 Homil.
601 3996 694 4046 111'111

150 4069 278 4124 Hexaiim
297 4083 362 4133 pag.
375 4069 409 4117 28
422 4067 452 4119 C.
468 4073 496 4117 et
507 4065 608 4117 Homil.
618 4068 653 4120 V.
666 4082 692 4132 p.

149 4137 226 4189 ttn.
252 4140 328 4189 Hinc
350 4137 462 4186 minime
483 4151 551 4201 opus
566 4150 627 4186 curn
640 4136 695 4187 Lu-

149 4207 189 4258 dol
209 4210 244 4261 ho
261 4208 417 4259 rescribere
431 4201 624 4262 διδασκαλίας.

203 4272 293 4343 clpol
308 4270 435 4341 δοκέειν]
461 4276 630 4341 Reliquimus
646 4272 694 4323 ‹lo-

150 4340 231 4412 κέειν,
245 4350 334 4401 cuius
344 4346 407 4397 loco
421 4345 561 4396 Saucrolti
574 4345 642 4395 liber
656 4344 697 4395 of-

148 4418 198 4470 terr
213 4414 322 4470 dorset
356 4418 396 4466 rt
412 4416 469 4465 vrd
482 4417 522 4478 V,
545 4415 606 4465 65
598 4430 636 4464 rn.
650 4414 694 4467 69.

148 4490 202 4546 init.
217 4487 366 4556 95,e1ibi.
396 4485 467 4538 Sunt
476 4500 541 4537 vero
554 4483 622 4535 haec
636 4500 696 4537 rer-

742 1284 778 1333 ba
795 1283 904 1333 adiecta
924 1299 941 1333 a
962 1289 1039 1349 patre
1058 1283 1206 1346 historiae,
1224 1300 1286 1334 curn

741 1352 785 1403 vel
798 1355 951 1417 antiquitus
965 1370 1019 1404 uon
1032 1355 1167 1412 deessent,
1179 1356 1226 1418 qui
1236 1357 1286 1404 Pe·

740 1421 827 1488 lasgis
837 1425 951 1489 aliisque
965 1429 1097 1474 Graeciae
1113 1427 1241 1488 gentious
1255 1424 1286 1472 li-

740 1499 860 1543 terurum
880 1494 1026 1558 primordie
1045 1493 1089 1543 vel
1113 1501 1177 1543 aute
1192 1493 1286 1543 Cadmi

740 1563 769 1611 in
786 1563 930 1613 Graeciam
950 1565 1098 1613 adveutum
1115 1567 1227 1627 cognita
1246 1567 1286 1611 tu-

742 1633 797 1682 isse
812 1633 945 1683 dicerent
973 1634 1111 1682 Diodorus
1125 1633 1183 1694 Ill,
1197 1635 1231 1682 66
1252 1647 1285 1682 ex

740 1703 874 1765 Dionysio
899 1703 996 1764 refert,
1022 1704 1119 1750 Linum
1143 1702 1238 1751 literas
1268 1717 1285 1751 a

743 1771 845 1821 Cadmo
859 1788 873 1821 e
885 1770 1032 1821 Phoenicia
1042 1775 1142 1820 allatas
1156 1771 1191 1819 ad
1202 1775 1285 1821 Grue-

742 1856 835 1891 corum
848 1840 995 1890 dialectum
1007 1845 1219 1891 transformasse
1232 1836 1286 1903 (εἰς

740 1904 794 1975 τήν
809 1904 976 1974 Ἑλληνικήν
1001 1916 1170 1974 parcoatras
1194 1910 1285 1957 διαλε-

740 1979 821 2044 κτον)
837 1994 970 2045 sunmque
980 1979 1096 2044 siugulis
1108 1982 1285 2029 constituisse

741 2065 838 2101 nomeu
880 2050 1107 2112 characteremque
1146 2048 1285 2098 effinxisse

742 2117 961 2183 (ὃιατνκώσαι);
976 2120 1046 2168 unde
1060 2128 1154 2168 literas
1167 2134 1285 2167 commu·

741 2189 769 2237 ui
787 2189 896 2254 quidem
912 2189 1103 2239 Plroenicsurum
1124 2188 1284 2253 appellatio-

740 2274 775 2307 ne
787 2257 995 2323 comprehendi,
1018 2259 1088 2323 quod
1110 2261 1145 2307 sd
1164 2263 1283 2308 Graecos

740 2328 926 2378 ePhoenicia
955 2330 1056 2378 suerint
1083 2328 1198 2391 allatae,
1236 2328 1284 2377 sed

739 2407 837 2462 postea
858 2398 990 2462 peculiari
1002 2400 1203 2460 Pelaspicorurrr,
1223 2412 1284 2446 cum

740 2467 816 2517 hisee
847 2468 1053 2518 characteribus
1079 2468 1283 2517 transformatis

740 2538 819 2602 primi
837 2539 892 2586 sint
915 2541 959 2588 usi
980 2539 1098 2601 Pelasgi.
1129 2539 1162 2586 In
1184 2538 1283 2601 quibus

740 2611 825 2658 verba
845 2608 923 2657 modo
940 2609 1027 2658 allata
1042 2605 1083 2663 εἰς
1100 2602 1285 2670 τήνἝλλήνι-

740 2670 796 2741 κήν
822 2679 991 2739 μεταθεῖναι
1015 2675 1162 2724 διαλεκτον
1185 2678 1225 2725 ita
1244 2690 1283 2724 rn-

741 2746 830 2810 telligi
847 2747 907 2795 vult
926 2748 1053 2797 Perizon.
1072 2747 1106 2794 ad
1127 2745 1233 2795 Aelian.
1249 2746 1282 2796 V.

743 2819 777 2866 ll.
794 2816 913 2878 111‚32,
930 2830 960 2865 ut
980 2819 1057 2865 Linus
1070 2819 1158 2865 literae
1175 2816 1284 2865 Patricos

741 2888 767 2935 t'rr
784 2886 907 2935 Graecum
925 2888 1032 2949 λίημαονι
1049 2888 1181 2933 contulem't
1195 2891 1287 2943 aptau-

741 2957 773 3005 do
788 2957 818 3004 iis
828 2958 934 3019 ι’ὶγανανι
947 2964 971 3004 et
983 2957 1189 3018 appellationem:
1203 2954 1242 3001 ita
1256 2958 1286 3000 ut

741 3026 857 3073 Diodori
869 3027 1003 3083 narratio,
1014 3026 1039 3071 si
1051 3028 1115 3086 quio
1129 3023 1228 3070 lrabeat
1242 3036 1286 3070 ve·

740 3095 773 3156 ri,
786 3093 818 3143 de
830 3094 918 3157 figura
926 3094 1067 3142 literarum
1081 3094 1234 3156 accipiatur
1245 3090 1286 3138 in-

740 3178 822 3213 versa
837 3166 872 3212 ab
887 3166 999 3212 sinistra
1022 3164 1050 3210 in
1069 3163 1192 3211 dextram
1206 3166 1285 3210 secus

742 3248 822 3298 qnam
834 3241 981 3283 exerantur
999 3233 1094 3282 literae
1109 3231 1286 3289 Phoenicius,

741 3319 823 3368 quam
841 3302 926 3353 solam
946 3306 974 3350 iu
999 3302 1084 3353 literis
1105 3317 1120 3350 e
1138 3299 1286 3351 Phoenicia

741 3372 834 3422 allatis
846 3374 1027 3423 mutationem
1037 3388 1054 3422 a
1062 3371 1174 3421 Graecis
1186 3372 1286 3420 iactam

742 3458 802 3493 esse
811 3443 918 3492 iudicat
928 3443 1098 3492 Perizonius.
1113 3444 1202 3505 Atque
1213 3438 1286 3489 haud

742 3514 799 3563 scio
820 3526 855 3561 au
877 3528 908 3562 eo
926 3518 1052 3590 spectent
1073 3512 1168 3560 Nostri
1189 3510 1286 3560 verba.

742 3575 894 3661 μετέβαλον
924 3578 972 3630 καλ
1005 3576 1056 3630 τὸν
1083 3571 1198 3644 ῥυθμὸν
1229 3577 1286 3626 τῶν

743 3644 922 3717 γραμμάτων,
942 3658 970 3702 et
991 3651 1160 3734 paulopost:
1187 3662 1287 3713 μεταρ-

745 3720 937 3786 ρυθμίσαντες
955 3734 1051 3782 σφεων
1076 3716 1156 3783 ὀλίγα
1176 3734 1201 3768 κ.
1219 3733 1242 3765 τ.
1261 3716 1285 3767 λ.

745 3794 821 3854 Quae
835 3792 905 3841 dein·
917 3792 950 3840 de
964 3791 1114 3855 Pelasgicis
1132 3788 1218 3838 literis
1240 3786 1288 3834 ad-

745 3862 807 3911 iicit
815 3861 953 3911 Diodorus
963 3861 982 3910 l
993 3862 1021 3919 l.,
1033 3863 1061 3908 in
1072 3862 1105 3909 iis
1116 3858 1217 3909 falsum
1228 3870 1288 3905 esse

744 3937 794 3980 aut
814 3931 964 3980 Diodorum
984 3935 1033 3979 aut
1056 3945 1136 3994 quem
1165 3927 1287 3992 sequitur

744 4001 920 4064 Dionysium,
943 4005 1062 4049 annotat
1081 3996 1289 4059 Wesscliugius

744 4070 787 4119 Ad
804 4070 974 4119 Herodotum
992 4073 1024 4116 ut
1045 4073 1180 4125 revertar,
1198 4063 1288 4113 verbis
1327 4121 1330 4129 Ι

744 4129 784 4195 ὡς
803 4130 864 4199 ἐμοὶ
884 4133 995 4185 δοκέειν
1015 4136 1130 4187 adiectis
1147 4132 1288 4185 Nitzschio

745 4222 854 4272 quoque
867 4205 1051 4271 (DeHistoria
1062 4207 1173 4255 Homer.
1184 4205 1208 4254 1.
1224 4218 1286 4268 pag.

746 4278 781 4328 78
793 4292 849 4340 seq.
862 4275 908 4340 60)
923 4275 969 4325 ille
981 4276 1091 4326 videtur
1102 4291 1156 4324 non
1169 4275 1229 4339 ipse
1241 4273 1289 4323 du·

746 4347 868 4396 bitanter
887 4345 1023 4409 iudicare,
1045 4347 1092 4397 sed
1107 4350 1203 4396 contra
1221 4344 1290 4394 alios

747 4416 880 4481 quosdam
894 4418 1067 4473 contendere,
1080 4418 1178 4481 quibus
1190 4415 1290 4465 Graeci

749 4490 805 4537 iarn
823 4491 887 4538 aute
907 4502 987 4553 quarn
1006 4487 1124 4539 Cadmus
1139 4485 1289 4537 Phoenices
