3100 5175
262 403 323 463 oro
696 404 960 489 urruono'ri

262 580 318 648 καὶ
334 583 541 666 Στεντορίδα
563 585 686 668 λίμνην
707 578 892 668 παρεξιών,
921 582 953 661 ἐς
975 575 995 648 δ
1016 576 1154 650 ἀπίκετο
1168 582 1201 659 ἐς
1215 585 1394 665 Δορίσκον.

215 680 293 752 59Ὁ
309 683 345 751 δὲ
361 690 525 769 Δορίσκος
545 686 613 752 ἐστὶ
628 689 686 770 της
700 693 847 773 Θρηίκης
863 686 1011 771 αἰγιαλός
1025 710 1059 753 τε
1081 686 1137 753 καὶ
1159 689 1279 753 πεδίον
1300 685 1394 770 μέγα,

262 785 318 856 διὰ
333 788 368 855 δὲ
385 784 489 856 αὑτοῦ
503 789 570 875 ῥέει
586 786 730 875 ποταμὸς
744 792 846 876 μέγας
860 785 995 876 Ἕβρος,
1024 792 1060 857 ἐν
1075 792 1121 878 τῷ
1140 787 1247 875 τεῖχός
1259 813 1294 854 τε
1312 788 1383 854 ἐδί-
1394 806 1445 855 530

262 898 368 979 δμητο
382 891 558 978 βασιλήιον
573 897 681 975 τοῦτο,
696 889 733 960 τὸ
747 891 790 979 δὴ
805 899 971 979 Δορίσκος
984 895 1150 979 κέκληται,
1165 893 1220 960 καὶ
1239 892 1396 975 Περσέων

261 992 395 1083 φρουρὴ
411 997 447 1062 ἐν
468 991 560 1086 αὐτῷ
571 994 768 1082 κατεστήκεε
791 993 857 1065 dud
874 1002 1024 1083 Δαρείου
1045 999 1077 1078 ἐξ
1093 1000 1226 1064 ἐκείνου
1246 998 1306 1062 τοῦ
1319 991 1394 1080 χρύ·

261 1126 344 1182 νου,
366 1101 442 1166 ἐπεί
461 1125 496 1165 τε
517 1100 571 1166 ἐπὶ
586 1098 728 1179 Σκύθας
750 1099 972 1186 ἐστρατεύετο.
1018 1103 1111 1182 ἔδοξε
1131 1089 1180 1169 ὧν
1199 1102 1246 1190 τῷ
1260 1091 1396 1184 Ξίρξηδ

261 1208 366 1289 χῶρος
382 1200 467 1270 εἶναι
485 1200 654 1289 ἐπιτήδεος
670 1204 859 1286 ἐνδιατάξαι
875 1230 910 1271 τε
925 1203 980 1272 καὶ
991 1205 1209 1290 ἐξαριθμῆσαι
1223 1197 1282 1269 τὸν
1296 1220 1394 1285 στρα·

262 1303 335 1374 τόν·
364 1305 419 1372 καὶ
434 1306 543 1373 ἐποίεε
558 1311 672 1373 ταῦτα.
708 1304 765 1385 τὰς
779 1307 840 1393 μὲν
855 1305 896 1395 δη
911 1309 988 1386 νέας
1003 1303 1058 1385 τὰς
1074 1306 1180 1384 πάσας
1194 1302 1396 1390 ἀπικομένας

263 1413 295 1486 ἐς
311 1414 481 1493 Δορίσκον
495 1413 529 1476 oi
540 1408 718 1495 ναύαρχοι,
735 1410 956 1488 κελεύσαντος
971 1413 1118 1495 Ξέρξεω,
1139 1411 1172 1488 ἐς
1186 1406 1245 1476 τὸν
1257 1404 1396 1493 αίγαλόν

261 1508 320 1578 τὸν
336 1514 497 1597 προσεχέα
512 1519 669 1604 Δορίσκῳ
688 1513 862 1599 ἐκόμισαν,
884 1515 921 1581 ἐν
939 1519 985 1605 τῷ
1001 1514 1096 1601 Σάλη
1110 1540 1146 1581 τε
1160 1517 1395 1600 Σαμοθρηικίη

262 1701 319 1749 seq.
353 1684 427 1735 inter
452 1689 557 1736 veteres
579 1685 635 1734 vid.
660 1688 805 1751 praecipue
855 1683 1099 1749 αριθμῆσαι,ἰαιο
1109 1685 1292 1748 Wesselingio
1305 1682 1395 1732 arrisit

262 1755 353 1805 Strob.
368 1754 395 1803 in
409 1756 552 1819 Excerptt.
565 1755 627 1806 libri
642 1756 703 1823 Vll.
719 1760 743 1819 §.
755 1759 803 1807 50:
855 1771 888 1804 ae
902 1756 1046 1820 postmodo
1059 1761 1195 1820 receptum
1210 1761 1252 1803 est
1266 1769 1283 1803 a
1297 1753 1394 1803 Subse-

262 1816 334 1885 πρὸς
350 1819 380 1871 δέ
401 1823 435 1886 τῇ
454 1816 553 1889 ἐκβολῇ
573 1822 624 1873 τοῦ
643 1814 744 1890 Ἐβρον
762 1825 805 1875 δι·
856 1826 912 1874 iero
926 1830 954 1874 et
966 1825 1133 1887 Mottlriuco,
1147 1825 1280 1889 probtnts
1293 1822 1394 1872 (iubeto

263 1885 369 1955 στόμον
394 1883 478 1949 ὄντος
508 1891 591 1949 πόλις
607 1888 696 1952 Αἶνος
720 1888 750 1943 ἐν
766 1894 805 1959 τῴ
855 1895 883 1943 iu
901 1895 1068 1960 blnemosyu.
1084 1895 1131 1943 Vl.
1150 1910 1175 1959 p.
1195 1892 1261 1955 408,
1287 1907 1349 1941 uum
1368 1892 1395 1940 iu

262 1958 374 2012 Μέλανι
393 1956 489 2012 κόλποι
506 1965 611 2026 κεῖται,
630 1965 732 2027 κτίσμα
749 1966 806 2015 Mi·
855 1964 1009 2014 huiusmodi
1029 1965 1175 2014 structuris
1189 1963 1272 2012 verba
1290 1976 1352 2011 eum
1366 1951 1394 2009 ἐν

261 2026 806 2096 τνληναι’τονκαὶ1(νμαίων,ἐτιδέπρύ-
855 2035 1008 2099 composita
1036 2033 1159 2083 adhiberi
1184 2032 1290 2082 soleant
1313 2036 1395 2095 atque

262 2116 344 2166 τερον
360 2093 639 2166 Ἀλαπτιιοννησίων·
663 2096 716 2151 εἶτ’
729 2097 804 2164 ἄκρα
855 2103 906 2153 hoe
929 2105 989 2168 ipso
1008 2103 1068 2153 loco
1090 2102 1236 2166 praecedat
1258 2090 1395 2148 ε’νδιατοί-

263 2164 432 2235 Σαριτεδοίν.
442 2171 702 2235 -Steneorr'rpatus,
715 2174 805 2224 obser·
856 2169 917 2234 ξαι;
936 2172 1009 2226 conf.
1026 2172 1154 2229 Kuelruer
1168 2171 1215 2221 Gr.
1233 2171 1279 2223 (ir.
1295 2173 1321 2233 ξ.
1335 2170 1394 2229 040,

261 2248 345 2292 vante
358 2242 501 2291 Mannerio
519 2241 537 2292 l.
553 2242 570 2291 l.
588 2242 650 2291 Vll.
665 2259 727 2307 pag.
743 2243 803 2304 008,
853 2247 910 2291 not.
925 2241 941 2293 3
955 2240 1013 2307 (qui
1028 2242 1097 2292 bene
1111 2241 1224 2292 retinuit
1240 2232 1394 2301 ἐξαριθμῆ-

262 2312 376 2375 exiguus
386 2318 501 2360 vocatur
511 2310 556 2361 ille
566 2312 649 2361 maris
660 2314 745 2370 sinus.
757 2313 804 2362 ubi
855 2310 914 2375 σαι)
936 2318 962 2362 et
981 2312 1035 2362 vid.
1057 2311 1143 2362 alluta
1159 2310 1194 2359 ad
1212 2309 1344 2360 Herodot.
1361 2310 1392 2368 V,

147 2410 155 2423 ·
262 2381 330 2430 ueni
351 2379 528 2443 luitpertus:
547 2381 805 2446 undeapudHcro·
854 2380 897 2432 23.
927 2382 1021 2447 Neque
1033 2396 1097 2432 vero
1112 2381 1174 2430 iude
1185 2379 1250 2429 mihi
1262 2377 1341 2444 sequi
1355 2378 1394 2428 vi-

262 2450 361 2498 dotum·
371 2449 432 2514 quis
446 2448 594 2499 rescribere
612 2450 690 2499 malit
706 2446 804 2513 λιμένα
854 2451 949 2511 detur,
966 2450 1016 2501 lroc
1034 2466 1141 2515 quoque
1163 2450 1223 2500 loeo
1239 2439 1393 2510 ἐναριθμῆ-

262 2517 384 2583 (poi-tum)
392 2533 441 2583 pro
450 2514 561 2581 λίμνην,
574 2524 731 2582 praesertim
743 2537 804 2571 cum
855 2532 901 2569 σαι
923 2521 1006 2570 scribi
1025 2520 1137 2583 debers,
1156 2519 1316 2585 praesertim
1336 2532 1395 2568 eum

262 2591 385 2640 Stentoris
397 2597 487 2653 portua
502 2588 574 2638 intra
587 2590 672 2640 Hebri
689 2593 762 2641 ostia
776 2597 805 2642 et
855 2590 925 2641 idem
938 2592 1049 2641 verbum
1066 2580 1234 2654 ἐξαριθμεῖν
1253 2606 1315 2640 mox
1334 2603 1394 2652 cap.

261 2661 366 2708 Aenum
379 2660 471 2710 urbem
484 2666 708 2711 commemoretur
720 2677 736 2711 a
748 2661 804 2712 Pli·
853 2660 888 2712 00
902 2665 930 2709 et
949 2659 980 2711 81
1000 2660 1094 2711 eadem
1110 2662 1138 2710 in
1159 2676 1187 2711 re
1207 2664 1234 2709 et
1250 2674 1336 2724 supro
1348 2658 1395 2718 lv,

262 2730 308 2777 nio
325 2729 360 2781 H.
375 2730 408 2779 N.
422 2730 469 2784 lv.
484 2730 524 2780 ll.
537 2731 559 2792 5.
575 2729 616 2779 43.
642 2732 683 2781 De
696 2734 804 2783 Dorisco
853 2730 887 2782 87
902 2733 932 2780 in
950 2730 1034 2780 simili
1049 2736 1122 2781 certe
1140 2746 1169 2779 re
1186 2729 1337 2779 adhibitum
1357 2726 1395 2777 vi·

260 2797 318 2849 rid.
331 2802 401 2851 nott.
414 2798 449 2849 sd
464 2799 495 2860 V,
508 2798 551 2850 98.
852 2801 977 2857 δοιαιοις
994 2801 1088 2864 itaque
1102 2816 1162 2850 cum
1176 2800 1294 2850 caeteris
1309 2797 1395 2849 edito-

852 2871 926 2920 ribus
937 2870 1037 2920 retinui
1049 2863 1247 2934 ἐξαριθμῆσαι,
1259 2869 1331 2934 (μιοδ
1341 2867 1395 2931 ple-

852 2940 931 3004 rique
944 2939 1006 2989 libri
1019 2941 1116 3005 scripti
1128 2939 1266 2990 exhibent.
1289 2935 1395 3001 Simpli-

832 3009 897 3057 cia
918 3009 1001 3059 verba
1026 3003 1189 3059 διατύσσειν
1209 3014 1237 3059 st
1259 2998 1396 3070 ἀριθμεῖν

855 3078 1027 3141 reperiuntur
1044 3080 1071 3128 in
1085 3078 1137 3128 hoc
1151 3095 1180 3129 re
1194 3077 1318 3128 adhibita
1333 3075 1393 3134 Vll,

858 3146 915 3196 100.
931 3148 972 3198 Dc
983 3149 1042 3212 ipso
1051 3138 1395 3211 νειθοέξαριθμεὶνρίοη

456 2971 521 3021 Cre.
540 2972 612 3021 L1x.

297 3062 327 3120 ἐν
349 3070 388 3139 τῷ
408 3065 500 3137 τεῖχός
522 3087 550 3121 τε
573 3063 709 3137 ἐδέδμητο
725 3069 804 3139 βασι-

262 3135 356 3207 λήϊον]
374 3145 466 3206 τεῖχος
478 3145 621 3206 rostellum,
637 3159 720 3193 arcem
735 3143 804 3192 indi-

263 3217 324 3272 cat,
340 3216 370 3261 ut
383 3212 438 3274 1v,
454 3212 495 3261 1⁶2.
508 3213 541 3262 40
556 3212 648 3273 ibique
660 3217 729 3263 nott.
745 3213 803 3262 124.

264 3280 407 3343 v11‚107.
429 3281 486 3332 tlt.
506 3281 563 3330 108.
585 3280 642 3340 ΙΙΙ,
664 3281 694 3332 13
712 3282 803 3346 ibique

263 3354 333 3402 uoti.
347 3349 381 3410 V,
394 3349 436 3399 34.
453 3349 496 3398 04.
513 3352 571 3401 125.
602 3349 662 3400 Ηοο
678 3366 742 3400 vero
757 3366 803 3400 cs·

263 3418 372 3466 stellum
391 3416 473 3467 Plinii
499 3432 532 3466 ae
554 3419 696 3483 Pomponii
714 3420 803 3469 Melae

263 3490 356 3535 aetate
363 3484 451 3535 adhue
460 3486 601 3537 exstitisse
609 3489 726 3541 videtur.
740 3490 803 3540 Vid.

220 3607 229 3626 1
263 3554 325 3606 Plin
347 3555 382 3603 H.
397 3555 429 3606 N.
442 3555 488 3613 IV,
505 3556 803 3618 tr.§.43.uel.11‚2.

263 3625 325 3688 §.u
354 3625 396 3673 De
410 3623 498 3677 Hebro
511 3624 568 3674 dixi
581 3626 615 3675 ad
628 3627 735 3686 1V‚90:
756 3628 805 3678 ubi

263 3695 319 3746 vid.
335 3696 417 3744 etiam
436 3695 468 3744 de
481 3695 568 3744 Dario
585 3695 656 3745 hunc
669 3696 805 3748 Thraciae

264 3768 367 3829 putem
393 3763 592 3829 perlustrante,
625 3780 683 3815 eum
708 3771 805 3816 contro

263 3834 380 3896 Scythes
407 3833 636 3898 proficisceretur3
666 3834 729 3886 add.
756 3835 805 3899 lv,

266 3902 315 3954 143
328 3918 356 3954 se
379 3939 385 3953 .
414 3904 455 3952 Δδ
471 3903 584 3955 formam
598 3904 806 3972 plusquamper-

264 3972 331 4024 feeti
347 3920 482 4035 ἐδέδμητο
499 3974 572 4023 coni.
590 3975 658 4034 Vll,
679 3975 728 4026 176
741 3973 803 4026 coll.

264 4043 324 4094 200.
340 4041 460 4092 Fischer.
469 4041 503 4092 ed
511 4042 621 4094 Weller.
630 4044 682 4106 lli,
691 4060 750 4109 a.p.
760 4044 803 4096 73.

300 4102 447 4174 ἐπιτήδεος
466 4104 629 4173 ἐνδιατάξαι
645 4127 673 4160 τε
693 4110 742 4162 καί
760 4104 803 4175 ἐξ·

264 4177 435 4246 αριθμῆσαι]
457 4183 537 4232 Visus
559 4182 640 4247 igitur
661 4188 702 4233 est
719 4183 803 4234 Xerxi

264 4250 341 4299 hicce
353 4249 429 4299 loeus
446 4265 506 4300 osse
517 4260 593 4313 optas
608 4267 629 4301 s.
647 4254 762 4315 idoneus,
779 4257 805 4304 ιἰι

264 4334 313 4383 quo
325 4321 462 4369 exercitum
477 4320 612 4382 disponere
626 4337 658 4371 ac
672 4337 806 4373 recensere

264 4388 386 4437 commode
401 4397 495 4448 posset.
528 4389 595 4439 Inde
610 4391 681 4455 quod
696 4392 724 4440 iu
737 4393 805 4441 Ssu-

265 4455 346 4506 eroiti
370 4456 440 4507 libro
464 4456 605 4523 alteroque
629 4458 729 4523 legitor
750 4452 805 4509 ἐν-

854 3232 887 3266 ex
908 3217 1043 3277 lsoerste,
1065 3217 1129 3266 aliis
1149 3215 1263 3281 protulit
1279 3217 1395 3279 Strange

854 3287 896 3334 iu:
916 3285 1030 3336 Jahrbb.
1045 3285 1063 3335 f.
1077 3285 1174 3336 Philol.
1196 3302 1223 3335 u.
1238 3286 1394 3349 Paedagog.

855 3353 946 3418 Suppl.
964 3351 1015 3408 ΙΙΙ.
1031 3371 1057 3418 p.
1072 3355 1133 3405 500.

887 3419 935 3472 καί
946 3414 997 3472 ἐπο
1007 3427 1038 3472 ’τε
1048 3422 1146 3488 ταῦτα]
1156 3425 1218 3474 Duo
1227 3422 1305 3474 codd.
1314 3416 1393 3474 viride:

855 3491 941 3554 mals,
960 3495 983 3543 si
1001 3493 1109 3558 quidem
1126 3491 1216 3543 ταῦτα
1234 3492 1269 3541 sd
1289 3499 1395 3542 antece·

855 3561 962 3623 dentis,
982 3560 1049 3612 τάδε
1063 3564 1098 3612 sd
1111 3565 1255 3628 sequentia
1271 3566 1394 3628 spectare

855 3632 922 3680 satis
934 3637 976 3682 est
988 3638 1090 3687 notum.
1100 3659 1135 3670 —-
1145 3632 1176 3682 ln
1187 3647 1261 3696 seqq.
1273 3647 1322 3696 pro
1335 3622 1395 3679 ἐκύ-

854 3713 941 3762 μισαν
956 3700 1009 3751 duo
1030 3702 1108 3755 codd.
1124 3696 1305 3764 διορίσαντας
1323 3715 1393 3765 quse

856 3770 949 3820 eadem
961 3769 1087 3821 lectionis
1102 3773 1223 3824 varietas
1236 3770 1273 3832 V,
1285 3769 1334 3830 83,
1348 3769 1393 3819 ubi

855 3839 908 3889 vid.

874 3933 880 3944 ·
891 3902 970 3971 Σάλη
980 3921 1008 3955 τε
1020 3905 1236 3973 Σαμοθρηϊιιίη]
1249 3907 1394 3959 Samotbra-

855 3979 894 4026 cio
903 3979 1036 4042 popinor,
1052 3977 1154 4029 dicitur
1166 3977 1241 4037 Sale,
1259 3977 1331 4041 quod
1343 3977 1393 4028 Sa·

856 4047 1021 4097 mothsaeum
1033 4047 1085 4096 fuit
1095 4048 1199 4098 colonis
1211 4049 1238 4096 in
1249 4053 1321 4097 terra
1330 4063 1394 4097 eou-

855 4118 955 4168 tincnti
970 4116 1105 4167 'Phraciae
1125 4119 1161 4168 ad
1181 4132 1255 4167 oram
1272 4115 1392 4182 condita.

855 4187 898 4236 De
910 4187 992 4237 verbo
1007 4182 1130 4244 πολιζειν
1142 4185 1198 4238 vid.
1214 4186 1302 4235 citata
1314 4186 1349 4236 ad
1361 4189 1394 4247 V,

858 4256 899 4308 13.
930 4257 971 4306 Αδ
986 4272 1028 4319 ea,
1042 4270 1111 4320 quas
1121 4255 1248 4320 deinceps
1258 4257 1330 4320 apud
1342 4256 1395 4306 He·

855 4324 980 4375 rodotum
1002 4325 1139 4388 leguntur,
1165 4324 1283 4389 pertinet
1306 4324 1395 4376 Melas

857 4394 931 4445 locus
947 4396 991 4453 11,
1003 4395 1029 4445 2.
1045 4392 1070 4453 i.
1084 4394 1115 4444 8:
1138 4393 1255 4458 „dsinds
1270 4408 1395 4458 promou-

855 4467 954 4514 torium
970 4463 1112 4525 Serrltirmr,
1132 4469 1159 4514 st
1177 4478 1231 4529 quo
1250 4468 1395 4514 uouentem
