3100 5175
281 435 340 499 174

711 432 976 498 HERODOTI

278 616 439 702 ραννίδας
454 606 487 692 ἒς
501 606 559 690 τάς
572 609 667 690 πόλις
680 607 838 697 κατάγειν
851 607 1161 697 παρασκευάζεσθε,
1175 611 1237 678 τοῦ
1249 602 1326 676 οὔτε
1340 602 1414 677 άδι-

277 714 424 805 κότερον
444 712 546 784 οὐδέν
566 711 635 785 ἐστι
649 710 725 783 κατ’
739 710 943 803 ἀνθρώπους
959 710 1036 782 οὔτε
1050 710 1326 800 μιαιφονώτερον.
1372 717 1418 780 Et

277 817 342 907 γάρ
357 817 398 907 δὴ
418 816 515 888 τοῦτό
538 845 576 905 γε
593 821 700 887 δοκέει
720 811 803 906 ὑμῖν
824 817 910 886 εἶναι
927 813 1088 905 χρηστόν,
1112 813 1197 884 ὥστε
1210 814 1413 903 τυραννεύε·

276 934 360 992 σθαι
375 920 433 1001 τάς
446 920 557 1009 πόλις,
579 917 674 990 αὐτοὶ
694 925 818 1009 πρῶτοι
839 920 1007 1007 τύραννον
1026 917 1309 1007 καταστησάμενοι
1323 914 1414 1004 παρά

277 1034 372 1113 σφίσι
386 1022 534 1112 αὐτοῖσι,
554 1021 642 1095 οὕτω
657 1025 713 1093 καὶ
726 1040 812 1093 τοῖσι
825 1021 953 1094 άλλοισι
968 1029 1104 1111 δίζησθε
1117 1021 1320 1091 κατιστάναι.
1348 1025 1414 1089 νῦν

278 1129 314 1197 δὲ
328 1124 424 1197 αὐτοὶ
438 1126 569 1216 άπειροι
590 1123 700 1207 ε’όντες
718 1125 896 1217 τυράννων
911 1129 966 1196 καὶ
980 1124 1205 1215 φυλάσσοντες
1226 1122 1413 1210 δεινότατα,

273 1224 374 1300 τοῦτο
389 1229 427 1300 ἐν
438 1237 480 1321 τῇ
496 1230 637 1320 Σπάρτη
651 1229 696 1320 μὴ
713 1234 889 1320 γενέσθαι,
909 1235 1126 1319 παραχρᾶσθε
1142 1226 1174 1309 ἐς
1191 1225 1268 1307 τούς
1283 1227 1411 1316 συμμά-

276 1362 363 1423 χους.
391 1341 422 1404 εί
435 1334 472 1403 δὲ
486 1331 582 1403 αὐτοὶ
595 1341 745 1423 ἔμπειροι
759 1342 852 1422 ἔατε,
876 1334 1022 1423 κατάπερ
1036 1329 1145 1421 ἡμεῖς,
1161 1342 1264 1419 εἴχετε
1277 1326 1321 1399 άν
1335 1333 1414 1418 περί

277 1434 382 1507 αὐτοῦ
395 1436 529 1526 ννάμας
542 1434 720 1526 άμείνονας
741 1442 972 1526 συμβαλέσθαι
987 1436 1070 1528 ἥπερ
1083 1440 1158 1504 νῦν.
1197 1441 1413 1522 Κορινθίοισι

276 1538 340 1631 γάρ
367 1532 410 1631 ἦν
434 1539 549 1620 πόλιος
571 1539 769 1620 κατάστασις
793 1541 918 1630 τοιήδε·
951 1532 994 1630 ἦν
1019 1538 1207 1627 ὀλιγαρχίη,
1236 1539 1293 1606 καὶ
1319 1528 1412 1607 οὗτοι

275 1715 362 1780 deque
374 1715 457 1765 etiam
469 1707 616 1779 ἰσηγορίας
628 1719 656 1766 et
670 1708 818 1779 ἰσονομίας

274 1784 409 1835 vocabulo
423 1784 605 1850 appellatum,
621 1789 751 1849 utsupra
763 1800 819 1834 mo·

274 1854 381 1906 nuimua
405 1853 616 1920 ad111,80et
635 1855 674 1915 V,
694 1855 736 1908 78.
773 1853 815 1903 Cf.

276 1925 358 1974 etiam
374 1922 504 1976 Niebuhr.
520 1925 613 1974 Roem.
625 1922 723 1974 Geach.
738 1923 778 1973 ΙΙ.
788 1939 818 1989 p.

275 1993 326 2045 315
339 1993 381 2043 ed.
397 2008 452 2043 aec.
467 1998 495 2044 et
510 1992 541 2047 C.
558 1993 590 2045 Ο.
604 1993 732 2045 Mueller:
749 1993 815 2042 Dor.

261 2062 300 2118 ,1.
320 2063 431 2127 ρ.160,
455 2062 503 2112 ubi
522 2062 548 2112 h.
569 2061 587 2115 1.
608 2064 699 2113 citano
721 2061 817 2112 adiicit

274 2130 546 2196 Dionya.Halica1·n.
567 2133 596 2180 in
614 2132 681 2196 Lpa.
693 2131 735 2183 30.
752 2147 814 2196 pag

274 2199 333 2250 523.
372 2200 515 2251 Pertinent
536 2216 600 2250 vero
625 2199 693 2251 haec
716 2199 752 2250 ad
777 2201 816 2263 id,

274 2269 347 2334 quod
364 2271 393 2319 in
411 2273 466 2319 not.
483 2269 519 2319 ad
531 2268 570 2330 V,
589 2269 620 2320 91
640 2270 702 2322 init.
716 2270 817 2335 [attigi-

273 2353 332 2388 mua
345 2339 539 2403 Spartanorum
555 2339 688 2401 studium,
710 2354 762 2404 quo
774 2345 817 2403 ty·

273 2407 366 2456 reunia
386 2408 502 2458 maxime
520 2407 622 2456 infensi
638 2409 814 2475 tyrannidem

273 2478 345 2527 omni
358 2477 437 2527 modo
449 2492 481 2526 ac
491 2477 588 2554 quovia
601 2447 661 2527 Ιοάο
676 2478 813 2528 tollerent

307 2544 360 2596 τοῦ
378 2540 443 2597 οὔτε
461 2538 636 2608 άδικάτερον
655 2540 740 2596 οὐδέν
756 2537 814 2597 ἐστι

272 2631 325 2665 κατ
328 2606 550 2681 ’δνθροόπους]
578 2616 645 2667 Cum
660 2616 702 2667 hia
720 2618 813 2668 conle-

271 2690 367 2737 rentur
376 2702 467 2752 ,quae
479 2687 538 2749 111,
555 2685 589 2737 80
602 2686 635 2737 de
649 2688 781 2752 tyranni
772 2703 814 2737 rn-

272 2755 334 2806 dole
352 2724 383 2807 et,
396 2761 496 2808 natura
517 2762 697 2823 exponuntur.
727 2758 813 2821 Equi-

272 2824 332 2875 dem
345 2826 374 2875 iu
390 2825 489 2877 talibus
504 2827 647 2877 advertere
661 2827 726 2876 mihi
737 2827 814 2877 vide·

272 2910 302 2945 or
319 2896 461 2961 scriptoria
482 2897 600 2946 animum
621 2895 748 2962 populari
764 2896 813 2946 im-

271 2966 346 3048 perio
364 2966 479 3017 maxime
501 2966 620 3018 deditum
646 2973 674 3016 et
692 2966 812 3017 omnium

270 3035 386 3087 maxime
400 3035 481 3086 noina
500 3035 713 3086 dominationem
732 3052 811 3086 aver-

271 3109 385 3155 centem.
414 3105 457 3154 De
468 3105 593 3167 quodum
605 3106 692 3169 adV
707 3106 749 3156 78
764 3104 808 3157 66.

270 3174 349 3222 -In
364 3188 439 3238 aeqq
455 3172 490 3221 ad
505 3188 559 3222 νυν
574 3165 606 3220 δε
622 3175 694 3224 conl.
708 3175 762 3235 111,
776 3176 810 3224 25

271 3242 338 3307 ibiq.
351 3241 437 3291 allata
449 3247 477 3291 et
491 3242 554 3291 add.
566 3241 662 3306 Apitn:
680 3211 809 3295 Advehaa.

269 3309 445 3376 adSophocl.
462 3310 592 3362 Trachin.
591 3324 668 3390 pag.
684 3311 727 3362 95

304 3376 492 3442 παραχρᾶσθε
510 3371 538 3435 ἐς
549 3372 617 3434 τούς
632 3371 809 3444 συμμάχους]

268 3445 714 3511 Βαοοοδδ.ωε1επαραχρησθε.
744 3449 809 3501 Vid.

268 3515 385 3569 Bredov.
401 3531 464 3581 pag.
480 3516 592 3567 380-
557 3517 788 3583 —Schwcigh
780 3535 810 3568 rn

268 3585 362 3637 Lexic.
375 3585 506 3636 Herodot.
522 3584 571 3651 (11.
588 3602 650 3651 pag.
666 3587 725 3653 183)
741 3586 809 3638 haec

268 3655 352 3704 verba
364 3654 405 3704 ita
423 3655 559 3706 reddenda
577 3663 686 3706 cenaet:
704 3665 808 3707 contem·

265 3720 325 3786 plin
334 3725 463 3790 modique
472 3740 524 3775 oron
532 3728 607 3776 aociia
615 3729 698 3790 apilio,
710 3726 752 3777 vel
762 3742 809 3790 po·

268 3795 322 3843 tina
343 3794 377 3845 ob
400 3811 447 3854 aa,
466 3810 535 3861 quae
558 3797 680 3860 proxime
696 3801 807 3847 antece·

267 3861 349 3913 dunt:
364 3880 414 3929 per
426 3871 586 3928 contemptam
597 3870 701 3929 insuper
710 3866 808 3917 hodene

266 3940 292 3982 et
306 3949 358 3983 rem
375 3937 451 3984 lenem
464 3951 496 3985 ac
513 3938 605 3985 nullior
624 3937 736 3986 momenti
751 3952 808 3986 crac

266 4004 373 4066 ducitis,
392 4006 416 4054 ιι·
432 4006 460 4055 id
473 4007 522 4069 fiat
535 4007 658 4056 αιίοενεαε
669 4008 752 4057 rocioa
765 4022 807 4055 oe-

264 4081 333 4125 etroa
335 4089 455 4139 „nempe
468 4091 490 4125 ιι
486 4075 571 4137 opud
580 4078 636 4127 illos
646 4077 808 4125 ἐντάττουσιν

158 4155 163 4162 ’
264 4148 374 4225 tyranni.
390 4144 730 4210 Mibipriuailludplecet3
743 4161 805 4195 nam

266 4205 450 4278 ο1’συμμαχοι
462 4214 488 4265 h
498 4212 516 4266 l.
528 4213 734 4265 auntOorinthii
745 4215 806 4264 alii-

266 4297 318 4346 que
335 4284 423 4333 Doroa
441 4283 520 4335 liberi
538 4283 734 4347 Spartanorum
751 4285 805 4334 ioe-

266 4352 324 4402 deri
335 4351 486 4417 adscripti,
505 4353 667 4417 quibuacum
684 4359 805 4405 contem-

264 4420 332 4487 ptim
342 4436 422 4486 agere
429 4422 580 4486 Spartanoa
588 4423 706 4475 Sosicles
718 4440 804 4475 enun-

264 4490 319 4543 tiat
334 4507 375 4556 eo,
389 4492 461 4558 qnod
472 4508 564 4544 corum
577 4493 708 4545 auxilium
726 4493 803 4545 inro-

869 1720 934 1767 cant
949 1712 983 1764 ad
996 1729 1052 1764 rem
1070 1711 1205 1763 nefariam
1223 1714 1251 1760 et
1266 1710 1303 1762 ad
1317 1714 1412 1775 tyran·

867 1787 958 1836 uidem
974 1783 1035 1832 aliia
1047 1781 1159 1833 Graecia
1177 1781 1410 1844 constituendam,

868 1869 950 1920 qnam
962 1869 979 1903 a
995 1868 1024 1903 aa
1037 1851 1106 1918 ipris
1116 1852 1239 1901 Lacones
1252 1851 1410 1902 enixiaaime

867 1929 1001 1975 remotam
1023 1938 1083 1972 ease
1102 1920 1254 1971 voluerant.
1287 1921 1332 1970 De
1347 1922 1409 1986 ipao

866 1995 949 2045 verbo
965 1986 1169 2055 παραχρᾶσθαι
1185 1990 1357 2041 Herodoteoa
1371 1991 1410 2041 lo·

867 2078 914 2114 coa
932 2060 1012 2113 attuli
1032 2060 1124 2124 adIl,
1145 2059 1201 2109 141.
1234 2060 1268 2109 In
1285 2061 1409 2124 proxime

867 2146 941 2199 aeqq.
959 2131 994 2182 ed
1008 2130 1122 2180 formam
1135 2122 1197 2178 ἔατε
1212 2130 1283 2179 coni.
1296 2130 1345 2191 lv,
1359 2130 1408 2180 llll

866 2202 958 2267 ibique
977 2205 1046 2250 nott.
1086 2200 1140 2250 Pro
1158 2196 1231 2262 vulg.
1256 2167 1408 2263 συμβάλλε-

867 2270 938 2320 σθαι
957 2274 1145 2322 cumrecentt.
1163 2266 1225 2317 edd.
1243 2267 1408 2318 eFlorenti-

865 2357 901 2391 no
911 2337 1097 2424 alioquolibro
1106 2333 1406 2403 τεοομίσυμβαλὲσθαι,

867 2411 938 2475 quod
969 2413 1023 2460 iam
1046 2406 1302 2471 Sohrveigbeenaero
1333 2408 1407 2457 haud

865 2481 1051 2559 displicuerat.
1063 2476 1146 2528 Valet
1154 2481 1246 2527 autem
1256 2468 1406 2543 συμβάλλε-

865 2548 936 2599 σθαι
953 2543 1068 2614 ηνάμας
1088 2549 1214 2613 ruffi-opio
1229 2547 1348 2609 conferre
1362 2545 1408 2598 rel

863 2622 985 2686 proprie:
1009 2621 1115 2670 oliorum
1133 2618 1264 2683 anffrupr'r'a
1280 2632 1327 2668 auu
1340 2619 1407 2668 odii·

863 2705 931 2752 cere,
943 2705 1013 2740 suom
1021 2691 1168 2738 sententium
1180 2688 1273 2737 dicere.
1290 2688 1334 2736 Tu
1347 2686 1405 2737 vid.

863 2759 949 2821 VIII,
968 2760 1001 2810 61
1024 2755 1085 2807 coll.
1101 2756 1174 2806 Plat.
1190 2756 1313 2809 Amator.
1333 2754 1359 2818 5.
1377 2758 1404 2806 4.

863 2844 928 2894 pag.
945 2828 1035 2881 1351).

1096 2998 1121 3061 ἐ.
1139 3000 1165 3050 2.

896 3099 1080 3180 Κορινθίοισι
1093 3093 1145 3165 γάρ
1159 3088 1196 3164 ἦν
1208 3096 1308 3157 πόλιος
1318 3091 1403 3150 κατά-

861 3183 958 3227 στασις
974 3164 1081 3236 τοιήδε]
1108 3171 1213 3233 Quae
1204 3185 1259 3219 ram
1276 3172 1403 3236 acquitur

860 3242 997 3301 narratio,
1016 3256 1076 3291 eam
1096 3257 1131 3292 ex
1146 3240 1244 3289 intimo
1257 3241 1403 3305 acriptoria

860 3311 950 3360 animo
973 3278 1113 3376 odioque
1105 3326 1134 3360 ru
1151 3314 1284 3373 tyrannos
1304 3311 1401 3360 innato

860 3380 991 3445 simulque
1015 3382 1098 3430 etiem
1122 3379 1247 3430 antudio
1266 3377 1400 3443 Corinthi,

860 3449 935 3499 urbia
949 3449 1151 3511 celeberrimae,
1165 3448 1403 3500 concelebrandae

859 3518 971 3568 fluxisae
986 3520 1103 3570 credam.
1129 3518 1171 3568 Gi.
1188 3524 1257 3571 nott.
1274 3519 1352 3581 adl,
1367 3518 1401 3570 23

860 3591 888 3637 et
913 3587 946 3637 de
966 3589 1072 3651 Opprelo
1091 3587 1263 3639 Bacchiadae
1282 3589 1402 3653 pellente

858 3656 972 3707 Aristot.
989 3657 1070 3707 Polit.
1088 3659 1127 3719 V,
1143 3657 1168 3707 9.
1185 3660 1209 3719 §-
1224 3659 1258 3707 22
1277 3663 1305 3707 et
1318 3660 1401 3709 Nico·

858 3725 896 3775 lai
911 3728 1075 3777 Damasceni
1093 3727 1189 3792 fragm.
1210 3727 1298 3781 ecod.
1314 3729 1400 3778 Ecco-

836 3795 969 3848 .rialena.
987 3812 1050 3862 pag.
1071 3795 1120 3848 391
1143 3811 1200 3860 aeq.
1220 3796 1262 3849 ed.
1276 3796 1399 3848 Mueller.

858 3864 995 3930 (Fraggm.
1008 3866 1157 3915 Historicc.
1168 3865 1229 3915 Vol.
1245 3865 1312 3931 ΙΙΙ.)
1333 3882 1398 3932 pag.

858 3934 891 3985 97
911 3950 968 3999 aeq.
983 3934 1032 4001 (22
1046 3933 1122 3999 aeq.)
1142 3934 1184 3988 ed.
1197 3935 1296 3986 Foder.
1336 3935 1399 3987 Alia

858 4006 1014 4055 excitantur
1025 4020 1042 4054 a
1054 4003 1084 4057 C.
1092 4005 1123 4054 F.
1134 4005 1306 4055 Hermanno:
1320 4004 1399 4057 Gric-

858 4073 967 4124 chiache
977 4073 1182 4127 Staataalterth.
1199 4077 1224 4136 §-
1238 4074 1281 4126 65.
1297 4079 1355 4124 not.
1371 4078 1398 4126 2.

858 4143 926 4194 Add.
947 4144 1092 4195 Duncheri
1116 4142 1214 4194 Geach.
1233 4143 1259 4193 d.
1278 4143 1395 4196 Alterth.

856 4215 904 4263 IV.
917 4229 978 4279 pag.
988 4214 1078 4280 Baeq„
1086 4213 1179 4264 Plana:
1193 4214 1245 4264 Die
1256 4213 1395 4278 Tyrannio

855 4282 878 4333 1.
891 4298 954 4349 pag.
970 4283 1020 4335 150
1034 4300 1125 4350 aeqq.,
1138 4284 1265 4333 Kortiim:
1284 4282 1393 4334 Grieoh.

855 4351 1018 4408 Geachichte
1036 4356 1059 4404 Ι.
1080 4369 1141 4418 pag.
1163 4354 1215 4404 215
1234 4369 1309 4418 aeqq.
1341 4352 1395 4415 Qui

855 4422 989 4488 Cypaelna
1020 4439 1072 4487 qno
1097 4424 1177 4474 modo
1206 4437 1320 4489 regnum
1342 4421 1395 4473 aibi

854 4493 1062 4558 comparaverit,
1076 4507 1094 4541 a
1105 4492 1267 4558 quibusnam
1283 4492 1395 4545 adiutua
