3100 5175
449 406 724 468 POLYMNIA.
747 403 819 465 911.
842 413 901 468 181.
925 413 984 467 183.
1237 399 1298 459 727

159 592 229 653 θον
242 609 277 652 τε
292 582 348 651 καὶ
363 587 580 671 Μαγνησίης,
602 580 808 669 καλεόμενον
826 582 861 651 δὲ
880 581 1063 670 Μύρμηκα.
1101 585 1252 653 ένθαῦτα
1267 589 1302 654 oi

104 700 158 752 591
166 686 351 775 βάρβαροι,
381 686 496 775 ἐπειδὴ
516 686 641 775 στήλην
662 695 764 755 λίθου
779 689 951 774 ἐπέθηκαν
972 693 1168 773 κομίσαντες
1189 690 1243 758 ἐπὶ
1262 686 1300 758 τὸ

160 794 264 879 ἕρμα,
282 788 488 879 ὁρμηθέντες
502 788 596 860 αὐτοὶ
611 796 648 860 ἐκ
664 793 811 879 Θέρμης,
827 786 871 870 ὥς
885 812 946 878 σφι
961 787 998 859 τό
1013 790 1169 877 ἐμποδῶν
1184 792 1296 880 ἐγεγό-

159 923 216 965 νεε
237 893 407 982 καθαρὸν,
439 899 602 965 ἐπέπλεον
630 894 754 983 πάσῃσι
784 899 858 981 τῇσι
880 896 997 983 νηυσί,
1027 897 1147 965 ἕνδεκα
1173 892 1297 984 ἡμέρας

158 1003 320 1087 παρέντες
341 996 424 1087 μετὰ
443 998 505 1087 τὴν
522 1002 676 1086 βασιλέος
698 1001 847 1081 ἐξέλασιν
867 1002 904 1068 ἐκ
925 1001 1066 1087 Θέρμης.
1102 998 1138 1070 τὸ
1160 1000 1196 1069 δὲ
1212 1004 1296 1089 ἕρμα

158 1126 220 1191 σφι
249 1103 471 1192 κατηγήσατο,
501 1101 556 1172 έὸν
583 1106 621 1172 έν
648 1101 740 1194 πόρῳ
766 1103 927 1189 μάλιστα,
958 1102 1111 1190 Πάμμων
1136 1104 1295 1191 Σκύριος.

158 1206 354 1297 πανημερὸν
370 1207 407 1276 δὲ
423 1205 590 1286 κλάοντες
609 1211 642 1275 οί
653 1208 817 1294 βάρβαροι
833 1207 1008 1289 ἐξανύουσι
1024 1211 1081 1294 της
1098 1216 1296 1296 Μαγνησίης

158 1407 220 1460 coll
233 1408 333 1471 Bergk.
350 1407 385 1458 ad
398 1409 577 1459 Anacreontis
594 1407 699 1473 Reliqq.
751 1408 1017 1475 proponitNaberin
1028 1408 1198 1474 Mnemosyn.
1208 1410 1259 1460 lll.
1268 1426 1294 1474 p.

158 1495 185 1544 p
197 1480 255 1532 145
271 1478 389 1529 Schoell.
402 1477 647 1541 redditSandbanlr,
661 1495 702 1529 re·
751 1478 813 1530 483
838 1478 878 1528 De
895 1479 977 1528 verbo
989 1468 1138 1537 έξανοειν
1132 1496 1159 1529 rn
1169 1495 1245 1545 seqq
1256 1481 1293 1529 cf

158 1550 482 1614 ctiusopinorLangius:
497 1548 599 1612 Klippe.
619 1549 700 1614 Apud
751 1554 822 1600 nott.
837 1550 933 1607 adil,
952 1548 1009 1601 139.

157 1620 307 1670 Homerum
322 1620 422 1669 dicitur
434 1620 543 1680 fulcrum
557 1621 628 1669 nanis
644 1619 701 1669 sud·
787 1610 921 1683 Σκύριος]
934 1619 1067 1683 Scyrius,
1060 1636 1077 1671 1.
1086 1636 1110 1670 e.
1120 1620 1293 1684 Scyroorian-

158 1691 263 1748 ductae,
288 1696 318 1738 nt
338 1687 497 1746 111.Ι,489.
515 1690 557 1749 11,
578 1688 642 1751 154,
666 1705 699 1740 ne
749 1692 813 1745 dna·
834 1704 903 1753 quae
921 1688 1010 1739 insula
1029 1705 1128 1740 saxosa
1148 1698 1175 1739 et
1194 1704 1293 1755 aspera

158 1759 246 1824 plura.
280 1758 360 1808 (loni.
382 1760 464 1809 etiam
481 1727 607 1823 Δοεο1τγ1.
628 1762 700 1823 Aga·
751 1760 868 1824 indeque
879 1760 960 1808 etiam
975 1759 1077 1810 sterilia
1089 1775 1103 1809 e
1117 1761 1229 1824 regione
1241 1760 1294 1810 init

159 1845 256 1880 ruemn.
266 1830 316 1882 977
326 1830 419 1894 ibique
431 1828 578 1879 Blomfreld.
586 1831 614 1879 iu
625 1829 701 1880 Glos·
751 1829 920 1891 Magnesiae,
933 1845 980 1893 per
990 1834 1141 1894 temporum
1151 1830 1293 1880 decursum

158 1915 213 1953 sar.
752 1900 904 1964 Dolopum.
925 1899 1114 1964 Pelasgorum,
1132 1898 1293 1949 Chalciden-

202 1959 384 2018 ἐνθαῦτα
355 1984 383 2016 οι
408 1960 546 2034 βάρβαροι
570 1980 595 2015 κ.
617 1981 641 2019 τ
662 1964 697 2011 λ
679 1980 698 2029 j

86 2039 94 2053 '
157 2041 227 2092 Loci
241 2054 349 2089 sensnm
363 2038 433 2088 hunc
451 2052 511 2087 esse
526 2041 606 2100 puto:
626 2040 702 2099 post·

158 2126 240 2176 quam
252 2109 363 2159 barbari
383 2109 411 2171 (i.
426 2123 449 2158 e.
464 2106 575 2169 Persae)
590 2090 700 2155 aavmm

156 2179 267 2230 illarum
288 2181 368 2229 trium
392 2177 544 2228 columnam
563 2175 700 2240 lapideam

155 2248 271 2314 scopulo
296 2248 439 2299 advectam
462 2247 631 2296 collocarunt
661 2245 700 2309 (in

155 2316 700 2466 1311191ἰ131119111ἒ911’.19λ

155 2460 292 2527 proiecti,
317 2475 377 2508 curn
396 2457 462 2507 nihil
479 2456 615 2521 amplius
609 2472 637 2504 in
653 2456 699 2507 via

156 2528 345 2596 impedimenti
359 2529 481 2578 obstaret
496 2526 700 2592 navigantibus,

157 2601 278 2652 insecuti
295 2609 359 2650 sunt
378 2590 541 2663 (έπέπλεον
563 2601 601 2648 sia
615 2597 700 2661 schiff-

154 2683 197 2723 ιτα
209 2669 299 2735 κοιλ),
314 2670 438 2720 undecim
452 2670 547 2718 diebus
560 2672 623 2732 post
635 2667 700 2716 Xer

156 2745 200 2792 xis
213 2741 365 2790 discessum
384 2756 400 2789 a
413 2738 532 2789 Therma
550 2736 699 2802 praeterla-

156 2812 224 2877 psis.
253 2805 388 2872 παρέντες
406 2808 436 2872 (i.
453 2826 476 2859 e.
490 2809 602 2858 arideum
613 2806 700 2856 dream

154 2880 354 2966 prr-aetermam)
373 2880 467 2930 eodem
487 2878 565 2928 modo
580 2877 698 2952 positum

155 2950 407 3004 invenimuaVIll,
423 2950 449 2998 9
481 2947 571 2998 Verba
589 2961 627 3000 ως
648 2959 698 3007 σφι

155 3017 189 3071 td
207 3012 342 3085 ἐμποδών
363 2985 488 3082 έηέγόνεε
507 3007 641 3076 καθαρὸν
666 3031 698 3064 eo

156 3097 298 3157 spectant,
327 3088 398 3155 quod
419 3105 478 3138 cum
502 3092 585 3138 antea
604 3101 699 3136 saxum

154 3162 223 3213 illud
250 3163 296 3211 vix
320 3165 370 3210 aut
397 3159 464 3208 nihil
484 3172 596 3224 prorsus
618 3170 699 3220 snper

154 3248 257 3298 aquam
271 3232 392 3281 eminens
406 3227 599 3294 navigantibus
613 3227 699 3290 iisque

156 3303 253 3353 insciis
270 3300 389 3363 pericula
404 3300 564 3364 praeberet.
586 3298 640 3345 iam
654 3311 699 3345 co-

155 3373 249 3423 lumna
270 3370 332 3434 itta,
359 3385 430 3434 quse
454 3371 525 3435 signi
545 3369 634 3418 instar
659 3382 700 3416 es·

155 3448 208 3502 set,
223 3442 315 3492 erecta
327 3441 452 3505 omnique
464 3438 572 3490 sublato
587 3435 699 3501 impedi·

156 3517 248 3563 mento
260 3511 400 3574 navigatio
412 3510 489 3560 facta
498 3516 560 3560 erat
571 3505 698 3572 expedita

154 3585 254 3647 viaque
267 3582 336 3630 hene
348 3583 462 3631 munita.
490 3579 532 3630 ad
544 3594 637 3629 vocem
651 3591 702 3624 κα

155 3646 301 3712 duodeci.
317 3651 330 3700 I
356 3654 407 3702 ⁶20·t
421 3649 554 3701 collant.
570 3648 621 3706 IV,
640 3645 696 3697 135

191 3716 408 3787 κατηγησατο]“
402 3739 419 3770 ι.
434 3737 458 3771 e.
478 3721 608 3778 iudicavit,
632 3733 697 3766 νιοπ-

153 3796 262 3855 aaronis,
284 3796 315 3841 ul
334 3792 376 3853 ll,
390 3791 433 3841 49.
453 3791 496 3841 59
515 3790 569 3851 91,
589 3787 697 3838 135110-

153 3861 404 3922 tauteWesseling.
415 3862 506 3911 Verba
517 3826 569 3908 ldv
575 3847 605 3905 έν
617 3850 697 3918 πόρῳ

153 3927 273 3996 μάλιστα
285 3931 416 3983 reddunt:
436 3927 622 3995 (scopulum)
612 3945 636 3976 αι
649 3942 698 3975 οια-

751 1971 831 2031 sium,
843 1970 1048 2019 Atheniensium
1060 1969 1160 2019 ditioni
1171 1969 1291 2022 addicta.

750 2042 831 2091 Nunc
854 2040 947 2089 vocari
971 2045 1085 2088 narrant
1108 2038 1192 2090 Scire.
1231 2040 1291 2092 vid.

752 2109 907 2160 Ἰτιοίιιιο1.
924 2109 958 2158 ad
976 2109 1039 2160 Mel.
1052 2110 1094 2171 ll,
1110 2112 1135 2159 ⁶2.
1150 2112 1174 2170 5.
1189 2110 1205 2157 9
1220 2116 1290 2163 nott.

750 2196 845 2244 exegg.
870 2194 931 2244 pag.
954 2179 1002 2230 671
1026 2194 1119 2244 seqq,
1145 2178 1292 2244 Forbiger:

749 2250 858 2299 Handb.
879 2248 905 2301 d.
926 2248 974 2299 alt.
989 2250 1143 2314 Geograph.
1160 2249 1212 2298 111.
1227 2265 1292 2313 pag.

752 2320 827 2370 1138.
857 2318 933 2368 lutra
952 2320 1066 2382 Scyrum
1084 2334 1117 2368 ac
1133 2320 1292 2383 Magnesiae

749 2395 849 2439 terram
860 2390 1044 2439 continentem
1055 2389 1194 2474 scopulum
1206 2387 1291 2451 illum,

749 2461 795 2510 cni
809 2460 972 2511 λὀιπιίεοαε
985 2460 1023 2507 11
1014 2475 1121 2523 parueris
1133 2474 1238 2520 nomen,
1248 2458 1291 2508 iu·

748 2530 803 2581 isse
814 2529 960 2610 probabile
978 2535 1028 2579 est

790 2616 840 2677 της
857 2599 1029 2665 Μαγνησίης
1052 2588 1146 2664 χώρης
1169 2585 1214 2645 iul
1236 2595 1292 2660 Ση-

749 2663 873 2722 arados
882 2687 904 2719 τ.
911 2669 948 2735 1.]
963 2671 1119 2720 Gevitivum
1132 2683 1182 2731 της
1194 2666 1289 2730 Μαγν,

749 2737 843 2804 χοίρης
863 2741 933 2788 refer
950 2741 983 2789 ad
1000 2732 1149 2803 Σηπιάδα,
1171 2752 1240 2801 quae
1257 2738 1291 2786 ad

748 2812 916 2874 Magnesiam
939 2811 1075 2870 regionem
1096 2808 1141 2872 (de
1163 2822 1217 2872 qua
1233 2806 1291 2859 vid.

749 2881 819 2935 v11.
840 2879 900 2943 132)
922 2881 1061 2944 pertinuit.
1099 2878 1191 2939 Sepias
1207 2877 1292 2926 aMo-

750 2950 776 2998 la
796 2948 911 3014 aliisque
931 2955 1045 2999 vocatur
1067 2948 1291 3014 promontorium,

751 3018 823 3085 quod
835 3019 920 3084 Scyro
939 3017 1045 3069 insulae
1059 3035 1073 3069 e
1085 3019 1195 3081 regione
1209 3018 1291 3065 situm

750 3105 822 3139 nunc
835 3089 888 3138 dici
907 3088 965 3154 Cap
982 3091 1022 3140 St.
1037 3091 1140 3152 Giorpio
1154 3088 1290 3137 Mannert.

750 3159 836 3208 tradit
849 3158 911 3208 Vll.
931 3175 957 3223 p.
976 3159 1027 3210 599
1044 3166 1072 3209 et
1087 3158 1219 3220 Forbigcr
1236 3156 1254 3208 l.
1272 3156 1289 3207 l.
1340 3203 1345 3212 ,

752 3245 815 3294 pag.
840 3229 906 3291 899;
933 3231 1052 3293 itemque
1079 3226 1291 3278 Kretschmann:

750 3301 827 3350 Rerr.
840 3300 963 3364 Magnes.
973 3300 1089 3363 Specim.
1099 3297 1202 3358 (Berol.
1213 3295 1289 3358 1847)

749 3386 812 3435 pag.
831 3370 862 3420 18
877 3386 933 3434 seq.
957 3371 1032 3433 Capo
1055 3368 1168 3421 Ver-ticli
1182 3383 1206 3418 s.
1221 3367 1289 3431 Cap.

749 3442 780 3491 de
791 3439 927 3490 Menanter
939 3440 992 3489 dici
1003 3439 1153 3490 Tzseuucu
1170 3443 1247 3489 notat
1256 3438 1291 3487 ad
1396 3493 1398 3498 ‚

749 3509 813 3562 Mel,
828 3510 865 3568 Il,
881 3510 905 3559 3.
921 3514 946 3572 ξ.
966 3511 985 3560 l.
1002 3527 1063 3575 pag.
1080 3509 1128 3560 198
1143 3525 1219 3573 seq,
1243 3507 1291 3557 ubi

748 3582 782 3631 de
794 3580 845 3630 hoc
860 3580 885 3628 lo
870 3597 919 3628 oco
933 3583 1074 3630 Persarum
1088 3579 1166 3630 clade
1180 3578 1225 3642 (de
1236 3593 1292 3643 qua

748 3650 817 3711 Vll,
840 3650 923 3713 tm·
917 3652 1017 3710 insigni
1039 3649 1144 3714 reliqua
1168 3655 1290 3698 veterum

748 3721 899 3770 afferuntur
911 3722 1078 3770 testimonia
1105 3722 1190 3783 Quem
1201 3718 1290 3768 locum

748 3781 822 3840 vel
805 3805 897 3850 ακραν
914 3785 983 3840 vel
968 3805 1059 3852 ακτην
1078 3789 1120 3854 (ut
1133 3788 1292 3854 paulopost

748 3861 822 3925 apud
831 3860 1011 3922 Herodotum)
1023 3859 1078 3910 dici
1088 3859 1220 3916 videmus,
1231 3873 1291 3922 pro-

748 3932 789 3981 uti
799 3930 842 3980 vel
855 3930 942 3982 solum
953 3931 1175 3995 promontorium,
1188 3928 1231 3976 vel
1243 3943 1291 3976 ora

153 4006 196 4054 clio
207 4005 267 4065 sere
281 4003 351 4066 freto
364 4003 451 4062 sitnm,
468 4000 538 4049 lraud
556 3996 698 4048 attendeu-
750 4002 837 4050 omnis
852 4001 981 4050 adiacens
1001 4017 1033 4050 ac
1050 4001 1141 4051 vicina
1160 3997 1291 4062 intelligi-

154 4081 197 4124 tes
209 4088 305 4138 opinor
316 4062 613 4131 advrmvocraaopoc
628 4082 698 4132 quae
750 4076 811 4119 tur.
835 4061 1065 4135 siquidema’nrq
1083 4067 1291 4120 delitoredici·

155 4144 182 4194 h.
196 4142 237 4193 l.
229 4158 317 4207 ipsum
330 4158 456 4202 cursum
470 4155 548 4205 quem
559 4153 643 4188 naves
659 4141 699 4185 te·
750 4147 793 4190 tur
806 4157 833 4189 ru
847 4157 921 4191 mare
936 4145 1126 4206 procurrente
1142 4143 1173 4189 ul
1187 4153 1291 4188 monui

155 4212 371 4265 nerssoleutin
390 4212 474 4271 mari,
491 4209 611 4266 indicat,
632 4222 696 4257 uos:
750 4211 856 4261 musad
870 4210 991 4272 91139
1022 4211 1094 4259 Hinc
1108 4224 1158 4272 της
1173 4207 1291 4271 Μαγνη

155 4282 450 4346 „“3dasFahrwaaser
469 4280 580 4330 nndsA.
591 4274 698 4329 Schoell
750 4277 813 4336 σιας
825 4295 999 4340 προςακραν
1011 4295 1064 4343 την
1078 4273 1292 4341 ονοααζομενην

154 4354 288 4404 reddidit
307 4351 498 4404 dissonabant
509 4349 588 4407 aber
604 4347 699 4411 diepa·
751 4344 886 4412 Σηπιάδα
906 4350 974 4400 droit
989 4351 1101 4402 Diodor
1115 4350 1164 4412 xl,
1180 4349 1225 4410 12,
1244 4349 1291 4399 ubi

154 4424 485 4488 radeiudeanrtlrliept.
514 4415 697 4501 Itaquehaud
749 4420 822 4472 coni.
836 4420 1000 4486 Wesssling.
1039 4422 1076 4471 Et
1094 4420 1156 4472 vide
1168 4419 1292 4471 Herode

155 4509 225 4560 opas
246 4486 413 4545 scribereiv
432 4486 524 4560 μέσην
550 4484 645 4556 πόρῳ,
667 4490 699 4536 ul
750 4493 911 4557 tumipsum
928 4492 996 4555 Vll,
1011 4491 1074 4555 191,
1095 4489 1225 4542 abihaec
1245 4489 1291 4538 ud
