3100 5175
511 968 839 1087 sxounsus
881 972 899 1044 ι

408 1076 477 1203 Al)
511 1139 849 1204 HERODOTUM
880 1139 923 1222 V,
955 1144 1006 1202 96.

189 1458 276 1524 Μετὰ
295 1463 325 1526 δὲ
342 1461 541 1546 τετραφύλους
558 1461 656 1539 ἐόντας
672 1460 848 1544 Αθηναίους
864 1458 1049 1540 δεκαφύλους
1064 1461 1191 1541 ἐποίησε,
1211 1467 1271 1525 τῶν

263 1546 367 1623 Ἴωνος
388 1552 520 1653 παίδων,
544 1551 702 1623 Γελέοντος
720 1551 771 1611 καὶ
792 1546 968 1631 Αἰγικόρεος
988 1549 1038 1610 καλ
1057 1542 1206 1629 Ἀργοῖδεω
1221 1550 1271 1611 καλ

260 1629 407 1714 Ὀτιλητος
420 1629 638 1712 ἀπαλλάξας
606 1661 657 1709 τας
671 1635 848 1716 ἐπωνυμίαις
1294 1635 1297 1641 ’

227 1809 316 1878 Vulgo
329 1818 456 1877 trorrant,
471 1811 573 1879 Ionem,
589 1811 673 1864 Xuthi
685 1813 745 1881 (qui
756 1809 903 1863 Erechthei
915 1818 1033 1879 ternpore
1045 1810 1073 1860 in
1086 1809 1176 1861 Attica
1188 1818 1271 1864 tetro·

137 1895 198 1965 poli
213 1896 374 1948 consedisse
390 1896 493 1963 fertur)
505 1894 548 1949 vel
564 1898 656 1967 potins
669 1896 803 1965 Apollinis
819 1904 847 1947 et
862 1896 985 1947 Creusae
998 1893 1089 1962 lilium,
1107 1894 1210 1947 incolas
1222 1913 1272 1965 pro

138 1981 217 2033 vitae
229 1997 332 2049 genere
342 1988 425 2050 atque
436 1982 556 2049 negotiis
563 2000 613 2051 per
625 1988 755 2051 quattuor
765 1981 855 2032 tribus
867 1975 985 2051 (φυλὰς)
994 1979 1171 2031 distribuisse
1181 1981 1272 2050 iisque

138 2065 252 2117 nomina
271 2065 451 2135 imposuisse,
474 2083 545 2135 quae
568 2068 602 2118 ab
619 2066 694 2118 lonis
718 2066 782 2118 tiliis
799 2065 916 2135 repetita
936 2064 1059 2116 advitae
1080 2081 1169 2132 genus
1191 2073 1218 2117 et
1238 2066 1271 2116 ad

139 2150 338 2220 occupationes
359 2150 508 2204 incolarum
523 2151 723 2221 spectaverint:
745 2167 816 2221 quae
836 2151 897 2219 ipsa
917 2150 1026 2202 nomino
1043 2149 1163 2202 tribuum
1181 2149 1273 2220 qualia

91 2298 94 2305 .
139 2236 250 2287 fuerint
264 2235 365 2305 quidve
381 2236 572 2302 significarint,
588 2237 621 2288 de
638 2254 670 2288 eo
685 2243 781 2288 nostra
801 2243 890 2289 aetate
910 2235 1021 2286 multum
1037 2234 1189 2304 quaesitum
1210 2253 1273 2287 esse

139 2339 222 2373 neoto
236 2320 295 2372 fere
310 2321 429 2387 ignorat.
440 2318 469 2388 *)
500 2321 589 2392 Atque
604 2328 635 2373 ut
656 2322 690 2372 ab
710 2320 779 2390 ipsis
801 2320 930 2373 tribubus
951 2322 985 2371 ab
999 2319 1140 2370 Herodoto
1161 2337 1272 2372 comme-

139 2405 255 2458 moratis
274 2405 410 2471 exordiar,
432 2405 525 2474 plures
547 2407 643 2475 utique
662 2405 841 2475 reperiuntur
861 2404 1034 2476 antiquitatis
1055 2410 1157 2469 testes,
1181 2405 1273 2456 eadem

140 2492 202 2541 t'ere
218 2491 251 2542 de
267 2490 309 2541 bis
324 2490 464 2542 tradentes
481 2490 627 2561 eademqne
641 2491 760 2543 tribuunt
775 2491 884 2543 nomina
901 2492 1089 2559 proferentes:
1108 2489 1137 2540 in
1160 2491 1272 2560 quibus,

140 2584 174 2628 ut
193 2574 389 2645 inscriptiones
405 2581 508 2630 taceam
529 2595 588 2630 nrox
611 2576 782 2644 offerendas,
804 2576 918 2647 primum
939 2575 998 2628 lere
1013 2573 1099 2626 locum
1119 2580 1196 2627 tenet
1212 2573 1273 2627 l'ol-

139 2661 190 2713 lux
207 2661 283 2724 Vlll,
301 2663 360 2728 199,
379 2661 451 2731 opud
467 2678 546 2731 quero
566 2679 653 2731 aeque
668 2667 751 2732 utque
770 2662 844 2730 opud
857 2661 1026 2713 Herodotum
1048 2660 1112 2712 haec
1126 2658 1272 2728 leguntur:

138 2740 200 2799 ἀπὸ
206 2747 262 2798 τῶν
271 2739 365 2806 Ἴωνος
372 2747 481 2799 παίδων
492 2740 537 2799 tot
547 2740 697 2814 Ἐρεχθέως
704 2744 856 2814 Γελέοντες,
864 2738 1008 2814 Ὅπλητες,
1014 2741 1176 2812 Αἰγικορεῖς,
1181 2738 1274 2813 Ἀργά-

139 2833 216 2896 δεις,
234 2848 323 2900 neque
335 2830 415 2882 aliter
426 2831 510 2883 tradit
525 2831 681 2899 Stephanos
694 2832 763 2899 Byr.
780 2849 802 2882 s.
819 2849 846 2883 v.
862 2824 1038 2899 Αίγιιιόρεως·
1051 2822 1102 2882 οὖν
1116 2826 1170 2882 ἔστι
1186 2831 1273 2898 δῆμος

138 2918 192 2985 τῆς
211 2909 346 2984 Ἀττικῆς,
368 2908 405 2976 οἷς
425 2934 506 2984 τινες,
518 2910 589 2969 attat
609 2911 683 2984 φυλὴ
701 2910 820 2982 παλαιὰ,
842 2918 892 2984 μία
909 2917 965 2968 τῶν
983 2907 1122 2982 τεσσάρων
1144 2915 1200 2966 τῶν
1216 2908 1271 2967 ἇπδ

132 2994 246 3062 Ἴωνος·
262 2997 386 3068 τέσσαρες
401 2995 425 3053 δ’
441 2994 468 3066 ἒξ
484 2994 570 3054 αὐτοῦ
585 2998 747 3070 Αἰγικορεῖς,
761 2994 909 3068 Ἑργαδεῑς,
932 2997 1084 3068 Γελέοντες,
1095 2993 1239 3069 Ὀιιλήται·
1254 2994 1272 3069 ἡ

140 3080 217 3155 φνλὴ
238 3088 333 3138 τοίνυν
354 3082 500 3155 Αίγικορίς.
538 3085 589 3138 His
605 3086 709 3138 accedit
724 3085 872 3154 Euripides
887 3086 913 3138 io
935 3086 1010 3137 lonis
1028 3084 1134 3150 fabulo,
1160 3086 1206 3136 ubi
1229 3103 1272 3139 vs.

143 3175 304 3240 lblltlseqq.
321 3170 363 3222 cd.
380 3172 529 3223 Hermann.
545 3174 629 3242 (1579
644 3171 742 3238 bino)
758 3171 822 3222 haec
839 3170 984 3239 leguntur:

310 3280 377 3333 Τελ
364 3299 418 3333 εων
435 3277 602 3368 [sellom]
620 3299 671 3347 μεν
685 3276 761 3334 ἔσται
776 3282 897 3366 πρῶτος,
909 3274 1113 3348 εἷταδειίιερον

304 3343 454 3436 Ὅπλητες,
465 3347 642 3419 Ἀρςαδῆςτζ
657 3344 789 3418 ἕμήςτΗ
772 3346 820 3403 ατί
833 3349 943 3418 αι’νίδος

305 3415 338 3472 ‘iv
349 3423 443 3486 φῦλον
455 3418 546 3486 εξοιισ·
558 3419 718 3488 Αἰγικορῆς.

141 3531 268 3593 Quartus
303 3529 384 3582 testis
421 3531 491 3583 haud
525 3531 614 3583 orions
651 3530 789 3601 locuples,
825 3529 988 3582 Plutarchus
1026 3531 1052 3582 in
1080 3532 1135 3582 Vit.
1164 3532 1274 3583 Solonis

142 3635 202 3684 cap
231 3617 280 3681 23,
309 3616 376 3667 boec
399 3616 508 3668 scribit:
539 3614 588 3668 καλ
621 3609 670 3677 τὰς
705 3608 795 3684 φυλὰς
826 3612 895 3668 είσλν
928 3612 957 3668 σί
983 3613 1105 3684 λέγοντες
1136 3635 1187 3670 ουκ
1218 3609 1274 3669 απὸ

140 3701 197 3754 τῶν
209 3693 304 3761 Ἴωνος
318 3697 395 3770 oioiv,
410 3693 466 3754 αλλ’
484 3694 540 3754 und
559 3702 614 3754 τῶν
633 3702 730 3771 γενῶν,
750 3699 789 3763 είς
805 3691 823 3754 ic
818 3693 1011 3772 διῃρέθησαν
1035 3695 1065 3752 οἷ
1084 3696 1181 3774 βίοιτδ
1201 3703 1271 3770 πρῶ

140 3804 204 3854 τον,
225 3743 405 3856 εδδομᾰσθαι,
420 3805 451 3839 το
443 3780 565 3854 μλν’
526 3805 647 3855 μαχιμον
657 3780 802 3856 Οιιλίτας,
817 3804 848 3839 το
839 3779 884 3838 δ
897 3779 1041 3854 ἐργατικὸν
1055 3779 1273 3856 Ἐργαδεις,***)

212 4022 239 4086 *)
258 4023 332 4072 Haec
348 4022 394 4087 qni
409 4035 573 4086 cognoscere
588 4022 692 4105 cupiat²
707 4021 789 4073 odeat
802 4021 1052 4072 Wachsmuthium:
1068 4023 1175 4074 Hellen.
1189 4023 1277 4074 Alter-

143 4090 265 4141 tlurmsk
279 4093 301 4144 1
317 4106 343 4156 p
358 4091 464 4145 abaco.
481 4091 538 4142 sed
556 4094 649 4142 varias
665 4107 785 4142 virorum
797 4092 937 4142 doctorum
951 4092 1151 4157 disputationes
1164 4094 1277 4144 efferen

143 4162 385 4226 tem,qulbusourn
401 4161 473 4213 conf.
487 4161 516 4212 C.
531 4163 577 4214 Fr
592 4163 742 4213 Hermann.
756 4161 862 4213 Grieeh.
872 4153 1082 4213 Stastsalterth
1097 4168 1121 4228 ς.
1135 4165 1178 4214 ot.

141 4229 810 4380 ...tiliutttltliinstruatu?
823 4231 883 4286 ⁰⁶³
898 4227 1017 4298 ml
1032 4235 1277 4299 ql⁰⁶¹¹¹⁰¹³¹¹¹¹³¹¹³

212 4369 272 4434 m)
287 4371 382 4422 Mslim
396 4370 521 4452 equidem
534 4373 653 4422 scribere
664 4360 808 4436 “Oniqcoc
821 4377 848 4422 et
858 4361 1018 4453 Ἐργαδειςς
1036 4365 1180 4437 Ἐργαδείς
1194 4373 1279 4423 scribi

143 4454 249 4505 quoqne
260 4439 321 4491 vult
330 4440 473 4492 Diodori
467 4456 494 4489 ιιι
505 4438 586 4492 Thes.
595 4441 626 4495 L
634 4440 680 4492 Gr.
695 4442 745 4492 llI.
756 4458 783 4507 p.
792 4443 866 4494 1968.
878 4434 1016 4507 Αργαδεις
1026 4441 1130 4508 placuit
1139 4441 1277 4494 Boeckhto

143 4511 171 4560 in
186 4511 334 4565 ttisoertat
346 4527 408 4561 mor
425 4510 443 4559 l.
459 4511 539 4560 initio
554 4515 637 4576 atque
652 4512 816 4564 Muellerol.
831 4512 924 4569 moxl
937 4528 1000 4578 pag.
1016 4514 1060 4566 83.
