3100 5175
461 415 831 477 TERPSIOHORE.
856 419 894 479 V.
921 428 959 480 12.
984 431 1025 482 13.
1267 422 1303 482 21

165 600 298 658 θουσαν
319 599 428 658 λίνον.
462 583 506 668 ὦς
528 589 564 658 δὲ
586 590 741 677 παρεξήιε
761 585 782 677 ἡ
800 588 903 679 γονὴ,
932 592 1081 681 ἐπιμελὲς
1103 598 1151 685 τῷ
1170 604 1305 687 Δαρείῳ

166 695 312 780 ἐγένετο·
343 690 423 761 οὕτε
446 690 509 779 γὰρ
529 690 680 780 Περσικὰ
702 684 761 781 ἦν,
788 691 866 763 οὕτε
881 692 990 764 Λύδια
1009 694 1049 764 τὰ
1069 696 1250 786 ποιεύμενα
1268 704 1305 769 ἐκ

166 801 219 884 τῆς
233 795 412 884 γυναικὸς,
430 793 508 864 οὔτε
527 794 609 882 πρὸς
623 800 692 864 τῶν
706 800 742 865 ἐκ
756 802 814 885 τῆς
833 794 939 886 Ἀσίης
952 796 1119 888 οὐδαμῶν.
1156 803 1306 890 ἐπιμελὲς

166 900 201 968 δὲ
216 898 259 979 ὥς
275 906 312 969 οί
331 902 483 988 ἐγένετο,
508 905 575 968 ταῖν
591 898 793 987 δορυφόρων
813 900 906 981 τινας
920 905 1057 990 πέμπει,
1079 902 1226 972 κελεύων
1239 933 1305 991 φυ-

164 1003 273 1088 tritor,
297 1001 317 1072 ὅ
339 1031 370 1072 τι
388 1002 544 1090 χρήσεται
565 1007 613 1093 τῷ
632 1008 725 1094 ἵππῳ
748 999 881 1091 ἡγννή.
922 1010 957 1073 οί
972 1006 1034 1094 μὲν
1055 1004 1096 1094 δι’]
1115 1004 1237 1076 ὄπισθε
1258 1014 1304 1077 εί-

163 1133 274 1175 ποντο.
319 1103 340 1194 ἡ
357 1107 393 1175 δὲ
409 1111 485 1175 ἐπεί
495 1134 529 1174 τε
543 1103 679 1175 ἀπίκετο
695 1109 749 1175 ἐπὶ
763 1105 823 1175 τὸν
836 1105 1002 1195 ποταμὸν,
1017 1101 1097 1197 ἦρσε
1111 1107 1171 1178 τὸν
1184 1118 1304 1181 ἵππον·

115 1225 163 1278 377
171 1208 300 1296 ἄρσασα
321 1210 357 1278 δὲ
377 1210 434 1278 καὶ
455 1207 492 1277 τὸ
511 1207 612 1296 ἄγγος
633 1207 835 1290 concideres
863 1214 1098 1301 ἐμπλησαμένη
1119 1212 1180 1302 τὴν
1198 1211 1304 1302 αὐτὴν

163 1309 243 1382 ὁδὸν
263 1312 439 1400 παρεξήιε,
468 1315 616 1401 φέρουσα
642 1312 678 1382 τὸ
697 1310 792 1399 ὕδωρ
813 1316 867 1382 ἐπὶ
887 1321 944 1401 τῆς
964 1321 1109 1404 κεφαλῆς
1130 1320 1187 1385 καί
1208 1320 1302 1387 ἐπέλ-

163 1436 267 1485 κουσα
296 1418 334 1484 ἐκ
360 1419 421 1485 τοῦ
438 1424 613 1504 βραχίονος
630 1414 690 1485 τὸν
708 1421 814 1485 ἰ’ππον
834 1420 889 1486 καὶ
908 1421 1097 1506 στρέφουσα
1114 1417 1174 1489 τὸν
1199 1417 1298 1508 ἄτρα-

164 1547 251 1589 κτον.
291 1518 484 1608 Θωνμοίζων
498 1520 534 1588 di
553 1515 572 1588 ὁ
585 1509 730 1607 Δαρεῖος
752 1519 793 1588 τοί
813 1548 847 1589 τε
868 1519 990 1610 ἤκουσε
1004 1526 1041 1591 ἐκ
1055 1519 1346 1593 tenuaverat-13

160 1684 451 1736 Blomfield.inGloss.
478 1687 537 1747 Quo
547 1686 641 1737 eodem
651 1701 707 1735 mo·
757 1680 1301 1751 rentinus,eliizoq'uorrro,minuerecte.

159 1760 240 1806 nente
256 1755 442 1807 Valckenario
465 1756 601 1819 pertinent
627 1745 705 1816 ἐρίου
757 1756 827 1806 Nam
841 1757 960 1807 futurum
976 1756 1120 1808 indicativi
1132 1758 1204 1810 houd
1220 1760 1302 1811 infre-

158 1819 322 1890 utor'opocror,
346 1839 417 1889 quire
437 1823 492 1874 levi
508 1825 607 1890 pollice
621 1824 705 1876 dedu-

157 1896 257 1946 cebant
280 1888 313 1943 αἷ
333 1886 507 1957 κατοίκτριαι.
549 1895 628 1959 Apud
651 1896 705 1946 He·

157 1965 232 2029 sych.
251 1959 372 2013 utero·
398 1961 542 2031 κατασπᾷ,
567 1959 652 2028 νήθει
675 1979 701 2014 κ.

157 2050 181 2086 τ,
192 2035 216 2082 1.
240 2034 373 2085 Adhibuit
384 2034 455 2083 idern
464 2035 574 2083 verbum
585 2035 701 2085 Lucien.

157 2105 184 2154 in
195 2104 319 2169 Fugitiv.
333 2105 369 2152 12.
389 2103 591 2167 Significatione
605 2104 633 2153 id
642 2119 701 2155 ver·

155 2175 217 2224 bum
236 2189 292 2224 non
311 2172 419 2222 differre
439 2189 456 2222 a
471 2173 553 2222 verbo
571 2166 702 2236 στρέφειν

155 2244 314 2294 observavit
326 2242 448 2292 Lobeclr.
461 2242 490 2291 in
501 2243 700 2307 Progrernmet.

154 2314 326 2377 Regiomont.
346 2309 439 2375 (1839)
463 2325 524 2377 pag.
547 2313 587 2363 11.
608 2339 641 2348 -
667 2314 700 2362 In

154 2385 276 2448 proxime
288 2380 512 2433 antecedentibus
523 2397 576 2432 vox
586 2378 699 2446 βραχίο-

155 2467 221 2514 νος,
243 2468 298 2518 que
310 2453 411 2502 Noster
424 2452 506 2500 etiarn
519 2466 585 2501 usus
597 2456 639 2501 eet
651 2450 699 2514 IV,

153 2523 202 2580 71.
219 2538 253 2572 ex
265 2523 379 2571 Homeri
395 2535 446 2569 usu
464 2521 613 2583 repetenda
627 2520 700 2569 vide-

154 2598 210 2641 tur:
236 2594 291 2642 vid.
311 2592 354 2643 Ili.
370 2590 438 2651 XII,
458 2590 517 2641 389.
536 2591 620 2651 XIII,
637 2590 698 2641 532.

154 2662 214 2713 529.
235 2662 319 2721 XVI,
333 2659 393 2712 323.
415 2660 513 2724 Odyrs.
528 2661 637 2722 XVIII,
655 2658 698 2710 69.

155 2732 247 2796 Ipsum
264 2747 364 2781 morem
379 2731 531 2791 Paeonum,
546 2745 578 2779 ex
593 2745 646 2794 quo
659 2731 699 2778 in-

154 2807 195 2851 ter
204 2802 322 2852 eundum
333 2800 460 2850 mulieres
470 2800 554 2849 linum
565 2805 638 2861 nent,
653 2798 700 2848 ud·

153 2871 204 2921 hue
219 2872 248 2921 in
261 2871 372 2931 Serqu,
389 2868 619 2933 Tronesylvenie,
640 2870 698 2919 Mo·

152 2943 231 2990 ravin
253 2941 378 2990 obtinere
402 2943 482 2988 notet
499 2938 633 3002 Schottky
654 2937 697 2987 in:

152 3010 320 3075 Bucsehing:
338 3007 492 3059 Wiiohentl.
506 3007 662 3059 Nechricht.
677 3007 697 3058 ί.

151 3082 242 3135 Kunst
256 3097 284 3134 u.
301 3079 399 3130 Gesch.
416 3076 596 3128 (1.Μ111ε1ε11.
612 3077 660 3138 1v,
672 3077 696 3127 1.

151 3165 213 3215 pag.
229 3152 277 3210 57,
298 3150 344 3215 qui
363 3148 445 3198 moris
464 3146 553 3197 adhuc
573 3147 696 3197 obtinen-

152 3222 187 3270 tis
200 3220 303 3269 fontem
319 3219 354 3268 ed
369 3219 457 3283 ipsum
470 3217 640 3267 Herodotum
655 3232 696 3266 re·

149 3296 240 3340 vocet.

184 3352 222 3415 ὥς
235 3352 267 3408 rt
281 3344 443 3421 παρεξήϊεὴ
455 3346 538 3419 γονὴ]
554 3352 634 3403 Haud
647 3352 698 3401 sli-

150 3433 192 3480 ter
203 3430 257 3489 111,
272 3429 319 3489 14,
336 3426 385 3476 ubi
398 3425 454 3475 vid.
470 3429 540 3474 nott.
554 3423 617 3485 VII,
636 3422 694 3473 109.

152 3497 210 3550 113.
228 3498 278 3548 115
298 3495 362 3547 coll.
375 3494 427 3545 210
445 3496 484 3544 in.
518 3492 559 3543 Ad
578 3491 697 3543 locutio·

148 3585 209 3618 nem
233 3553 526 3629 ἐπιμελὲς-ἐγένετο
547 3561 619 3613 conl.
642 3561 696 3622 111,

148 3639 183 3687 40
197 3639 290 3703 ibique
302 3640 373 3687 nott.
384 3635 448 3695 VII,
459 3633 506 3695 37,
521 3632 620 3684 Suides
634 3647 655 3682 s.
667 3646 694 3683 v,

148 3710 181 3759 Τ.
195 3708 220 3759 1.
236 3724 261 3773 p.
275 3706 341 3763 820,
356 3703 405 3755 ubi
418 3704 444 3754 h.
459 3703 477 3752 l.
492 3701 626 3768 tangitur,
646 3702 696 3750 Ζο-

149 3792 231 3829 nerus
245 3791 309 3841 pag.
325 3774 394 3837 818,
415 3774 464 3823 ubi
480 3761 626 3835 ἒπιμίλεον
645 3785 693 3832 pro

149 3838 283 3908 ίπιμείὲς,
295 3844 368 3910 quod
380 3843 527 3908 exponitur
538 3836 695 3904 φροντίδος

147 3906 238 3976 ἄξιον.
250 3943 282 3952 -
296 3915 338 3992 Ad
347 3913 433 3963 verbe
446 3904 480 3960 roi
491 3906 646 3973 ποιεύμενα
657 3898 670 3957 ί
677 3923 693 3956 κ

146 3986 198 4106 ‘li
207 3983 399 4119 11νῖ11999
410 3980 557 4100 'iiiiii
560 3983 588 4114 ¹r}
602 3978 691 4114 itt..

147 4127 166 4176 i.
180 4142 204 4177 e.
222 4127 285 4192 quid
301 4140 364 4189 εραο
381 4100 498 4187 ίανίταί,
528 4136 550 4169 ε.
569 4135 638 4184 quem
657 4118 694 4167 ad

142 4199 216 4258 finem
228 4211 292 4262 equo
305 4200 422 4245 uteretur
433 4192 527 4241 mulier.
563 4190 604 4241 De
618 4189 694 4239 locu-

146 4267 219 4317 tione
231 4264 323 4326 coni,
344 4278 379 4312 ne
391 4261 485 4327 plura,
503 4260 537 4311 K.
551 4260 594 4310 W.
607 4260 694 4309 Krue-

146 4352 202 4401 ger.
217 4336 253 4385 ed
270 4332 446 4397 Xenophout.
463 4328 550 4380 Aneb.
567 4330 596 4390 1,
614 4328 644 4390 3,
662 4326 695 4376 18

756 1841 842 1890 quens
865 1841 926 1876 esse
949 1827 977 1876 in
996 1827 1030 1876 iis
1051 1827 1249 1892 locutionibus,
1270 1831 1299 1879 in

756 1896 854 1959 quibus
874 1895 1053 1947 deliberativo
1069 1897 1242 1949 coniunctivo
1260 1899 1300 1948 lo·

755 1980 805 2015 eus
824 1980 885 2015 esee
905 1966 1045 2027 videatur,
1075 1972 1166 2017 monet
1183 1967 1298 2018 Werder.

754 2035 783 2082 in
794 2037 867 2085 Actt.
881 2034 957 2100 plrill.
968 2038 1091 2085 Moneec.
1105 2035 1128 2085 1.
1141 2051 1166 2098 p.
1177 2035 1227 2088 232
1238 2053 1295 2103 req.

754 2102 813 2168 (qui
824 2104 895 2154 idem
908 2120 934 2166 p.
948 2104 995 2153 271
1010 2106 1169 2156 conferetur
1181 2106 1214 2156 de
1222 2105 1298 2158 locu-

751 2173 853 2238 tione),
881 2174 1006 2239 idemque
1031 2175 1160 2225 observet
1183 2176 1298 2227 Beeum-

750 2242 820 2292 lein:
838 2243 889 2294 Die
899 2243 1007 2294 Griech.
1020 2244 1094 2295 Mod.
1103 2260 1167 2309 pag.
1180 2245 1244 2307 110,
1259 2246 1297 2295 cl-

749 2311 814 2363 lutis
828 2312 960 2363 Herodoti
973 2312 1053 2374 locis,
1080 2315 1125 2377 qui
1151 2314 1203 2363 huc
1215 2317 1297 2378 perti·

751 2387 818 2432 nent
831 2383 884 2444 Vl,
903 2383 946 2432 52.
966 2383 1034 2444 Vll,
1055 2383 1115 2434 213.
1136 2383 1220 2445 VIII,
1235 2384 1294 2437 135.

751 2478 783 2488 -
799 2453 864 2501 Mox
879 2452 978 2515 scripsi
991 2467 1051 2501 cum
1065 2468 1136 2503 rece.
1154 2452 1215 2503 edd.
1232 2444 1296 2502 ὅττι-

749 2519 805 2569 σθε
817 2536 865 2585 pro
877 2510 1009 2583 ὄπισθεν,
1023 2527 1053 2571 ut
1064 2523 1112 2580 IV,
1125 2523 1167 2585 35,
1182 2522 1293 2576 ubivid.
1306 2573 1308 2578 ,

750 2596 820 2641 nott.
843 2592 909 2641 Mox
919 2607 967 2654 pro
982 2578 1047 2654 ἦρσε
1056 2582 1118 2652 (τὸν
1128 2589 1231 2655 ἵππον)
1241 2594 1296 2643 Eu·

750 2660 834 2711 stath.
853 2661 887 2709 ad
903 2660 980 2710 llind.
997 2677 1022 2725 p.
1035 2662 1094 2723 707,
1107 2661 1138 2711 31
1156 2677 1178 2711 s.
1194 2676 1219 2724 p.
1232 2661 1294 2724 501,

749 2729 784 2781 30
799 2729 908 2780 exhibet
921 2716 999 2794 ἦρσε,
1013 2731 1084 2794 quod
1097 2730 1218 2795 explicet
1228 2722 1295 2779 Irri-

748 2796 834 2861 τιζεν,
856 2799 982 2864 quodque
1003 2801 1090 2864 ipsum
1108 2800 1221 2866 vulgato
1239 2817 1294 2850 non

748 2867 868 2919 deterius
883 2868 988 2918 iudicet
998 2868 1148 2927 vuemo,
1169 2884 1230 2918 oum
1245 2857 1293 2929 dip-

748 2934 809 2986 derv
830 2937 919 3001 (cuius
939 2938 1000 2987 loco
1015 2936 1120 2987 Aelien.
1135 2937 1154 2988 l.
1174 2937 1193 2990 1.
1211 2936 1294 2987 hebet

747 3001 787 3063 είς
798 2997 917 3068 ίιρδείαν
924 2997 1012 3070 ἄγειν,
1020 3013 1103 3067 potum
1112 3004 1294 3070 αρενε1ωα11ο

746 3078 784 3126 sit
796 3076 926 3126 usitatius
940 3090 1020 3139 quem
1036 3064 1132 3135 ἄρσαι.
1167 3076 1224 3127 Neo
1238 3076 1293 3127 dis·

747 3146 831 3210 plicet
845 3145 897 3195 hoc
912 3143 1179 3210 Schweighaeusero.
1207 3147 1292 3211 Equi-

746 3215 808 3267 dem
823 3230 883 3265 cum
897 3214 958 3266 edd.
971 3218 1085 3266 recentt.
1098 3216 1201 3265 retinui
1214 3202 1292 3278 ἦρσε,

746 3285 825 3336 cuius
835 3284 962 3335 lectionis
971 3284 1117 3335 mutandae
1123 3285 1198 3334 inste
1208 3300 1293 3335 croso

745 3355 819 3405 houd
830 3356 974 3418 apperuit3
995 3355 1088 3405 eodem
1101 3355 1181 3404 modo
1196 3355 1225 3404 in
1234 3355 1291 3404 Ho-

746 3424 847 3475 merico
857 3425 956 3488 Hymn.
967 3426 996 3475 iu
1004 3425 1085 3474 Dion.
1094 3425 1171 3484 VIII,
1183 3424 1200 3475 3
1211 3426 1290 3488 virgo

746 3483 966 3555 diciturrl'poomoc
978 3491 1095 3549 ἵππους.
1109 3493 1147 3544 Ut
1161 3498 1251 3546 eutem
1262 3494 1289 3543 h.

743 3553 876 3625 1.ἆ’ρδειν
893 3564 985 3614 active
1001 3562 1201 3627 significatione
1216 3563 1291 3614 velet

742 3642 827 3698 potum
836 3648 923 3697 opere,
935 3634 974 3683 ite
983 3623 1289 3695 ἅρδεσθαιίιίίιενεἮῐ,
1316 3634 1318 3639 ’

747 3704 797 3754 109
811 3705 838 3753 et
857 3704 884 3751 in
897 3704 1033 3754 Homeric.
1045 3703 1145 3766 Hymu.
1163 3703 1190 3752 iu
1203 3701 1289 3767 Apoll.

744 3771 825 3835 Pyth.
844 3772 878 3822 80
897 3770 943 3835 (ε1,
963 3772 1036 3837 2113).
1079 3771 1159 3823 Cous.
1182 3786 1290 3837 quoque

743 3841 893 3893 Blomtield.
915 3844 944 3892 iu
966 3842 1087 3892 Glosser.
1112 3842 1147 3891 ed
1161 3839 1291 3905 Aeschyli

742 3913 817 3961 Pers.
841 3912 889 3961 811
916 3915 944 3962 et
964 3911 1094 3963 Leutseh.
1117 3913 1160 3961 io:
1190 3911 1288 3963 Rhein.

742 3982 814 4032 Mus.
829 3982 866 4031 11.
884 3995 910 4043 p.
922 3982 983 4034 263.

939 4151 1005 4200 Ger.
1022 4150 1101 4200 XIII.

781 4245 942 4317 Θανμοὶζων
961 4246 992 4303 dl
1013 4243 1028 4302 ὁ
1048 4248 1181 4316 Δαρεῖος]
1200 4252 1289 4303 Resti-

745 4326 784 4376 tui
795 4318 962 4388 θαυμάζων,
976 4323 1151 4389 eSchweigh.
1163 4327 1190 4371 et
1200 4321 1289 4372 Gaius.

146 4404 321 4457 etHerodot.
336 4404 362 4465 I,
379 4401 440 4453 210.
456 4392 588 4463 χρήσεται
602 4397 695 4448 melio·
744 4398 878 4445 mutatum
900 4395 929 4444 in
954 4387 1103 4456 θωμάζων.
1139 4393 1192 4442 Ρτο
1213 4392 1286 4457 vulg.

146 4491 187 4527 res
207 4478 304 4527 tenent
321 4472 401 4534 libri,
423 4474 455 4521 ut
467 4468 567 4520 Medic.
588 4472 617 4518 et
632 4466 694 4517 Flo·
744 4455 824 4530 ἄχθη
845 4464 907 4515 dedi
919 4480 979 4515 cum
991 4468 1107 4514 recentt.
1123 4460 1185 4513 edd.
1199 4452 1286 4524 ἤχθη,
