3100 5175
1235 438 1296 501 237

545 435 726 496 ERATO.
748 437 803 496 VI.
822 447 926 501 9—11.

161 614 338 693 προσίεντο
357 605 420 696 τὴν
440 614 641 698 προδοσίην·
655 685 657 688 ,
670 612 826 679 temeret
840 636 877 679 τε
897 612 1029 679 ἕκαστοι
1057 608 1194 681 ἐδόκεον
1213 610 1296 700 μού-

161 716 365 780 vomituum
383 709 461 792 τούς
473 715 607 800 Πέρσας
621 714 891 801 ἐξαγγέλλεσθαι.
918 718 1023 782 ταῦτα
1035 714 1099 802 μέν
1112 742 1178 784 νυν
1196 717 1298 796 ἰθέως

159 810 374 903 ἀπικομένων
388 816 421 895 ἐς
433 813 494 905 τὴν
507 822 663 903 Μίλητον
677 821 746 886 των
759 818 920 906 Περσέων
934 820 1073 904 ἐγίνετο.

236 915 336 986 Μετὰ
357 917 414 1006 δὲ,
438 915 640 990 revincere
661 922 919 1007 συλλεχθέντων
939 924 972 999 ἐς
989 919 1051 1010 τὴν
1065 919 1200 1008 Λάδην,
1225 923 1339 1008 iri-ll

158 1047 259 1091 νοντο
272 1018 407 1108 ἀγοραί·
435 1024 491 1091 καὶ
512 1023 555 1113 δή
566 1023 637 1110 ,κού
654 1042 717 1113 σφι
734 1025 792 1093 καλ
814 1020 909 1093 ἄλλοι
922 1019 1127 1112 ἠγορόωντο,
1149 1027 1186 1093 ἐν
1202 1025 1239 1094 cll
1253 1022 1295 1112 δὴ

159 1127 215 1193 καὶ
228 1119 247 1195 ὁ
263 1124 438 1206 Φωκαιεὺς
450 1124 634 1214 στρατηγὸς
646 1125 843 1212 Διονύσιος,
862 1130 971 1213 λέγων
983 1128 1081 1197 τάδε·
1107 1123 1179 1196 Ἐπὶ
1194 1131 1298 1215 ξυροῦ

158 1225 223 1315 γὰρ
245 1224 354 1316 ἀκμῆς
373 1236 482 1317 ἔχεται
504 1225 585 1318 ἡμ1ν
604 1229 645 1300 τὰ
667 1231 864 1320 πρήγματα,
886 1227 1008 1319 ἄνδρες
1017 1229 1144 1315 Ἴωνες,
1166 1224 1187 1319 ἦ
1208 1231 1294 1300 εἶναι

159 1334 370 1419 ἐλευθέροισι
390 1327 411 1420 ἢ
433 1331 599 1419 δούλοισι,
628 1336 684 1403 καὶ
704 1333 852 1404 τούτοισι
871 1329 915 1413 ως
935 1338 1134 1425 δρηπέτῃσι·
1162 1339 1229 1404 νῦν
1246 1325 1295 1403 ὧν

158 1430 258 1522 ὑμέες
272 1429 387 1524 ἦνμὲν
399 1435 573 1524 βούλησθε
583 1445 809 1527 ταλαιπωρίας
819 1440 1034 1525 ἐνδέκεσθαι,
1047 1438 1085 1508 rb
1097 1443 1296 1527 παραχρῆμα

157 1650 192 1684 τα
203 1627 257 1698 μέν
270 1649 323 1684 νυν
338 1627 425 1691 ἰθέως
439 1627 622 1701 ἀπικομένων
636 1652 663 1688 κ.
675 1652 699 1686 τ.

156 1703 192 1768 λ.,
200 1720 272 1770 quse
281 1705 452 1770 significant:
461 1705 524 1760 leaeo
533 1707 628 1772 quidem
640 1723 701 1771 upe-

750 1651 812 1699 αυτ,
827 1641 917 1686 utrum
937 1651 985 1690 ves
1006 1651 1042 1687 uu
1054 1636 1294 1700 Carthaginienses

750 1707 888 1771 principos
914 1706 987 1757 orbis
1010 1712 1144 1757 terrarum
1169 1708 1291 1756 videat.·‘

157 1774 251 1825 δαιαα
261 1778 343 1836 staura
356 1790 377 1824 s.
388 1778 521 1838 protinas,
536 1792 589 1826 cum
602 1781 702 1827 Persae

157 1845 193 1894 ad
210 1844 325 1896 Maeuia
343 1845 508 1896 ademissent.
540 1847 582 1897 De
602 1846 701 1897 vocula

157 1909 256 1978 ἰθέως,
272 1929 343 1980 quse
356 1916 486 1979 genitivis
502 1915 638 1967 absolutis
653 1915 702 1967 sd-

157 1983 247 2046 ditnr,
262 1984 319 2036 uid.
334 1984 461 2035 Kuehner
475 1984 521 2036 Gr.
535 1985 580 2038 Gr.
600 1989 626 2049 ἕ.
640 1986 701 2038 666.

157 2058 214 2105 not.
226 2054 255 2105 5.

361 2156 428 2212 Cir.
449 2153 499 2209 xi.

190 2251 375 2325 ἠγορόωντο]
396 2262 414 2311 i.
434 2277 458 2313 e.
477 2263 503 2310 ia
516 2267 634 2311 conventu
645 2260 699 2321 λου,

156 2344 204 2392 pro
212 2334 332 2380 concione
337 2331 414 2381 uerba
421 2332 546 2394 feceruut.
559 2330 633 2380 Idem
642 2345 702 2381 ver·

158 2400 220 2451 bum
232 2400 384 2465 eademque
396 2400 484 2450 torma
495 2401 524 2449 in
534 2401 644 2450 Homer.
658 2398 702 2450 lli.

139 2468 211 2530 .1v‚
233 2470 260 2532 1,
281 2469 353 2518 unde
366 2470 535 2522 Herodotum
553 2469 701 2533 sumpsisse

158 2540 274 2601 credas,
291 2539 338 2604 qui
353 2539 466 2591 sormam
480 2540 585 2604 epicam
598 2540 700 2588 retinn-

157 2608 210 2660 isse
224 2608 349 2673 videtur,
365 2610 537 2672 mutandam,
561 2610 585 2659 si
600 2608 700 2658 Bredo-

156 2678 435 2757 viumsequemurp.
448 2678 513 2740 386,
533 2679 562 2727 in
584 2677 699 2728 sormam

157 2739 374 2799 Herodotesm'
356 2744 543 2812 ηγορέοντο,
565 2763 644 2811 quam
658 2751 700 2796 ta-

157 2832 216 2868 men
230 2833 312 2868 neme
328 2818 460 2869 editorum
481 2816 568 2867 adhue
586 2818 699 2898 recepit.

158 2913 191 2923 -
207 2889 276 2937 Mox
292 2902 342 2967 pre
362 2887 435 2952 vulg
454 2879 587 2942 Φωκαεός
601 2886 699 2950 scripsi

159 2953 612 3035 Φωκαιευς,ιι11Ἰ,8,ιι5ιιι(1
629 2962 698 3005 nott

186 3016 253 3076 Ἐπὶ
266 3020 397 3090 ξυροῦ
365 3042 418 3109 γαρ
428 3021 520 3090 ἀκμῆς
532 3018 645 3089 ἔχεται
634 3039 702 3088 ημιν

156 3109 190 3143 τα
180 3088 702 3179 πρήγματα]1.α.11αιιιιιιτιοοαου1αε

157 3168 218 3229 orie,
232 3168 254 3218 i.
267 3182 290 3216 e
304 3168 330 3215 iu
342 3180 432 3215 ιιοινιιο
443 3166 585 3215 discrimine
598 3179 642 3213 rec
656 3180 700 3214 uo-

157 3242 228 3286 strue
246 3242 391 3286 versantur.
431 3236 474 3285 De
493 3233 629 3299 particula
647 3225 699 3297 γὰρ

158 3306 292 3356 orationis
312 3306 392 3355 initio
412 3306 477 3368 poni
496 3304 579 3354 solitu
598 3305 701 3352 monui-

158 3390 214 3424 mus
227 3376 266 3424 ad
281 3376 310 3436 1,
323 3376 340 3423 8
355 3382 382 3423 et
396 3374 452 3436 ΙΙΙ,
469 3374 527 3437 126,
541 3373 700 3438 monuitque

157 3444 334 3509 Hoogeveeu.
351 3445 385 3492 ad
400 3445 489 3508 Vigor.
508 3460 535 3507 p.
550 3444 601 3493 495
620 3442 701 3492 huius

158 3514 209 3563 loci
222 3513 392 3564 senteutiam
404 3514 473 3563 bene
490 3514 530 3562 ita
545 3512 701 3562 illustrans·

158 3600 220 3631 armo
238 3601 303 3633 saue
318 3584 462 3634 suberradus
480 3592 518 3632 est
536 3584 622 3644 labor,
644 3597 701 3631 αααι

158 3653 199 3702 vol
211 3657 328 3718 quonium
338 3655 362 3702 iu
375 3668 465 3702 surmuo
475 3654 588 3715 periendo
601 3667 643 3701 res
656 3667 701 3700 no-

158 3730 226 3772 strus
250 3731 309 3774 sarit
333 3726 490 3773 constitutae.
522 3723 700 3772 Locutionem

158 3782 203 3839 iul
222 3790 314 3857 ξυροῦ
333 3787 425 3857 οἰκμῇς
439 3792 612 3842 illustrarunt
625 3793 658 3841 W
661 3807 701 3839 es-

158 3861 204 3910 scl.
222 3867 252 3912 ct
264 3861 394 3912 Vulckeu.
410 3862 444 3912 erl
461 3863 487 3914 b.
510 3862 528 3910 l.
543 3860 644 3911 colluto
657 3863 703 3909 vi-

159 3946 221 3995 gere
229 3949 256 3997 p.
264 3932 325 3994 609,
335 3931 579 3996 itemqueBrunck.
591 3932 699 3980 etWex.

158 4002 192 4050 ad
204 4001 333 4066 Sophocl.
346 4003 473 4066 Antigon.
488 4001 547 4051 978.
563 4016 625 4065 pag.
640 4002 700 4058 269,

58 4106 62 4117 .
159 4070 310 4122 Blomliold.
330 4072 358 4121 iu
378 4071 501 4122 Glossar.
518 4071 553 4120 ad
573 4070 701 4133 Aeschyli

160 4140 279 4207 Ohciiph.
288 4140 350 4191 870.
365 4141 523 4191 Herodotea
537 4140 606 4190 haec
618 4140 703 4190 verba

750 1778 875 1842 Namque
887 1775 955 1826 haee
967 1775 1081 1840 locutio,
1096 1791 1149 1841 qus
1162 1791 1294 1825 summum

751 1861 841 1895 rerum
854 1846 999 1896 discrimen
1018 1861 1051 1895 se
1070 1845 1220 1912 perieulum
1233 1860 1293 1910 pro-

751 1914 867 1965 verbiali
885 1913 942 1965 fere
960 1915 1040 1967 modo
1059 1914 1233 1980 exprimitur,
1249 1912 1293 1964 vel

752 1999 786 2035 ex
802 1985 923 2035 Homero
948 1986 1037 2050 repeti
1058 1989 1166 2049 potest,
1190 1986 1236 2049 qui
1260 1983 1293 2033 ea

752 2069 820 2105 usus
832 2054 876 2105 111
889 2054 924 2116 X,
938 2055 1001 2116 173,
1014 2054 1061 2105 ubi
1072 2054 1106 2104 cf
1120 2052 1201 2106 Both.
1222 2052 1292 2103 add.

752 2113 875 2188 Theogn.
889 2124 940 2174 557
959 2121 1033 2189 (551)
1048 2124 1140 2189 ibique
1156 2123 1292 2173 Welclrer.

752 2194 849 2257 Synes.
874 2194 916 2242 De
935 2208 1057 2258 regnop.
1072 2194 1138 2243 2113
1156 2192 1229 2258 (esp.
1245 2190 1291 2255 20)

751 2264 845 2328 ibique
861 2263 1015 2328 Krabingsr
1033 2280 1060 2328 p.
1075 2263 1140 2324 285,
1163 2277 1197 2312 ue
1215 2260 1293 2325 plura

750 2335 779 2382 in
793 2332 911 2383 formula
918 2332 1085 2398 proverbiali
1101 2345 1170 2380 nune
1185 2329 1292 2394 quidem

751 2402 820 2450 catis
838 2406 912 2451 nota.
946 2401 1025 2451 Unde
1039 2415 1147 2483 quqque
1164 2398 1293 2463 intelligi·

751 2475 812 2530 tur,
827 2463 954 2535 queritur
968 2470 1090 2519 doctus'
1083 2485 1111 2518 ιιι
1123 2470 1291 2550 Mnemosjn.

750 2539 801 2591 vl.
813 2555 876 2606 pag.
890 2538 942 2591 439
954 2539 1038 2589 scribi
1049 2539 1109 2590 vult
1122 2529 1230 2601 ὀχέεται
1242 2552 1291 2603 pro

749 2603 850 2673 ἔχεται,
864 2610 892 2658 id
906 2609 991 2689 recipi
1007 2608 1079 2659 baud
1092 2624 1180 2673 posse.
1208 2608 1240 2656 ln
1254 2607 1293 2657 ul·

749 2678 888 2729 locutione
905 2667 1026 2738 euripis*
1025 2680 1109 2733 Ιωνες
1126 2692 1179 2727 vox
1188 2667 1292 2739 ἄνδρες

749 2765 812 2799 cum
823 2764 852 2798 vr
845 2747 978 2812 quadum
988 2746 1084 2797 addita
1097 2753 1148 2808 est,
1159 2747 1225 2796 benc
1236 2761 1291 2795 mo-

749 2823 832 2868 nente
848 2816 988 2866 Lobcclrio
1008 2818 1042 2865 ad
1063 2783 1189 2881 Sophbel.
1213 2815 1290 2866 Aine.

751 2888 828 2938 1154
841 2902 904 2950 pag.
922 2887 973 2935 452
982 2886 1166 2951 quiconfert
1178 2885 1231 2945 11
1246 2884 1289 2935 83.

751 2956 809 3006 173.
841 2957 884 3004 Dc
906 2955 1008 3005 dativis
1027 2942 1292 3035 subsequentibus
1271 2969 1307 3034 q·

751 3019 826 3074 εἶναι
843 3013 1059 3084 ἐλευθέροισι
1040 3040 1058 3087 η
1079 3018 1221 3086 δούλοισι,
1244 3023 1292 3088 qui

751 3095 786 3145 ad
800 3094 965 3144 antecedens
981 3108 1048 3156 qucv
1057 3099 1192 3158 spectant
1203 3108 1293 3142 mone·

750 3181 780 3216 re
792 3165 838 3214 vix
849 3179 931 3227 opus.
952 3164 1051 3226 quibus
1063 3178 1123 3213 eum
1133 3181 1161 3213 vr
1154 3162 1292 3227 quedam

751 3235 917 3284 adiiciuntur
930 3232 1013 3282 verba
1025 3228 1073 3280 καὶ
1088 3226 1213 3282 τούτοισι
1224 3229 1292 3294 δρα-

751 3301 859 3368 uirque,
874 3318 944 3368 quac
954 3302 988 3351 ad
1001 3296 1128 3351 δούλοισι
1141 3302 1291 3367 pertinent.

750 3382 779 3424 ut
791 3375 860 3423 serui
870 3375 945 3423 siricus
958 3376 1004 3422 αι’
995 3375 1014 3423 11
1032 3374 1127 3437 quidem
1140 3372 1280 3436 supiliui,'
1272 3388 1290 3420 1.

752 3461 775 3493 c.
791 3445 838 3508 qui
849 3458 909 3492 oum
920 3443 1011 3506 sugam
1026 3445 1207 3508 capessierint
1216 3441 1293 3491 iude-

751 3529 804 3579 que
817 3515 845 3560 iu
859 3514 1000 3562 servitutis
1012 3512 1103 3576 iugum
1121 3513 1210 3563 denno
1220 3527 1292 3562 com-

750 3582 823 3648 pulsi
833 3583 898 3646 sint,
907 3599 939 3632 ee
950 3582 1085 3631 duriorem
1098 3597 1131 3631 ao
1143 3583 1293 3647 turpiorem

751 3657 853 3702 sortem
863 3653 963 3702 obeunt
974 3668 1084 3702 neeesse
1095 3653 1179 3701 sit.-
1189 3655 1221 3701 ln
1234 3667 1294 3716 pr··o

751 3723 822 3772 xime
834 3737 909 3786 seqq
920 3722 1010 3772 verbis
1024 3712 1151 3772 vocula
1124 3717 1219 3800 υμέες
1232 3736 1294 3771 eum

751 3793 780 3840 vi
806 3792 924 3856 quadam
951 3791 1102 3855 particulae
1118 3779 1155 3854 ἢν
1180 3806 1295 3857 praepo-

752 3862 841 3923 nitur,
860 3877 913 3925 qus
926 3861 959 3910 de
973 3876 1002 3910 re
1017 3861 1089 3914 conl
1108 3861 1234 3911 Kuchner
1246 3859 1293 3909 Gr.

752 3932 798 3982 Gr.
820 3934 845 3993 5.
864 3934 928 3991 864,
949 3930 965 3980 3
984 3936 1012 3980 et
1028 3930 1202 3995 Bernhardy:
1223 3930 1294 3978 Wis-

753 4000 913 4052 sensehustl.
927 4001 1032 4063 Syntsx
1045 4015 1071 4082 p.
1083 4000 1144 4049 461.

787 4066 980 4131 ταλαιπωρίας
991 4059 1170 4131 iniciendus]
1203 4066 1295 4131 „Scu-

752 4139 840 4189 tentia
850 4138 918 4188 dicti
933 4139 1002 4187 sutis
1014 4142 1057 4187 est
1067 4137 1227 4202 perspicua:
1244 4152 1293 4184 ruo-

160 4210 239 4260 stiert
257 4226 365 4276 quoque
383 4213 430 4275 qui
448 4210 549 4260 dieitur
564 4211 702 4273 Longinus
752 4211 841 4261 leutius
851 4210 875 4258 si
885 4210 966 4257 uelitis
980 4208 1074 4265 rrrbire,
1087 4207 1175 4257 labore
1186 4207 1294 4257 11061111-

160 4279 200 4329 De
213 4281 346 4332 sublimit.
362 4282 411 4329 XV
424 4280 482 4331 sivc
495 4281 590 4342 XXII,
609 4282 641 4341 4,
658 4295 703 4329 es·
753 4280 875 4328 bertatem
886 4277 1028 4340 periclum
1047 4281 1078 4326 ut
1094 4277 1197 4341 optima
1214 4292 1295 4341 quae·

161 4348 274 4414 demque
295 4350 339 4399 vol
355 4350 435 4399 Livio
453 4350 601 4401 obversata
617 4348 704 4398 luisse
753 4350 796 4399 vis
807 4351 836 4397 st
846 4346 1045 4397 iucundissima
1054 4347 1167 4396 nonnisi
1178 4347 1293 4411 primum

160 4417 254 4470 credas
275 4420 317 4469 ita
343 4419 476 4470 scribenti
497 4420 629 4479 xxxin,
656 4418 703 4468 17:
752 4418 864 4480 imperari
877 4416 958 4479 operti
970 4417 1122 4483 comparari
1134 4417 1236 4468 solent:
1255 4418 1295 4465 lu-

163 4523 179 4551 „
185 4489 211 4538 ia
226 4490 371 4542 districtius
385 4498 424 4541 est
441 4504 506 4540 ιιααο
517 4489 645 4540 Ιιιιοιωιιυιι
658 4503 703 4554 pe·
753 4488 800 4538 bor
814 4487 885 4538 enim
896 4486 1236 4554 voluptasque,clissiruilliruci
1249 4501 1294 4536 uu-
