3100 5175
477 411 845 473 TERPSIOHORE.
869 414 906 472 V.
929 422 971 477 62.
1233 417 1270 475 10

149 583 210 654 τὸν
224 588 264 654 ἐν
277 594 461 674 Λελφοῑσι,
480 583 539 654 τὸν
552 589 618 656 νῦν
631 584 746 671 ἐόντα,
766 584 839 655 τότε
855 582 1014 672 diutinos,
1036 590 1154 655 τοῦτον
1167 588 1290 670 ἐξοικο-

152 693 313 778 δομῆσαι,
335 685 391 758 οἷα
407 689 444 758 dl
459 688 635 779 χρημάτων
655 681 694 759 εὖ
708 688 846 777 ἥκοντες
867 690 922 758 καὶ
935 688 1046 769 ἐόντες
1063 687 1185 777 ἄνδρες
1200 689 1289 760 δόκι-

149 819 205 881 μοι
220 789 392 862 ἀνέκαθεν
406 800 472 880 ἔτι,
491 791 549 861 τόν
566 820 602 863 τε
619 792 703 882 νηὸν
717 791 936 879 ἐξεργάσαντο
951 798 1011 861 τοῦ
1024 801 1291 882 παραδείγματος

150 896 289 965 κάλλιον
303 894 343 965 τά
364 924 400 966 τε
414 893 518 983 ἄλλα,
538 899 593 966 καὶ
606 898 828 986 συγκειμένου
842 915 903 985 σφι
917 905 1068 985 πωρίνου
1085 906 1186 969 λίθον
1200 901 1289 968 ποιέ-

148 1062 260 1129 pbicum
278 1062 419 1127 posuimus
433 1061 541 1127 Olymp.
555 1063 663 1125 LVIII,
682 1062 694 1112 l
748 1063 800 1113 512
821 1067 849 1113 et
866 1063 917 1114 510
940 1062 1069 1128 templum
1091 1063 1289 1114 aedificandum

148 1134 209 1183 eise
219 1132 274 1183 548
286 1138 351 1184 ente
365 1132 428 1182 Chr.
442 1143 471 1182 tt.
493 1129 559 1194 (vid.
572 1131 696 1182 Glintou:
748 1141 927 1196 susceperunt
942 1133 1166 1186 Alcmeeouidee:
1187 1135 1215 1184 id
1224 1149 1290 1186 vero

148 1204 226 1253 Fest.
235 1202 344 1252 Hellen.
359 1217 387 1266 p.
398 1202 425 1253 5.
436 1200 463 1251 6.
480 1202 522 1251 ed.
534 1201 695 1267 Krueger.)r
747 1202 858 1251 admitti
871 1203 917 1253 vix
929 1218 1009 1266 posse
1024 1208 1115 1254 monet
1125 1203 1222 1254 Grote:
1241 1205 1291 1253 Hi·

148 1275 227 1323 cnins
243 1272 362 1323 incendii
373 1269 483 1335 eulpam
496 1277 555 1321 curt
573 1271 696 1320 nonnulli
746 1276 822 1336 story
833 1272 863 1321 of
871 1273 973 1322 Greece
984 1273 1031 1327 IV.
1043 1290 1070 1338 p.
1081 1273 1127 1324 101
1139 1277 1213 1328 not:
1228 1288 1290 1322 nem

148 1343 177 1391 in
197 1343 276 1407 ipsos
299 1341 491 1392 Pisistratidas
517 1338 696 1405 (Pisistratus
746 1340 1291 1406 templumflemmisconsumptumtradi-

149 1411 221 1461 eninr
244 1416 304 1461 tum
326 1411 458 1474 temporis
481 1410 510 1458 in
530 1410 603 1461 viris
624 1414 694 1473 erat,
746 1417 790 1460 tur
803 1411 944 1473 ann0548‚
957 1412 983 1461 id
996 1416 1113 1463 estante
1124 1413 1228 1476 tripietis
1241 1428 1290 1461 sex

148 1484 195 1546 qui
214 1485 338 1531 mortuus
360 1480 468 1530 demam
483 1485 525 1530 est
539 1478 693 1545 Olympiad.
745 1480 830 1530 terme
843 1496 944 1531 annos:
963 1484 1120 1531 restitutum
1134 1488 1227 1532 autern
1243 1482 1289 1530 via

147 1551 253 1612 LXIII,
265 1553 282 1601 2
295 1551 416 1601 siveb27
426 1553 489 1600 ente
500 1547 562 1599 chr.
576 1547 615 1614 n.)
630 1565 695 1600 eon·
745 1550 852 1614 Olymp.
867 1550 965 1600 LXXV
979 1567 999 1600 s.
1013 1549 1065 1601 480
1077 1567 1103 1604 a.
1121 1551 1184 1601 Chr.
1199 1567 1241 1611 n.‚
1259 1555 1290 1599 ut

149 1622 264 1671 licerent
292 1619 363 1684 (vid.
383 1617 474 1669 Schol.
495 1618 523 1668 iu
541 1619 620 1668 Pind.
642 1621 694 1682 Py·
745 1619 857 1670 Mueller
871 1620 971 1670 statuit
983 1620 1092 1670 Handb.
1109 1621 1135 1673 d.
1151 1619 1289 1670 Archaeo-

148 1690 230 1740 tbiec.
246 1689 318 1752 VII,
331 1688 358 1742 9.
373 1687 528 1738 Philochori
540 1689 637 1753 fragm.
653 1704 693 1753 pr.
745 1689 800 1754 log.
815 1692 839 1751 ς.
853 1689 897 1741 80.
925 1690 1024 1753 Itaque
1036 1690 1091 1740 nisi
1108 1689 1213 1750 eredas,
1228 1691 1289 1738 Am-

148 1758 209 1824 10),
234 1759 300 1809 inde
320 1758 395 1808 haud
420 1760 478 1808 scio
504 1773 541 1807 en
562 1757 695 1822 explicari
745 1758 909 1823 phiotyonss
925 1775 973 1821 per
985 1757 1037 1809 hoc
1049 1760 1163 1824 triginta
1179 1774 1226 1809 sex
1242 1773 1290 1807 an·

148 1828 348 1894 quodammodo
366 1828 471 1893 possit,
489 1843 537 1878 cur
552 1825 694 1878 Alcmaeo·
745 1843 841 1879 norum
862 1829 981 1893 spatium
1000 1829 1096 1891 multe,
1115 1829 1162 1879 sed
1186 1828 1289 1877 frustra

147 1900 228 1949 nidae
241 1897 374 1963 templum
389 1896 588 1947 aedificandum
604 1912 696 1947 susce-
746 1900 869 1962 agitasse
887 1898 1003 1949 consilia
1024 1898 1059 1948 de
1080 1897 1179 1961 templo
1198 1895 1291 1946 aedifi-

148 1970 237 2033 perint
254 1968 379 2032 adeoque
393 1965 557 2017 luculentius
570 1967 598 2016 id
618 1982 694 2018 exse·
745 1966 848 2029 cando,
864 1968 951 2018 donec
970 1983 1073 2033 eoquo
1090 1967 1149 2015 dixi
1169 1971 1290 2029 tempore

149 2040 204 2089 enti
216 2039 283 2101 sint,
294 2037 357 2087 adio
368 2037 397 2086 in
408 2035 599 2086 Pisistratidas
609 2036 695 2098 ducti,
747 2035 816 2102 (512
824 2036 933 2100 -5101
948 2037 1159 2087 Alcmaeonidee
1174 2035 1202 2084 id
1215 2036 1244 2084 in
1258 2049 1288 2084 se

147 2107 282 2172 simulque
296 2122 330 2156 ee
344 2121 394 2171 spe
407 2106 549 2170 commoti,
570 2105 642 2170 lore,
664 2111 696 2157 nt
747 2107 901 2170 receperint
921 2105 1004 2170 (quod
1019 2107 1066 2156 vix
1087 2105 1228 2169 probabile
1247 2105 1289 2155 si-

149 2176 197 2227 teli
209 2193 241 2227 re
254 2177 423 2226 Graecorum
435 2175 541 2226 animm
560 2175 614 2225 sibi
632 2192 697 2226 eon·
748 2176 856 2238 deteri:
867 2191 978 2225 neeesse
987 2176 1040 2226 erit
1049 2181 1166 2238 statues,
1174 2175 1230 2225 iam
1240 2188 1289 2223 sn·

148 2247 276 2297 cilierent
304 2244 491 2309 auxiliumque
519 2244 582 2296 inde
610 2246 695 2310 impe·
749 2250 776 2295 te
793 2245 820 2295 id
834 2250 944 2309 tempus
959 2245 1167 2297 Alcmaeonidae
1186 2260 1218 2296 eo
1234 2258 1288 2308 quo

147 2314 296 2367 trarentsd
303 2314 694 2365 tollendumPisistretidarum
746 2330 830 2379 suprs
841 2314 897 2363 dixi
912 2314 1027 2366 consilio
1038 2319 1188 2366 commotos
1198 2329 1290 2365 acees-

147 2383 695 2518 thehillathiilliniti
745 2384 1008 2505 10110001
1016 2384 1289 2506 tillitus:

147 2527 174 2575 in
189 2528 262 2576 oret.
283 2523 318 2573 de
330 2527 477 2589 permutat.
491 2538 518 2588 p.
534 2524 581 2575 108
597 2524 655 2574 sire
667 2523 691 2585 ᾗ,
745 2527 859 2574 montet.
873 2523 907 2573 de
924 2522 1063 2575 Clisthene
1075 2524 1172 2589 ¹(Halia
1187 2524 1288 2572 Saron.

148 2596 207 2659 232,
215 2593 374 2645 Clisthenes
381 2594 625 2659 Amphictyonibus
635 2609 695 2657 per·
748 2591 824 2657 1840)
849 2593 941 2659 peg.6
958 2600 986 2644 et
998 2597 1128 2644 Peterson
1148 2595 1177 2642 in
1199 2591 1288 2641 Philo·

147 2666 247 2727 suesit,
258 2669 291 2715 ut
305 2681 320 2715 e
332 2664 425 2727 templi
435 2662 585 2728 (Delphici)
596 2663 694 2728 opibus
744 2662 799 2729 lug.
813 2664 862 2717 IV.
883 2680 909 2727 p.
925 2663 986 2713 231.
1013 2664 1104 2726 ipsam
1118 2668 1209 2713 autern
1225 2676 1289 2711 eon-

149 2740 272 2786 mutuum
295 2733 350 2784 sibi
369 2735 481 2793 dsrent,
500 2748 553 2797 quo
570 2737 695 2783 uteretur
745 2732 893 2784 tentionem
912 2732 983 2781 inter
997 2732 1187 2782 Pisistratidas
1205 2736 1289 2795 etque

149 2805 182 2856 ad
199 2803 332 2870 populum
348 2801 519 2853 liberandum
536 2818 553 2852 e
569 2803 693 2867 tyranni·
744 2801 956 2852 Alcmaeonides
976 2816 1025 2866 per
1044 2802 1215 2867 quadrppiata
1242 2815 1289 2848 en·

148 2876 179 2925 dc
191 2872 448 2924 Pisistratiderum:
471 2864 540 2934 perci
555 2868 587 2923 dl
603 2871 694 2921 ταῦτα
745 2886 795 2921 nos
809 2871 921 2921 danesse
934 2876 1031 2920 auctor
1043 2875 1086 2920 est
1096 2871 1236 2920 leocrates
1247 2869 1288 2919 De

147 2940 326 3003 Κλεισθένης
338 2932 465 2991 ἐκπεσὸν
477 2930 506 2989 ἔκ
522 2938 574 3005 τῆς
585 2934 694 2999 πόλεως
744 2942 805 3005 Big.
818 2943 842 3002 5.
854 2939 896 2991 26.
912 2955 975 3003 pag.
990 2939 1050 2989 351.

148 3004 204 3063 sixti
218 3008 278 3061 τῶν
291 3002 456 3074 τυράννων,
470 3003 558 3075 λόγῳ
569 3010 694 3068 πείσας
779 3006 828 3058 καὶ
848 3006 1031 3070 συγκειμένου
1050 3002 1117 3068 σφι]
1140 3006 1158 3055 i.
1174 3020 1197 3054 e.
1214 3013 1289 3068 atque

148 3076 226 3139 τούς
248 3072 507 3144 Ἀμφικτύονας
525 3076 693 3130 δανεῖσαι
744 3095 798 3128 cum
815 3080 972 3128 conuenisset
993 3077 1082 3142 (inter
1106 3076 1180 3138 ipsos
1206 3078 1289 3137 atque

147 3150 211 3201 τῶν
231 3147 402 3200 τοῦθεοῦ
422 3142 612 3214 χρημάτων
631 3139 693 3199 αὖ·
744 3144 994 3211 Amphictyones),
1008 3155 1083 3197 ates
1095 3146 1185 3207 portua
1203 3145 1289 3206 tepide

147 3218 190 3288 τῷ
204 3211 293 3270 τόντε
306 3216 325 3268 b
333 3220 402 3281 ’μον
414 3214 554 3282 κατήγαγε
567 3211 695 3274 καὶτοὺς
744 3219 831 3268 nedem
843 3225 1023 3276 eoasrnrerent,
1041 3217 1151 3278 frontem
1169 3217 1223 3262 eine
1239 3214 1289 3260 Pa·
1304 3274 1306 3279 .

147 3282 307 3351 τυράννους
325 3233 448 3355 έξέβαλεε
469 3290 547 3339 cuius
562 3290 603 3339 rei
617 3287 693 3338 nulle
744 3291 783 3338 rio
798 3303 833 3336 ea
847 3288 934 3347 lapide
953 3283 1011 3349 (qui
1031 3284 1126 3347 utique
1144 3282 1289 3346 pretiosior

147 3358 694 3417 alibilitmentio‚nisiiuAristidisScho-
744 3356 816 3420 erat)
834 3356 1007 3418 perfecerunt.
1039 3356 1082 3405 De
1094 3357 1185 3416 portat
1204 3352 1290 3414 lapide

148 3430 189 3480 liis
200 3427 393 3480 :Frommelio
407 3426 530 3492 vulgatis
544 3444 571 3493 p.
586 3430 631 3490 45,
645 3427 693 3478 ubi
743 3426 859 3477 Wessel.
885 3426 992 3476 confert
1017 3423 1112 3474 Pollux
1134 3422 1202 3483 VII,
1230 3420 1289 3471 123.

146 3486 693 3564 11τοσ1σςιιιιῐσιι-Κλεισθένης,ὁ”ςτὴν
744 3496 929 3546 Greuzcrus
947 3494 981 3546 ad
995 3494 1021 3543 b.
1035 3493 1053 3544 l.
1072 3494 1155 3543 citet:
1176 3490 1289 3552 ‚‚Merti·

148 3567 276 3629 Πυθίαν,
294 3560 440 3617 τουτέστιν
454 3556 508 3630 τὴν
528 3556 559 3615 ἒν
570 3566 695 3630 Δελφοῖς
745 3566 774 3615 ni
786 3567 902 3618 Excurs.
915 3565 956 3615 IV
968 3564 1003 3613 ed
1020 3563 1140 3613 Ernestii
1152 3560 1289 3611 Archaeo-

146 3631 252 3700 ἴεοειάν
270 3628 474 3699 παρεκάλει
486 3625 545 3686 Iret
558 3632 604 3701 τῷ
616 3632 694 3699 ,χρῆ-
745 3634 798 3700 log.
812 3635 885 3686 liter.
906 3650 931 3697 p.
953 3634 1004 3685 138
1019 3633 1111 3698 ibique
1125 3629 1200 3681 land.
1214 3631 1288 3694 'Psy-

147 3721 201 3758 σαι
215 3708 279 3764 τοῖς
288 3703 537 3768 Λακεδαιμονίοις,
549 3701 695 3770 βοηθῆσαι
744 3705 794 3755 lor.
808 3706 897 3758 Leett.
911 3705 1037 3767 Lysiacc.
1051 3718 1075 3766 p.
1087 3704 1138 3752 254
1158 3699 1200 3750 ed.
1211 3701 1288 3762 Lips.

146 3782 206 3836 ταῖς
214 3768 363 3840 Ἀθήναις,
378 3765 693 3837 κολεμῶντοίςτυράν-
746 3780 774 3826 et
791 3773 982 3838 Wyttenbecb.
1010 3770 1046 3821 sd
1073 3768 1213 3821 Plutarch.
1232 3769 1289 3817 Vit.

148 3862 215 3904 νοις.
235 3846 382 3912 ‘l'ernplum
392 3844 594 3905 exstruendum,
607 3845 693 3895 siHe·
745 3844 803 3895 dec.
827 3850 941 3894 oratori.
957 3844 989 3893 Τ.
1008 3842 1045 3891 II.
1059 3855 1121 3905 pag.
1136 3838 1187 3889 835
1200 3854 1221 3889 s.
1236 3837 1285 3888 351

147 3918 272 3968 rodotum
288 3930 383 3981 presse
393 3914 471 3978 sequi
481 3913 559 3976 velis,
569 3912 694 3964 Alcmae-
745 3913 787 3963 ed.
795 3913 935 3978 Wyttenb.
952 3914 1049 3963 inVar.
1059 3911 1160 3969 Lecti..
1176 3907 1289 3958 Schnei-

147 3987 310 4037 onidcetnm
320 3984 589 4047 demumsuscapisse
596 3988 694 4048 puten-
744 3984 800 4033 der.
814 3982 849 4033 ed
859 3983 1040 4047 Theophrast.
1051 3982 1094 4029 De
1106 3977 1209 4043 lepidd.
1225 3992 1288 4040 pag.

147 4057 174 4107 di
183 4061 279 4109 eruut.
296 4071 359 4105 eum
374 4052 534 4118 Hipparcho
547 4052 693 4104 interiecto
744 4046 1221 4117 543seq.“Ach1eopbrestiverba
1235 4043 1289 4109 (lie

148 4127 176 4191 (i.
189 4143 213 4177 e.
226 4140 303 4176 anno
314 4125 369 4175 514
381 4126 445 4173 ante
455 4121 518 4174 Chr.
531 4120 571 4187 n.)
587 4129 614 4174 et
625 4124 694 4187 Hip·
743 4121 829 4185 lapid.
851 4137 912 4185 peg.
929 4119 991 4180 250)
1016 4120 1056 4167 ita
1075 4114 1165 4166 reddit
1184 4114 1289 4164 Plinius

148 4197 208 4260 pice
230 4193 382 4260 tyrannide
406 4193 612 4258 ingravescente
636 4192 695 4243 cla·
743 4192 779 4240 Η.
789 4190 1004 4250 Ν.ΧΧΧ1Ἰ,17,
1015 4188 1062 4238 28:
1080 4185 1181 4248 „Pario
1192 4182 1287 4233 similis

149 4265 205 4316 dem
219 4266 254 4315 ed
271 4261 449 4329 Lipaydrium
461 4264 646 4327 accepissent:
666 4261 694 4311 id
745 4260 916 4323 oendorelet
939 4257 1055 4318 duritie,
1081 4255 1171 4305 minus
1198 4260 1289 4305 tamen

151 4335 219 4400 qnod
231 4337 308 4386 circe
319 4332 480 4382 aannm512
493 4332 628 4383 cecidisse
639 4332 695 4381 exi·
744 4329 934 4393 ponderosas,
963 4327 1009 4393 qai
1031 4342 1111 4391 porus
1135 4325 1286 4376 vocetur.“

152 4406 243 4466 ntimo,
258 4405 285 4454 si
298 4401 409 4468 quidem
424 4417 496 4452 enno
508 4403 560 4453 510
575 4401 694 4466 Hippias
745 4402 826 4450 Hune
837 4398 964 4464 lepidem‚
979 4412 1114 4448 mer-more
1129 4394 1237 4461 quidem
1252 4394 1289 4444 le-

152 4474 263 4527 Atbenis
279 4472 377 4526 cessit.
395 4471 494 4538 Itaque
507 4471 695 4523 intruendam
745 4469 858 4536 viorem,
871 4468 919 4522 sed
928 4467 1009 4520 valde
1022 4469 1133 4519 demum
1147 4479 1180 4517 ec
1193 4465 1289 4515 durum
