3100 5175
275 390 338 454 492
708 391 977 454 HERODO'PI

275 568 332 639 aet
344 565 494 647 τούτοισί
510 587 550 636 σε
568 562 636 653 &sci
649 566 830 653 δωρέομαι·
860 563 951 661 αὐτῷ
970 562 1002 635 δ’
1021 566 1092 653 έμολ
1106 560 1173 634 cisi
1185 560 1417 653 ἀνδραπόδων

229 678 311 741 ἣτε
327 673 383 741 καλ
397 666 735 758 γεωπσδίωνᾶρκέων
748 670 817 739 ἐστὶ
832 677 914 758 βίος.
947 666 982 738 Ὁ
996 670 1059 756 μὲν
1073 673 1177 737 ταῦτα
1191 674 1303 755 ἔλεγε·
1327 668 1413 755 Ξέρ-

277 778 333 862 ξης
347 774 385 844 δὲ
396 771 514 863 ἡσθεὶς
527 788 612 843 cotos
627 763 831 862 εἰρημένοισι
846 770 935 842 elue·
963 776 1062 850 Ξείνε
1076 771 1185 855 Λυδὲ,
1202 769 1270 859 ἐμοὶ
1290 773 1415 840 ἐπείτε

275 882 418 967 ἐξῆλθον
436 876 498 967 τὴν
514 882 662 965 Περσίδα
681 876 811 965 χώρην,
831 873 948 946 οὐδσνλ
970 872 1069 965 νἰνδρὶ
1095 877 1255 962 συνέμιξα
1276 878 1311 955 ἐς
1324 873 1415 957 τόδε,

275 976 368 1061 ὅστις
389 978 535 1070 ἠθέλησε
555 985 662 1065 ξείνια
691 990 871 1068 προθεῖναι
893 986 1023 1074 στρατῷ
1046 984 1093 1072 τῷ
1112 981 1197 1071 ἐμῷ,
1211 973 1306 1049 ὀὐδὲ
1325 974 1416 1058 ὅστις

276 1082 411 1171 &bosv
431 1083 494 1173 τὴν
517 1083 601 1173 ἐμὴν
620 1082 802 1167 καταστὰς,
831 1081 1099 1171 αὐτεπάγγελτος
1119 1085 1152 1162 ές
1178 1079 1238 1151 τὸν
1266 1079 1416 1170 πόλεμον

276 1189 356 1275 epol
371 1185 515 1276 ἠθέλησε
530 1189 763 1276 συμβαλέσθαι
778 1186 945 1276 χρήματα,
968 1192 1029 1269 ἔξω
1044 1191 1113 1255 σεῦ.
1146 1183 1190 1254 σύ
1205 1185 1241 1254 δὲ
1256 1187 1314 1253 καί
1330 1189 1413 1267 ἐξελ·

278 1315 372 1371 νισας
386 1290 537 1378 μεγάλως
557 1287 698 1377 στρατὸν
719 1288 780 1361 τὸν
801 1288 897 1379 ἐμὸν,
919 1292 975 1361 καλ
994 1289 1143 1378 χρήματα
1164 1288 1294 1377 μεγάλα
1309 1292 1413 1375 ἐισαγ-

276 1396 421 1483 νέλλιαι.
454 1396 506 1465 ool
524 1384 572 1463 ω’ν
593 1391 749 1482 {ysidori
763 1391 878 1464 αὐτῶν
892 1396 990 1482 μέρεα
1004 1392 1116 1463 τοιάδε
1131 1397 1273 1481 δίδωμι·
1302 1393 1415 1474 ξεῖνόν

277 1500 316 1567 τέ
335 1521 372 1567 σε
394 1502 551 1585 ποιεῦμαι
575 1496 671 1586 έμδν,
692 1499 748 1567 καὶ
769 1497 827 1579 τὰς
846 1504 1061 1585 τετρακοσίας
1081 1496 1246 1585 μυριάδας
1268 1523 1321 1565 τοι
1346 1502 1414 1567 των

279 1667 328 1737 (cl.
341 1670 368 1731 Ι,
380 1667 425 1734 03)
442 1673 471 1720 et
482 1672 588 1736 argenti
602 1669 647 1734 (cl.
665 1671 703 1729 V,
716 1667 761 1733 40)
779 1669 818 1718 ie·
867 1671 997 1722 alimonia
1014 1669 1047 1722 de
1066 1668 1118 1719 bec
1133 1684 1214 1729 voce,
1237 1684 1292 1735 qua
1309 1671 1413 1732 ίινιὼιτ,

278 1740 436 1790 racisslmne
447 1756 483 1791 sc
494 1741 651 1791 divitiorum
663 1741 756 1790 Croesi
769 1738 818 1805 (ci.
868 1757 932 1806 αμαν
953 1748 1040 1804 septae
1059 1739 1210 1801 indicatur,
1235 1739 1363 1791 afferens.
1379 1770 1414 1780 -

278 1808 306 1867 1,
321 1807 364 1861 30.
379 1808 413 1861 50
427 1809 508 1874 etc),
530 1826 599 1876 quas
611 1809 653 1861 rel
669 1812 696 1861 in
710 1824 820 1875 prover·
868 1812 955 1862 Usum
975 1809 1186 1876 praepositionis
1207 1799 1267 1858 cino
1289 1811 1319 1860 in
1339 1810 1413 1861 bisce

278 1878 351 1928 bium
363 1878 465 1930 obiisse
479 1885 603 1930 constet:
628 1880 696 1930 adeo
709 1884 740 1929 ut
751 1878 819 1928 haec
869 1883 951 1948 attigi
964 1881 999 1931 ad
1012 1882 1061 1943 lv,
1074 1880 1117 1931 22.

278 1948 370 2001 omniu
388 1950 412 1999 si
433 1948 625 2013 respiciemus,
651 1948 722 1999 haud
746 1963 819 1998 vana

277 2018 404 2067 videatur
421 2020 541 2083 suspicio
560 2019 690 2071 Urlichsii
707 2018 818 2077 aevu,
1044 2050 1101 2102 cn
1130 2050 1220 2101 xm

274 2087 444 2152 diprolius,
465 2104 519 2152 qua
537 2088 666 2154 Pythium
683 2088 821 2138 hunccee
1104 2088 1110 2101 ⁶
1198 2086 1230 2099 ‘¹

277 2157 362 2221 stirpe
374 2159 451 2223 regia
465 2157 559 2208 Croesi
579 2173 639 2209 esse
656 2164 819 2224 prognatum
905 2149 1029 2221 ἐξῆλθον
1044 2149 1096 2220 τὴν
1105 2150 1233 2215 Περσίδα
1245 2145 1356 2219 μοίρην]
1373 2157 1414 2206 De

277 2227 480 2288 existimemus,
504 2229 540 2278 sd
564 2244 642 2293 quem
664 2228 777 2277 divitiae
803 2242 820 2276 a
870 2226 1022 2279 accusativi
1032 2241 1082 2279 usu
1091 2223 1302 2277 consulhlattb.
1311 2225 1413 2278 Gr.Gr.

277 2294 378 2347 Oroesc
407 2296 538 2349 collectae
565 2299 623 2349 iure
653 2296 820 2347 hereditario
868 2302 892 2361 ᾖ.
911 2298 962 2348 3λ3
981 2303 1039 2347 not.
1075 2295 1183 2345 Similis
1194 2294 1267 2346 conf.
1281 2295 1337 2356 VI,
1354 2296 1411 2346 134.

276 2366 535 2429 quaeitransierlnt.
567 2367 765 2418 Dehisautem
781 2365 820 2416 sic
870 2368 934 2431 Vll,
948 2367 1008 2417 218.
1035 2363 1077 2414 sd
1092 2359 1227 2428 συνέμιξα
1243 2363 1279 2414 cf.
1296 2369 1366 2415 nott
1379 2364 1413 2415 ed

276 2433 459 2489 adnotaverat
478 2436 690 2487 Valckenarius:
717 2434 821 2498 „Athe-
870 2438 919 2496 Vl,
933 2435 976 2498 23,
991 2434 1065 2486 etad
1078 2431 1178 2496 ξείνια,
1191 2448 1262 2499 quae
1276 2438 1343 2484 sunt
1356 2451 1414 2498 epm

277 2504 320 2553 uis
340 2504 454 2556 florente
469 2521 499 2556 ro
518 2506 628 2571 publica
647 2505 766 2555 ducenta
780 2510 821 2554 ta·
870 2509 911 2557 lac
928 2506 1079 2568 hospitates,
1102 2503 1189 2554 allata
1209 2503 1245 2553 sd
1261 2505 1300 2567 V,
1323 2503 1365 2557 18.
1380 2531 1413 2540 -

276 2573 352 2624 lenta
370 2575 487 2639 pecunia
508 2576 670 2627 censebatur
689 2576 819 2625 maxima:
871 2568 899 2634 ἐς
914 2572 980 2625 τόδε
997 2572 1070 2626 valet
1089 2574 1185 2630 adhue,-
1206 2573 1313 2640 dequo
1337 2574 1413 2640 plum

276 2644 431 2696 ditissimus
443 2648 513 2696 inter
526 2646 707 2696 Athenienses
717 2643 820 2695 Callias
871 2645 967 2697 afferre
982 2660 1036 2695 non
1053 2659 1130 2709 opus.
1144 2672 1179 2682 —
1190 2634 1413 2710 αὐτεπάγγελτος

277 2711 433 2764 διακοσίων
451 2708 597 2764 ταλάντων
617 2705 766 2778 ἐτιμήσατο
782 2719 822 2764 te·
870 2715 959 2766 valet:
979 2719 1046 2764 ultro
1061 2715 1181 2779 offerens.

276 2789 319 2836 ste
331 2785 418 2848 Lysia
434 2785 479 2834 Or.
498 2785 572 2835 XIX.
593 2800 617 2848 p.
636 2784 688 2836 340
709 2781 746 2845 [ς.
763 2781 819 2848 50].
906 2779 1099 2850 συμβαλέσθαι
1110 2778 1252 2849 χρήματα]
1267 2785 1287 2835 i.
1303 2801 1327 2835 e.
1337 2800 1413 2847 pecs·

277 2849 392 2920 Pythius
403 2853 537 2904 Herodoti
551 2853 658 2905 talenta
669 2852 765 2904 habuit
778 2868 822 2903 er·
869 2854 1072 2915 cinewissem,
1090 2854 1215 2914 nituere,
1232 2858 1264 2904 ut
1278 2854 1339 2916 Ill,
1354 2854 1412 2916 135,

275 2925 351 2990 genti
364 2923 417 2973 duo
427 2922 526 2988 millia,
542 2939 709 2976 nummorum
721 2938 821 2973 aureo·
870 2925 918 2975 ubi
934 2924 991 2978 vid.
1012 2929 1083 2975 nott.
1095 2949 1128 2959 -
1146 2926 1178 2974 lu
1195 2925 1319 2988 proxime
1337 2940 1411 2990 seqq.

277 3010 334 3044 rum
349 2995 508 3043 immensam
526 3009 669 3045 summam.
700 2995 819 3043 Tantum
870 3010 930 3044 cum
939 2993 1092 3043 Matthiaeo
1104 2996 1133 3043 et
1145 3009 1215 3043 recc.
1231 2995 1291 3043 cdd.
1304 2994 1413 3044 restitui

276 3065 336 3114 auri
353 3064 459 3114 iecerat
478 3079 509 3113 ex
529 3063 708 3125 aurifodiniu3
728 3067 756 3114 et
768 3076 823 3112 me·
870 3055 1023 3126 ἐξείνισας,
1042 3063 1090 3112 ubi
1102 3062 1266 3114 Schaeierus
1280 3060 1413 3126 ξείνισας,

278 3134 344 3184 talla
356 3138 434 3184 tanto
451 3134 543 3186 studio
560 3133 615 3185 coli
630 3132 718 3184 voluit
735 3149 753 3182 a
766 3146 823 3182 ser·
871 3138 899 3183 et
910 3148 959 3198 pro
976 3125 1084 3181 αὐτέων
1100 3132 1163 3184 dedi
1177 3123 1281 3184 αὖιοίν.
1313 3133 1355 3182 λθ
1368 3150 1413 3182 vu·

276 3205 333 3266 via,
355 3208 386 3253 ut
398 3218 524 3268 agrorum
544 3202 701 3254 necessaria
712 3200 821 3252 cultura
871 3218 929 3254 cem
943 3197 1026 3264 μέρεα
1038 3202 1111 3252 conl.
1128 3202 1207 3253 modo
1222 3203 1276 3266 IV,
1298 3204 1349 3256 143
1364 3204 1412 3253 ibi·

277 3273 475 3336 negligeretur,
499 3274 616 3334 testibus
631 3270 777 3322 Plutarcho
794 3276 822 3320 et
871 3288 924 3339 qne
936 3276 1006 3322 nott,
1019 3271 1082 3332 Vll,
1100 3272 1156 3324 104.
1173 3271 1231 3324 134.

276 3342 432 3405 Polyaen03
456 3343 602 3406 prudentia
620 3345 710 3391 tumen
729 3341 822 3391 uxoris
908 3335 1003 3402 ξεῖνόν
1018 3335 1047 3389 τέ
1062 3354 1092 3391 σε
1107 3337 1242 3404 ποιεῦμαι
1256 3334 1338 3407 έμδν]
1359 3341 1412 3391 Vo-

278 3413 339 3461 euri
351 3411 555 3476 cupidissimum
573 3411 608 3461 ab
621 3411 675 3460 ista
688 3411 743 3460 iarn
757 3415 822 3461 ants
871 3411 961 3462 culam
977 3402 1061 3475 έμδν,
1085 3426 1167 3475 quam
1189 3426 1282 3461 omnes
1301 3415 1412 3461 tuentur

277 3480 566 3535 retrsxeratinsania,
585 3480 822 3545 quamcrenirent
872 3481 935 3531 libri
958 3481 1070 3547 scripti,
1098 3480 1218 3547 expungi
1241 3479 1302 3530 vult
1327 3480 1412 3531 Cobet

277 3550 324 3602 hic
336 3549 477 3601 Herodoto
489 3555 614 3609 narrata3
627 3548 728 3598 ntideo
738 3549 823 3599 Xerxi
873 3552 1053 3615 (Mnemosyn.
1066 3550 1113 3600 VI.
1126 3567 1152 3614 p.
1163 3551 1227 3614 395)
1242 3550 1357 3601 similem
1369 3566 1411 3600 ex·

277 3621 368 3671 dicere
385 3621 519 3684 potuerit:
549 3612 628 3684 αὐτῷ
647 3610 680 3665 δέ
696 3631 744 3676 μοι
762 3609 822 3666 ἀπὸ
872 3623 962 3670 citans
980 3618 1070 3670 locum
1087 3635 1103 3669 s
1119 3619 1293 3685 Xenophont.
1305 3620 1411 3671 Hellen.

279 3683 474 3751 ἀνδραπόδων
488 3700 517 3736 τε
536 3682 583 3736 καλ
596 3683 758 3749 μεωτιεδίων
770 3676 822 3748 ἄρ·
872 3690 920 3751 IV,
934 3689 1007 3750 1,39
1022 3687 1117 3754 (ξένον
1127 3684 1157 3739 ci
1170 3716 1204 3726 -
1216 3687 1367 3754 ποιοῦμαι)
1385 3695 1412 3740 et

278 3752 351 3808 κέων
374 3749 432 3806 έστλ
451 3753 548 3823 βίος.“
588 3756 620 3806 In
637 3756 735 3821 quibus
752 3756 821 3820 ipsis
871 3759 987 3810 afferens
995 3757 1254 3821 locutionempr'los
1263 3758 1410 3809 ποιεῖσθαι

278 3827 416 3892 (equidem
448 3827 481 3875 ob
508 3824 586 3876 codd.
613 3826 821 3890 auctoritatem)
873 3828 1085 3892 inXencphont.
1103 3829 1350 3893 Anab.V,5,12.
1369 3831 1408 3878 22.

279 3913 339 3946 curn
348 3894 512 3959 Schweigh„
525 3893 622 3954 Gaisi,
630 3894 739 3953 March,
751 3894 822 3946 Bek·
872 3900 905 3960 V,
915 3898 942 3958 0,
952 3899 977 3948 3.
996 3900 1073 3960 Quae
1084 3898 1192 3962 quidem
1204 3915 1245 3949 me
1255 3897 1327 3948 haud
1341 3913 1411 3948 com·

279 3968 344 4016 kero
359 3968 387 4016 et
402 3979 473 4014 recc.
488 3963 549 4014 edd.
567 3964 629 4015 dedi
643 3960 821 4027 yeuusdc'ov3
871 3971 1031 4028 presentet
1040 3966 1164 4017 voculam
1176 3960 1252 4031 ipis,
1264 3983 1334 4033 qnae
1344 3968 1411 4019 sdeo

280 4051 350 4086 unns
374 4033 445 4084 euim
464 4032 601 4084 Sancroiti
622 4032 691 4085 liber
712 4033 822 4085 exhibet
872 4051 935 4086 cnm
949 4038 976 4088 vi
990 4035 1106 4102 quadam
1119 4036 1170 4088 hoc
1185 4036 1245 4089 loco
1258 4037 1355 4088 addita
1371 4038 1410 4086 vi·

278 4097 443 4170 γεωττέδων,
460 4103 531 4169 qnod
546 4103 751 4169 eWcsselingii
765 4103 821 4155 edi·
871 4105 959 4170 detur,
973 4105 1113 4157 abundare
1122 4107 1230 4158 credam
1241 4108 1357 4173 indeque
1367 4108 1410 4158 de·

278 4175 353 4225 tione
364 4172 392 4223 iu
401 4170 472 4223 alias
482 4175 593 4225 transiit
602 4175 748 4236 editiones,
758 4189 818 4225 curu
869 4174 949 4225 leam.
973 4177 1117 4226 Persarum
1130 4192 1208 4243 reges
1223 4176 1267 4228 vel
1282 4192 1343 4227 cnm
1357 4177 1411 4227 sin-

279 4244 353 4309 prius
366 4243 521 4295 mendosum
533 4248 654 4295 exstaret
665 4238 820 4308 γεονιέδων.
871 4245 942 4310 gulis
958 4245 1075 4311 privatis
1097 4245 1267 4309 bominibus,
1288 4246 1323 4296 ad
1344 4261 1409 4311 qnos

279 4311 412 4378 Aeschylo
434 4313 462 4362 in
480 4313 616 4364 Prometh.
635 4314 686 4365 854
710 4307 821 4377 γάπεδα
836 4369 839 4376 ,
872 4315 1053 4376 diverterant,
1067 4314 1216 4380 hospitium
1230 4317 1409 4376 contraxisse,

280 4397 351 4433 nuuc
364 4387 452 4445 recte,
466 4383 577 4448 opinor,
597 4381 823 4433 restituitBlom·
871 4383 951 4448 plura
970 4384 1071 4435 docent
1086 4386 1210 4450 exempla
1234 4401 1252 4435 a
1270 4385 1410 4435 Brissonio

280 4451 366 4518 field,
389 4457 511 4505 veterum
526 4452 765 4518 grammaticorum
781 4456 822 4503 te·
872 4454 914 4506 De
933 4470 989 4520 reg.
1006 4455 1081 4506 Pers.
1099 4455 1186 4521 princ.
1200 4457 1227 4522 1,
1247 4454 1294 4508 101
1315 4453 1409 4507 ollau.
