3100 5175
421 415 788 481 TERPSIOHORE.
813 420 849 482 v.
876 431 1028 489 ras-roo.

1232 425 1294 489 227

155 585 338 677 οὐδετέρην
362 591 513 660 στέλλειν
541 597 642 680 ἔφερε
666 589 688 680 ἡ
717 590 852 683 γνύμη,
886 598 924 665 ἐν
950 598 1047 689 Λέρῳ
1075 599 1113 667 δὲ
1139 604 1180 688 τῇ
1202 600 1293 695 νήσῳ

154 708 259 780 τεῖχος
288 694 598 782 οἰκοδομησάμενον
626 692 769 785 ἡσυχίην
795 696 907 786 ἄγειν,
940 694 983 788 ἢν
1011 705 1134 789 ἐκπίση
1166 706 1203 771 ἐκ
1236 710 1294 793 τῆς

154 795 326 883 Μιλήτου·
368 803 481 866 ἔπειτα
509 797 547 866 δὲ
574 801 610 867 ἐκ
638 799 760 887 ταύτης
789 797 1003 891 ὁρμειόμενον
1030 805 1292 876 κατελεύσεσθαι

153 903 186 980 ἐς
215 899 279 988 τὴν
314 907 480 988 Μίλητον.
529 907 635 971 ταῦτα
667 903 730 989 μὲν
770 903 813 992 δὴ
849 902 1018 988 Ἑκαταῖος
1052 910 1289 997 συνεβούλευε.

154 999 254 1096 Αὐτῷ
282 1004 320 1071 δὲ·
343 1001 561 1093 Ἀρισταγόρῃ
587 1002 608 1093 ἡ
636 1013 773 1095 πλείστη
804 1009 920 1098 γνύμη
948 1000 990 1098 ἦν
1016 1014 1050 1090 ἐς
1068 1010 1132 1101 τὴν
1150 1012 1359 1099 Μύρα-120

152 1133 212 1174 νον
244 1102 400 1193 ύπύγειν.
439 1105 502 1194 τὴν
530 1109 592 1195 μὲν
625 1105 668 1197 δὴ
696 1117 853 1199 Μίλητον
886 1116 1056 1201 ἐπιτρέπει
1088 1117 1288 1205 Πυθαγόρη,

150 1205 251 1294 ivoni
278 1216 348 1279 reio
374 1207 486 1279 ἀστῶν
506 1216 649 1305 δοκίμῳ·
687 1210 788 1293 αύτός
810 1215 847 1285 δὲ
871 1216 1077 1305 παραλαβών
1103 1219 1212 1289 πάντα
1230 1218 1290 1291 τὸν

149 1311 361 1400 βουλόμενον
383 1320 481 1381 ἔπλεε
506 1316 540 1393 ἐς
561 1313 623 1404 τὴν
644 1323 796 1405 Θρηίκην
816 1321 873 1388 καὶ
897 1327 971 1408 ἔσχε
991 1320 1054 1410 την
1073 1323 1204 1411 χώρην,
1232 1321 1290 1393 ἐπ’

149 1411 194 1504 ἣν
217 1416 349 1505 ἐστάλη.
390 1420 426 1485 ἐκ
454 1416 492 1485 δὲ
511 1417 633 1505 ταύτης
655 1416 867 1510 ὁρμειύμενος
893 1419 1076 1493 ἀπόλλυται
1096 1422 1164 1495 ύπὸ
1184 1434 1287 1515 Θρηΐ-

149 1546 222 1588 κων
237 1516 338 1599 αύτός
352 1545 387 1588 τε
408 1516 426 1589 ὁ
444 1516 678 1612 Ἀρισταγόρης
696 1527 751 1593 καὶ
772 1521 790 1593 ὁ
811 1524 950 1614 στρατὸς
966 1524 1088 1614 αύτού,
1108 1529 1207 1598 πόλιν
1227 1555 1286 1599 πε-

147 1682 186 1732 ad
203 1678 338 1746 στέλλειν,
357 1685 390 1735 de
407 1685 487 1736 cuius
503 1687 579 1736 verbi
601 1669 653 1737 usu
667 1692 695 1738 et

147 1751 350 1816 significatione
362 1753 416 1804 vid.
429 1754 488 1820 III,
505 1757 562 1806 141.
578 1757 627 1817 IV,
644 1757 692 1808 147

148 1831 177 1872 et
195 1822 245 1872 148
260 1824 355 1888 ibique
367 1823 458 1875 Iaudd.
487 1828 579 1889 τεῖχος
593 1835 636 1876 est
648 1842 693 1875 ca-

146 1894 258 1954 stellam,
279 1910 347 1954 arx,
373 1901 404 1944 ut
421 1893 473 1957 IV,
491 1895 534 1945 40.
553 1897 602 1947 124
619 1895 693 1945 aliis-

148 1977 202 2025 que
222 1962 290 2012 Iocis
310 1963 344 2012 ad
360 1962 480 2026 V11‚59
497 1963 600 2015 allatis.
631 1966 692 2015 Hoc

147 2046 213 2081 vero
227 2033 335 2097 τεῖχος,
355 2033 433 2084 modo
451 2039 619 2084 exstructum
636 2050 692 2084 om-

147 2101 213 2151 nino
228 2101 328 2164 fuerit,
341 2103 376 2152 ad
388 2108 495 2168 portum
507 2105 589 2154 situm
605 2104 692 2155 fuisse

146 2170 292 2220 contendit
305 2172 337 2220 L.
354 2172 435 2223 Roas.
450 2171 467 2222 I.
481 2188 543 2222 mox
557 2173 591 2236 1.,
608 2190 693 2239 qnon-

147 2242 201 2289 iam
214 2256 287 2305 quae
305 2241 393 2292 adhuc
412 2247 536 2303 exstant,
560 2248 691 2309 antiquae

146 2310 222 2360 urbia
236 2310 337 2360 rudera
355 2312 451 2377 (prope
464 2315 601 2362 recentius
616 2314 692 2378 oppi-

147 2380 225 2444 dum,
238 2381 283 2430 oui
296 2395 393 2430 nomen
406 2381 549 2444 Parnoi),
564 2384 632 2431 natis
645 2384 692 2433 do·

147 2454 218 2512 aeut,
233 2448 305 2499 haue
315 2451 407 2501 urbem
418 2451 482 2500 olim
491 2453 623 2501 munitam
636 2467 691 2499 non

147 2519 242 2569 inisse.
272 2519 353 2568 Leros
367 2521 457 2569 insuia
470 2535 554 2585 parva
568 2520 691 2584 eSpora·

146 2588 226 2640 dIbus
249 2589 284 2638 ad
304 2591 525 2655 septemtrionem
541 2590 690 2653 Calymuac

145 2664 229 2723 atque
243 2659 309 2721 Coi,
328 2674 346 2708 a
359 2658 450 2709 Mileti
469 2658 589 2722 colonis,
608 2665 639 2708 ut
653 2660 691 2707 vi-

146 2727 239 2791 detur,
266 2729 341 2777 culta
359 2733 386 2778 et
398 2729 487 2779 Mileti
510 2727 609 2778 ditioni
627 2729 689 2778 hino

144 2798 249 2847 addita.
263 2799 342 2848 Nunc
354 2812 461 2862 quoque
470 2799 495 2848 ei
506 2813 602 2848 nomen
610 2800 688 2849 Lero.

146 2867 187 2916 Tu
202 2868 259 2917 vid.
272 2867 447 2917 strabulv.
462 2867 549 2933 po3o
563 2882 585 2917 s.
594 2868 643 2919 041
653 2868 688 2916 D.

143 2936 293 3001 Forbiger:
311 2936 422 2987 Haudb.
437 2936 462 2987 d.
479 2937 527 2988 ait.
539 2937 637 3001 Geogr.
650 2938 689 2989 II.

144 3022 171 3071 p.
191 3006 260 3070 238,
276 3008 413 3057 Mannert.
433 3007 488 3070 VI,
501 3008 527 3061 3.
548 3023 609 3072 pag.
627 3006 687 3066 240,

143 3077 234 3141 etqui
250 3081 382 3127 accurate
396 3076 430 3126 de
446 3076 498 3126 hae
514 3076 603 3127 insula
618 3084 689 3126 retu·

143 3146 190 3208 Iit,
214 3147 300 3196 Rosa:
314 3147 414 3196 Reiseu
426 3146 477 3197 auf
486 3147 513 3197 d.
523 3145 631 3199 Grieeh.
644 3147 689 3196 In·

144 3216 203 3266 sela
224 3215 262 3264 Il.
282 3232 308 3280 p.
330 3216 379 3267 110
399 3231 474 3281 seqq.
510 3216 602 3281 Atque
616 3215 688 3266 idem

144 3287 187 3335 vir
204 3285 303 3336 doctus
322 3286 352 3335 in
366 3286 472 3336 Fascio.
487 3286 523 3335 II.
545 3285 689 3349 Inscriptt.

143 3355 259 3406 Graeco.
271 3354 363 3406 insdd.
375 3371 415 3404 nr.
429 3354 479 3406 188
488 3354 540 3405 huc
552 3355 637 3406 refert
649 3356 690 3404 in·

142 3426 320 3490 scriptionem
337 3426 505 3487 mutilatam,
526 3441 580 3490 qua
601 3425 689 3475 conti·

144 3497 202 3545 ueri
213 3494 273 3544 vuit
285 3496 424 3545 decretum
439 3493 625 3545 oleruohorum
637 3495 688 3544 Mi-

142 3564 273 3615 lesiorum
293 3567 323 3613 in
341 3564 470 3615 honorem
488 3565 624 3616 Hecataei
638 3565 690 3613 Mi·

143 3634 217 3685 Issii:
250 3635 381 3684 dubitant
405 3639 497 3685 tamen
514 3634 625 3685 Curtius
648 3632 689 3698 (iu

142 3706 199 3755 Ien.
218 3705 290 3758 Litt.
309 3704 379 3757 Zeit.
399 3704 475 3757 1843.
491 3721 531 3755 nr.
550 3703 608 3756 100.
623 3718 685 3769 pag.

143 3775 206 3838 448)
232 3778 262 3825 et
285 3773 388 3824 Herold
415 3772 455 3838 (in
475 3774 604 3824 Miiuchn.
628 3773 686 3824 Get.

142 3848 228 3895 Auta.
242 3843 321 3896 1843.
335 3859 398 3908 pag.
407 3845 459 3895 238
469 3843 574 3910 seqq),
590 3844 689 3908 quibus

143 3913 210 3964 haec
230 3914 383 3979 ,inscriptio
409 3915 443 3965 ad
464 3918 587 3979 tempora
611 3913 689 3979 Ionge

143 3985 299 4048 posteriora
312 3984 449 4050 pertinere
465 3984 582 4035 videtur.

313 4156 380 4206 Can.
399 4156 520 4208 CXXVI.

171 4251 189 4326 ἡ
199 4258 319 4325 πλείστη
329 4253 428 4325 γνύμη
439 4248 486 4326 ἦν]
500 4260 517 4308 ἰ.
524 4274 546 4310 e.
554 4258 690 4323 Aristapo-

145 4347 190 4383 rae
204 4335 331 4383 sententia
348 4333 376 4382 id
390 4333 540 4394 polinianen
549 4331 689 4393 spectabat,

145 4416 174 4451 ιο
186 4404 295 4452 maxime
309 4402 458 4452 inclinabat.
482 4402 526 4450 Ita
536 4398 688 4463 Schweigh.

146 4472 173 4521 iu
186 4473 254 4524 Lex.
272 4471 379 4523 Herod.
396 4472 485 4522 citans
502 4470 532 4531 1,
549 4469 606 4520 120.
627 4469 690 4534 VII,

744 1689 806 1740 220.
822 1689 904 1752 VIII,
921 1690 979 1745 100.
1014 1691 1057 1742 Ad
1074 1682 1196 1757 οἶπύγειν
1211 1692 1290 1746 iutel-

744 1758 790 1824 lig.
806 1751 857 1808 τὸν
874 1754 995 1824 στρατὸν
1007 1776 1029 1811 s.
1040 1754 1108 1820 τούς
1118 1755 1290 1826 συστρατιώ-

743 1844 803 1885 τας.

785 1893 839 1961 τὴν
859 1889 911 1962 μὲν
932 1889 970 1963 δὴ
989 1897 1122 1963 Μίλητον
1146 1891 1288 1962 ἐπιτρέπει

744 1964 918 2033 Πυθαγόρη]
931 1968 973 2018 Ad
984 1968 1054 2018 huno
1065 1969 1238 2035 Pythagoran
1247 1986 1288 2020 rs·

743 2036 835 2086 ierunt
854 2052 965 2087 numum
978 2037 1109 2089 Doricum
1124 2040 1152 2089 iu
1169 2040 1231 2105 ipsa
1245 2041 1288 2090 Io·

742 2108 789 2156 uia
802 2122 895 2157 cusum
908 2122 968 2157 eum
982 2108 1091 2157 nominc
1103 2109 1287 2175 Pythagorae,

742 2175 820 2226 ducis
841 2177 937 2230 ronam
957 2183 1054 2227 contra
1073 2180 1173 2228 Persas
1193 2170 1296 2230 foede-¹

742 2253 872 2298 ratorurn.
911 2247 974 2296 Vid.
998 2246 1108 2301 Annali.
1137 2249 1285 2299 Viennena.

742 2315 830 2367 LXII.
846 2330 907 2380 pag.
922 2317 966 2366 04.

786 2378 869 2431 πόλιν
893 2372 1128 2447 περικατήμενος]
1163 2373 1285 2444 ,,Ἐννία

741 2441 845 2512 ὁδούς,
867 2450 959 2500 Novem
975 2452 1047 2512 vias,
1071 2452 1099 2500 iu
1117 2467 1231 2516 quarum
1244 2454 1285 2501 ri-

740 2521 814 2569 cinia
837 2520 935 2569 deinde
956 2520 1125 2585 Amphipolis
1149 2522 1185 2572 ab
1204 2520 1287 2571 Athe·

740 2589 881 2640 niensibus
891 2590 1005 2639 oondIta
1018 2597 1045 2640 et
1055 2592 1162 2640 XXXII
1177 2592 1285 2657 quidem

740 2661 821 2708 aunis
833 2660 1079 2724 postriristagorae
1088 2659 1202 2723 cladem,
1211 2677 1287 2725 egre-

739 2729 785 2795 gio
796 2735 909 2779 auctore
919 2728 1043 2792 Thucyd.
1058 2728 1105 2793 IV,
1122 2730 1180 2780 102.
1211 2731 1285 2779 Atti-

740 2813 790 2848 oae
801 2797 931 2862 Oyiouiae
944 2803 1051 2862 tempus
1063 2798 1091 2847 iu
1103 2797 1146 2850 01.
1156 2798 1284 2851 LXXVII

739 2872 788 2917 aut
802 2869 939 2933 sequentis
952 2868 1060 2917 initium
1072 2868 1201 2930 incurrit,
1220 2867 1285 2918 hinc

738 2937 916 3001 Aristagorae
937 2945 965 2986 et
984 2939 1114 2987 comitum
1130 2942 1237 3002 strages
1257 2938 1285 2987 in

740 3006 784 3056 01.
798 3007 882 3056 Lxx.
917 3005 996 3056 Conf.
1017 3006 1100 3055 Diod.
1116 3005 1171 3055 XII
1179 3043 1185 3067 ,
1204 3006 1238 3055 68
1257 3011 1285 3056 et

740 3076 846 3128 CorsIu.
866 3077 945 3128 Fast.
963 3077 1022 3125 Att.
1040 3091 1066 3139 p.
1086 3075 1142 3126 184.
1158 3075 1282 3126 T.111.¹‘

745 3147 941 3208 Wesseiinp.
975 3144 1129 3196 harcherus
1144 3144 1196 3194 hoc
1212 3150 1286 3196 retu-

739 3216 772 3266 lit
788 3214 824 3264 ad
839 3230 902 3264 anu.
912 3214 964 3265 408
978 3228 1004 3265 a.
1017 3214 1080 3265 Chr.
1095 3230 1121 3264 u.
1135 3230 1157 3264 ε.
1174 3213 1282 3280 Olymp.

739 3285 823 3347 LXX,
833 3284 859 3345 3,
870 3285 952 3349 idque
967 3290 1050 3341 recte.
1058 3289 1090 3334 ut
1098 3284 1163 3333 mihi
1175 3285 1283 3349 quidem

739 3354 862 3406 εἰδείητε
895 3369 984 3419 περιτο
1009 3354 1154 3405 admodum
1178 3354 1241 3405 iude
1264 3355 1284 3403 ii

741 3424 923 3487 dissentiunt,
941 3424 989 3490 qui
1000 3424 1045 3476 vel
1059 3440 1159 3474 anuum
1175 3424 1226 3475 407
1242 3422 1285 3488 (ut

740 3494 949 3544 Weissenborn:
966 3493 1062 3546 Helias
1075 3509 1136 3559 pag.
1152 3494 1208 3544 127.
1224 3492 1285 3557 130)

739 3563 783 3613 τε1
798 3579 897 3613 annum
908 3563 960 3615 400
971 3571 1092 3628 ponunt3
1110 3563 1190 3613 modo
1205 3578 1239 3613 ne
1249 3565 1284 3613 ad

740 3649 841 3684 aunum
859 3633 907 3684 501
929 3634 1097 3698 regredIaris
1117 3648 1176 3683 cum
1194 3633 1285 3683 Corsi-

741 3705 786 3754 nio
809 3709 857 3753 aut
877 3703 912 3752 ad
936 3718 1038 3753 anuum
1058 3702 1110 3754 406
1132 3702 1284 3753 descendas

740 3790 801 3824 cnm
824 3774 960 3824 Clintono.
994 3773 1058 3824 Vid.
1076 3772 1283 3824 Weissenborn.

740 3843 758 3892 I.
773 3843 791 3892 1.
813 3849 840 3893 et
859 3843 896 3895 cf.
917 3844 999 3892 etiam
1018 3842 1143 3892 Kleinert
1161 3843 1203 3891 in:
1223 3843 1285 3892 Bei-

740 3917 819 3978 triige
831 3929 863 3963 zu
876 3912 928 3962 den
940 3911 1059 3976 theolog.
1071 3910 1283 3963 Wissenschait.

739 3998 794 4033 von
807 3984 922 4046 Dorpat.
935 3981 972 4031 II.
989 3996 1051 4046 pag.
1065 3979 1114 4031 108
1128 3996 1204 4044 seqq.
1229 3980 1285 4029 He-

739 4051 837 4101 rodoto
851 4051 939 4101 Iocum
951 4051 1023 4100 huno
1042 4051 1183 4114 cognitum
1196 4049 1284 4098 fuisse

740 4120 855 4185 colligas
870 4136 903 4170 ex
916 4119 980 4182 VII,
998 4119 1061 4179 114,
1076 4119 1123 4182 qui
1138 4117 1208 4182 quod
1221 4118 1284 4167 Am-

740 4188 862 4256 phipolin
878 4204 933 4238 uon
945 4190 1066 4249 vocarit,
1084 4188 1112 4237 id
1125 4187 1187 4237 iude
1200 4186 1284 4251 expli·

741 4259 872 4323 candum,
888 4259 959 4323 quod
971 4258 1070 4308 haecce
1085 4257 1151 4309 urbs
1166 4256 1285 4307 celeber-

740 4331 812 4380 rima
836 4344 909 4378 anno
928 4328 979 4379 437
1002 4342 1027 4379 a.
1046 4326 1108 4377 Chr.
1130 4341 1157 4376 n.
1176 4326 1283 4376 demum

741 4404 882 4451 exstructa
899 4403 955 4450 est:
984 4413 1038 4462 quo
1059 4402 1180 4462 tempore
1198 4397 1284 4447 Hero-

741 4469 823 4522 dotus
843 4468 960 4521 (irascit
982 4467 1078 4519 relicta
1095 4466 1206 4518 Thuriis
1228 4467 1282 4516 iam

1019 4549 1084 4612 15*
