3100 5175
199 464 208 489 ⁸
290 402 353 466 80⁰
700 400 1007 466 EXOURSUSI

288 578 366 630 δυεῖν
383 572 413 631 δὲ
427 578 483 631 τῶν
498 578 604 631 λοιπῶν
619 575 767 655 Γελέοντας
781 575 830 647 μὲν
845 572 911 640 τούς
926 570 1074 647 γεωργοὺς,
1089 574 1243 646 Αἰγικορεῖς
1253 572 1286 629 δὲ
1300 570 1368 637 todo
1382 570 1424 629 ἐπὶ

287 668 386 731 νομαῖς
400 661 448 716 καλ
467 663 643 734 προβατείαις
657 665 857 737 διατρίβοντας.
889 664 1000 726 Quibus
1018 663 1137 732 denique
1152 661 1297 715 adiicimhs
1311 661 1426 713 Strabo·

289 767 349 801 uem
367 748 483 816 v111,7,
503 752 514 801 l
532 748 592 801 sive
614 766 677 818 pag.
693 753 744 804 383
761 751 828 802 haec
854 749 1050 818 proferentem:
1067 742 1082 802 ὁ
1101 743 1131 800 di·
1149 754 1203 819 (sc.
1226 748 1294 813 lon)
1314 749 1426 815 πρῶτον

288 830 337 903 μὶν
354 830 391 894 εἰς
411 828 544 900 errorique
564 829 656 901 φυλὰς
674 835 757 889 διεῖλε
775 830 807 888 τὸ
829 835 947 904 πλῆθος,
966 829 1026 887 εἶτα
1047 831 1085 894 εἰς
1103 828 1236 900 τεοαοὶρος
1250 834 1341 904 βίους
1361 824 1428 893 τοὶς

288 915 337 987 μὲν
357 913 408 987 γὰρ
426 914 564 987 γεωργοὺς
578 912 712 991 ἀπέδειξε,
726 913 792 982 τοὺς
807 917 837 973 δὲ
850 913 1044 989 δημιουργοὺς,
1059 913 1124 980 τούς
1142 915 1173 972 δὲ
1189 913 1368 985 ἱεροποιοὺς,
1386 936 1428 971 τε·

288 999 404 1073 τάρτους
423 1000 454 1056 δὲ
477 997 542 1065 τούς
561 1000 696 1072 φύλακας.
715 1007 831 1059 τοιαῦτα
855 1001 885 1058 δὲ
903 1007 986 1065 πλείω
1003 998 1137 1071 διατάξας
1157 998 1210 1072 τὴν
1236 998 1331 1073 χώραν
1357 998 1428 1056 ἔπιτ’·

289 1108 378 1159 νυμον
394 1082 494 1143 ἑαυτοῦ
509 1087 644 1143 κατέλιπε.

374 1175 454 1237 Quae
476 1173 537 1243 ipsa
557 1182 679 1228 veterum
701 1175 856 1228 testimonia
881 1174 907 1226 id
930 1175 998 1226 satis
1027 1175 1171 1243 evincunt,
1199 1174 1266 1226 haec
1291 1180 1430 1243 quattuor

290 1261 410 1312 tribuum
425 1259 534 1311 nomina
548 1260 581 1310 ab
597 1260 673 1313 lonis
685 1260 749 1313 filiis
761 1262 880 1330 repetita
890 1260 924 1312 ud
938 1260 1048 1312 diversa
1063 1260 1246 1328 rituegenera
1262 1267 1291 1311 et
1307 1276 1429 1327 occupa-

289 1346 381 1396 tiones
392 1351 543 1413 spectasse,
561 1344 662 1416 quibus
679 1362 805 1415 quaeque
820 1345 910 1397 trihus
922 1345 1007 1397 fuerit
1021 1345 1122 1412 dedita,
1137 1346 1310 1414 Atticumque
1329 1344 1428 1395 cirita-

289 1439 343 1497 tem
368 1429 433 1481 inde
454 1428 517 1481 olim
537 1429 565 1481 in
588 1438 720 1498 quattuor
742 1430 833 1482 tribus
852 1448 915 1483 esse
935 1429 1049 1482 divisam
1066 1430 1216 1482 secundum
1230 1431 1305 1482 vitae
1323 1447 1429 1497 genus,

290 1515 364 1586 quod
378 1514 482 1582 singuli
497 1514 620 1567 homines
635 1521 821 1587 sequerentur
835 1532 851 1567 a
866 1516 1015 1568 maioribus
1030 1516 1170 1567 traditum.
1183 1516 1247 1578 Qua
1268 1515 1296 1568 in
1311 1533 1344 1567 re
1362 1513 1429 1565 illud

289 1608 353 1653 ante
369 1598 457 1651 omnia
476 1600 566 1652 teneri
583 1598 717 1667 volumus,
733 1606 865 1672 quattuor
878 1601 969 1653 tribus
990 1618 1045 1653 non
1066 1600 1181 1652 Athenis
1197 1608 1313 1667 tantum,
1331 1616 1431 1652 verum

289 1686 351 1737 aliis
371 1701 482 1754 quoque
504 1685 532 1738 in
550 1685 653 1738 Ionicis
676 1685 836 1739 civitatibus
852 1685 984 1755 reperiri,
1009 1685 1076 1738 adeo
1094 1693 1124 1738 ut
1139 1686 1205 1737 haec
1225 1685 1328 1737 divisio
1349 1685 1430 1753 genti

290 1770 400 1823 lonicae
423 1770 571 1823 communis
595 1778 623 1823 et
643 1770 756 1841 propria
774 1770 862 1823 luisse
882 1771 1024 1841 rideatur,
1045 1771 1268 1840 quemadmodum
1290 1769 1430 1839 triplicem

290 1855 431 1923 phylarum
445 1854 605 1908 divisionem
620 1856 692 1925 apud
707 1856 823 1908 Doricus
846 1856 971 1908 ciuitates
987 1855 1142 1908 obtinuisse
1158 1855 1313 1924 accepimus
1324 1855 1369 1925 *):
1384 1872 1429 1906 ac-

289 1941 370 2007 cedit,
388 1939 462 2009 quod
479 1938 549 2010 ipsis
561 1941 677 1993 Athenis
692 1940 755 1993 inde
773 1942 808 1993 ab
833 1940 1032 2011 antiquissimis
1051 1941 1220 2010 temporibus
1236 1933 1339 1992 civitas
1355 1958 1430 1991 sem·

290 2044 339 2094 per
355 2026 383 2078 in
401 2035 527 2093 quattuor
541 2032 634 2096 partes
650 2044 674 2078 s.
692 2026 783 2078 tribus
799 2025 888 2078 divisa
902 2026 1035 2093 traditur,
1051 2042 1165 2097 quarum
1182 2025 1292 2078 nomina
1312 2025 1431 2078 diversa

290 2110 408 2162 dirersis
425 2111 477 2163 sub
492 2111 605 2179 regibus
620 2128 652 2163 ac
667 2111 835 2181 temporibus
856 2111 1028 2166 indicantur·
1049 2128 1119 2181 quae
1138 2112 1207 2163 enim
1229 2111 1282 2163 sub
1298 2110 1429 2179 Cecrope

290 2196 460 2260 afferuntur,
489 2188 781 2265 Ἅιιταία,1(ειιροπι’ς,
801 2189 965 2267 Ἀυτόχδων,
982 2197 1117 2266 Παραλίιι,
1134 2197 1185 2247 sub
1203 2197 1314 2247 Cranno
1327 2189 1429 2263 Ἆτδίς,

290 2273 448 2349 Μεσόγαια,
461 2277 1064 2351 Διακρλς,Κραναΐς,ιιιὶιΕιὶοΙιιΙιοιιίοΔιάς,
1076 2274 1274 2359 Ποαειδωνιιές,
1283 2274 1428 2349 Amore,

284 2358 467 2435 Ηφαιοτιοὶς,
493 2366 564 2418 haud
585 2365 909 2435 disceduntaquuttuor
934 2366 1091 2433 tribubus,
1102 2383 1173 2435 quae
1199 2367 1233 2418 ab
1259 2366 1337 2417 lonis
1359 2365 1429 2417 filiis

290 2451 397 2504 nomina
412 2460 579 2519 acceperunt
592 2468 678 2520 snpra
698 2450 833 2503 indicata:
855 2449 1014 2520 Γελέοντες,
1019 2444 1167 2521 Ὅπλητες,
1183 2448 1354 2519 Αἰγικορεῖς,
1371 2444 1428 2516 ’Δρ-

290 2532 448 2605 γαδεῑς.**)
491 2534 583 2605 Atque
600 2537 666 2588 haec
682 2536 759 2589 varia
773 2542 905 2606 quattuor
921 2536 1071 2591 Atticarum
1085 2536 1204 2591 tribuum
1228 2536 1339 2588 uomina
1355 2551 1427 2607 quo-

290 2622 484 2690 modocumque
509 2620 681 2690 explicentur
706 2629 755 2675 aut
778 2623 967 2692 undecumque
993 2629 1157 2692 repetuntur
1184 2622 1274 2692 (qnod
1296 2621 1427 2691 pluribus

289 2707 445 2778 disquirere
459 2707 493 2758 ab
509 2706 629 2760 hocloco
641 2706 759 2760 alienum
771 2725 834 2759 esse
848 2709 940 2776 puto),
955 2707 983 2759 id
994 2708 1058 2760 inde
1069 2707 1240 2759 manifestum
1251 2707 1290 2772 fit,
1308 2706 1426 2758 Atticam

290 2793 427 2845 civitatem
452 2809 559 2861 semper
586 2792 810 2862 quadripartitam
836 2792 925 2845 luisse
949 2792 1133 2864 populumque
1155 2792 1273 2844 Atticum
1300 2791 1365 2843 inde
1390 2793 1426 2842 ab

290 2877 481 2947 antiquissima
511 2882 601 2929 aetate
627 2885 759 2946 quattuor
782 2877 908 2946 partibus
934 2895 958 2929 e.
986 2878 1113 2930 tribubus
1138 2877 1299 2928 constitisse
1334 2893 1426 2946 neque

290 2969 441 3032 „quattuor
466 2962 527 3015 illas
544 2963 634 3015 tribus
659 2982 673 3015 e
694 2962 806 3014 totidem
828 2961 1015 3014 nationibus
1007 2981 1035 3015 ιιι
1058 2933 1139 3015 udum
1155 2961 1306 3030 coaluisse,
1326 2961 1376 3013 sed
1391 2980 1425 3012 ex

291 3048 372 3100 unius
398 3047 490 3114 gentis
510 3055 538 3099 et
559 3047 678 3100 ciuitatis
694 3047 831 3099 divisione
852 3047 929 3099 modo
950 3056 1025 3100 ortas
1049 3051 1121 3100 esse‘
1124 3043 1213 3114 ‘.***)
1237 3047 1317 3109 Quae
1333 3046 1425 3098 tribus

291 3133 364 3185 unde
379 3149 475 3184 nomen
492 3132 635 3200 traxerint,
649 3132 708 3184 sive
724 3150 739 3183 a
755 3132 838 3198 locis,
860 3149 929 3201 quae
948 3134 1104 3198 tenuerint,
1123 3133 1183 3184 sire
1207 3149 1223 3182 a
1237 3132 1424 3200 sacrisque

290 3217 441 3282 coluerint,
462 3216 552 3269 eirea
568 3218 681 3285 regibus
700 3218 886 3286 heroibusque
903 3217 1023 3286 ipsarum
1040 3217 1266 3288 progenitoribus
1285 3217 1335 3286 qui
1351 3217 1423 3268 fere·

290 3303 405 3366 bantur,
423 3301 483 3354 sire
498 3301 618 3371 denique
633 3319 649 3354 a
665 3302 784 3355 dirersis
800 3302 873 3354 ritae
890 3302 1009 3370 negotiis
1026 3320 1096 3373 quae
1112 3302 1310 3368 tractaverint,
1326 3301 1355 3352 id
1373 3302 1423 3353 hoc

290 3388 349 3440 loco
372 3386 444 3437 haud
465 3387 637 3455 quaerimus:
658 3387 805 3440 coniuncta
827 3387 893 3439 haec
915 3387 1003 3439 omnia
1025 3387 1220 3457 quodammodo
1248 3386 1310 3438 olim
1333 3386 1422 3438 fnisse

216 3483 218 3486 ’
290 3472 399 3538 credas,
421 3470 489 3523 adeo
507 3477 538 3523 ut
551 3471 694 3540 imaginem
710 3473 813 3525 sistant
829 3471 949 3524 civitatis
965 3472 1041 3538 eius,
1059 3471 1150 3542 qualis
1164 3489 1214 3542 per
1233 3472 1365 3523 orientem
1381 3472 1421 3522 in·

290 3558 403 3610 venitur
416 3554 507 3608 divisa
518 3573 549 3608 ac
564 3557 704 3625 descripta
717 3576 768 3627 per
779 3565 869 3610 certas
885 3558 1015 3627 quasdam
1037 3557 1142 3610 classes
1158 3557 1218 3624 sire
1234 3564 1336 3622 castas,
1353 3573 1421 3625 quas

291 3644 401 3708 dicunt,
423 3640 658 3714 immutabiles†):
684 3642 710 3694 id
732 3642 825 3712 potius
848 3642 927 3695 nobis
947 3642 1132 3712 quaerendum
1149 3642 1274 3707 videtur,
1297 3641 1372 3710 quod
1389 3639 1420 3691 ad

289 3726 423 3780 Herodoti
440 3727 527 3780 locurn
538 3727 659 3798 pertinet
672 3727 873 3795 illustrandum,
889 3727 985 3799 quales
997 3728 1102 3780 suerint
1113 3733 1245 3797 quattuor
1255 3725 1306 3777 hue
1322 3725 1421 3790 tribus,

294 3860 485 3872 ...—--—

358 3927 392 4031 *ζ
401 3928 462 3981 Vid.
476 3931 545 3981 nott.
558 3927 593 3978 ad
608 3926 739 3979 Heuodot.
753 3928 786 3993 V,
798 3929 841 3980 68.

359 3998 375 4031 *¹
394 3999 481 4064 )Vid.
503 3998 675 4064 potissimum
694 4000 803 4051 Haase:
820 4000 874 4049 Dia
888 3997 1055 4049 Atlrenische
1071 3994 1343 4060 Stammverlassung
1359 3994 1422 4060 (Ah

287 4066 382 4119 haudl
396 4069 422 4122 (1.
441 4068 538 4122 histor.
555 4067 683 4134 philolog.
698 4069 879 4121 Gesellschaft
897 4085 932 4119 un
943 4068 1059 4120 Breslau
1078 4066 1169 4129 1857.)
1183 4066 1207 4116 Ι.
1219 4081 1282 4131 pag.
1294 4064 1330 4115 65
1344 4081 1420 4130 seqq.

287 4137 321 4188 9¹2
336 4154 411 4205 seqq.
424 4138 488 4188 Alia
502 4139 535 4190 de
551 4138 594 4188 his
608 4145 738 4206 quattuor
757 4141 852 4190 Ionum
865 4139 989 4190 tribubus
1008 4139 1189 4190 excitavimus
1209 4136 1239 4186 in
1256 4140 1325 4186 nott.
1340 4135 1375 4185 ad
1387 4135 1421 4194 V,

288 4208 527 4344 6911181811)11δδι1ιιι
547 4283 611 4329 sunt
636 4280 695 4330 Em.
719 4278 804 4329 Heur.
829 4279 886 4328 Ott.
909 4276 1050 4329 Muelleri:
1076 4277 1120 4326 De
1144 4275 1242 4340 priscis
1269 4275 1308 4325 lV
1329 4271 1422 4339 populi

287 4345 461 4400 Atheniense
480 4348 543 4401 trib.
557 4349 662 4414 origiue
682 4347 826 4414 (Morburg
844 4347 921 4411 1849)
940 4363 1002 4413 pag.
1021 4349 1064 4401 41.
1081 4346 1141 4396 ooll.
1154 4363 1179 4411 p.
1194 4348 1303 4411 hsaqq.
1320 4345 1350 4395 lo
1364 4359 1420 4408 seq.

289 4415 321 4466 37
335 4432 392 4552 ⁸eil)¹
404 4418 570 4550 disdlldivit
582 4488 650 4538 haec
663 4487 787 4552 pluribus
800 4487 892 4538 Haase
908 4486 927 4541 l.
941 4486 959 4537 l.
