3100 5175
300 411 340 475 98
736 413 1002 498 rannooo'rr

303 584 464 675 ἐχρέωντο
485 590 666 675 διφθέρῃσι
686 589 819 676 αἰγέῃσί
837 614 871 654 τε
892 589 948 655 καὶ
971 583 1090 675 ὀιέρσι·
1121 592 1168 654 ἔτι
1190 585 1227 653 δὲ
1242 586 1297 654 καὶ
1312 583 1349 652 τὸ
1364 579 1437 652 κατ’

304 687 360 780 ἐμὲ
388 693 503 759 πολλοὶ
531 694 599 758 τῶν
628 690 810 777 βαρβαρων
833 687 866 769 ἐς
893 690 1046 770 τοιαύτας
1075 687 1241 777 διφθέρας
1261 687 1438 775 γράφουσι.

255 808 294 868 59
303 795 408 863 Εἶδον
424 796 459 863 δὲ
480 796 534 862 καὶ
557 790 656 873 αὐτὸς
670 793 826 883 Καδμήια
848 794 1023 883 γράμματα
1044 789 1082 862 ἓν
1102 798 1149 884 τῷ
1170 796 1232 885 ἱρῷ
1246 796 1306 859 τοῦ
1323 789 1438 859 Ἀπόλ-

301 995 385 1047 i'hist.
407 995 440 1044 de
456 993 484 1042 la
501 992 616 1057 critique
635 1009 697 1058 pag.
714 993 765 1042 1110
782 992 843 1043 coil.

301 1066 400 1114 Franz.
413 1065 430 1112 1.
442 1063 459 1111 l.
470 1078 534 1128 pag.
545 1063 578 1113 33
588 1079 645 1127 seq.
661 1066 783 1127 Namque
792 1065 845 1111 No-

301 1136 353 1183 stri
367 1134 506 1184 sententia
518 1133 586 1182 haec
599 1138 654 1183 est:
668 1135 748 1182 lones
761 1133 844 1181 ctiam

301 1203 409 1253 libellos
424 1201 627 1266 (papyraceus)
646 1217 744 1251 vocare
758 1201 843 1265 peiles

302 1289 324 1326 s.
338 1272 447 1337 pellium
459 1273 569 1319 nomine
581 1273 662 1319 etiarn
676 1287 722 1320 cos
736 1271 844 1320 libellos

302 1342 487 1406 significasse,
512 1342 559 1404 qui
579 1356 632 1390 non
650 1341 775 1403 pellibus,
798 1342 845 1389 sed

301 1427 407 1476 papyro
421 1411 595 1461 constabant.
630 1410 709 1470 Quod
721 1411 846 1474 seqnitur

300 1473 359 1528 α’πδ
376 1481 428 1526 τοῦ
446 1477 580 1538 παλαιοῦ,
595 1480 714 1543 accipio:
730 1480 762 1527 ab
779 1482 846 1528 unii·

302 1551 416 1615 quoinde
428 1557 547 1610 ternpore.
573 1548 663 1598 Minus
677 1548 782 1613 placet:
800 1564 845 1596 nn·

301 1624 368 1684 tiqno
381 1622 443 1681 νιίιι,
456 1623 559 1683 antiqua
574 1619 801 1667 emcourrretudinc.
811 1647 846 1656 -

302 1687 446 1750 διφθέρας
458 1690 518 1740 sive
530 1689 609 1750 peltes
623 1702 700 1737 rasas
712 1687 785 1752 apud
799 1703 845 1736 va·

302 1760 358 1808 rias
372 1759 435 1807 olim
450 1765 545 1820 gentes
560 1758 594 1805 ad
614 1758 769 1807 memoriam
787 1772 846 1820 pro-

303 1828 433 1890 dendam,
453 1834 483 1875 ut
496 1829 538 1875 ait
551 1827 727 1890 Wesseiing.,
749 1841 846 1890 resque

302 1898 426 1962 singulas
447 1897 533 1944 literis
557 1896 727 1945 mandandas
748 1911 781 1944 ac
800 1912 846 1960 po-

302 1967 423 2018 steritati
437 1965 588 2016 servandas
599 1969 626 2015 in
636 1981 687 2015 usu
700 1965 785 2014 fuisse
800 1981 845 2013 no·

302 2039 404 2086 vimus:
427 2038 498 2084 unde
522 2036 594 2098 apud
612 2036 725 2085 Diorlor.
746 2033 791 2096 11,
812 2033 845 2083 32

302 2105 473 2155 membranae
488 2108 630 2154 Persarum
649 2105 740 2168 regiae
758 2121 780 2156 s.
805 2101 847 2150 δι-

302 2171 412 2238 φθέραι
425 2168 598 2238 βασιλικα1,ο
611 2174 766 2236 quibussna
781 2173 848 2223 hau·

304 2247 374 2295 sisae
401 2243 488 2292 fertur
515 2242 632 2293 Ctesias.
679 2243 721 2292 De
749 2243 847 2304 quibus

303 2312 467 2363 membranis
486 2311 649 2375 bh'esseling.
679 2311 718 2359 ibi
743 2313 847 2359 excitat

302 2383 401 2446 Agatb.
412 2383 448 2431 11.
463 2398 491 2445 p.
503 2381 545 2432 68.
562 2381 642 2430 Esdr.
651 2380 698 2441 VI,
708 2383 733 2428 ·2.
748 2379 847 2430 Esther

302 2453 340 2512 Il,
355 2454 396 2501 22.
411 2451 465 2510 Vi,
480 2450 502 2499 1.
518 2451 558 2511 Χ,
575 2452 606 2509 '23
621 2449 676 2498 alia
688 2448 797 2498 exhibui
811 2449 847 2498 cd

302 2521 496 2585 Ctesiumpag.
512 2520 542 2568 17
557 2534 634 2583 seqq.
648 2519 750 2568 Eodem
764 2520 848 2569 etiam

302 2591 452 2656 respiciunt
478 2590 624 2654 proverbia
649 2591 720 2653 apud
744 2590 847 2641 Zenoh.

301 2661 350 2722 IV,
366 2660 394 2709 11
413 2658 486 2725 (coll.
500 2658 590 2711 Schoi.
605 2660 700 2713 Venet.
713 2658 793 2709 Iliad.
811 2652 846 2721 α’,

305 2728 364 2793 175)
380 2733 408 2779 et
419 2729 542 2793 Apostol.
555 2729 604 2791 IV,
617 2730 666 2791 47,
682 2727 739 2777 alia
752 2745 768 2778 a
782 2728 847 2780 Val-

303 2800 380 2850 cken.
401 2799 436 2847 ad
452 2799 477 2846 ir.
491 2798 509 2847 1.
529 2798 665 2859 excitata,
682 2799 844 2861 quibuscum

301 2868 375 2919 conf.
389 2868 577 2919 Hemsterhns.
591 2867 626 2915 ad
638 2866 742 2916 Polluc.
755 2869 787 2926 X,
799 2870 842 2917 57.

300 2940 341 2988 Ac
359 2939 428 2987 satis
445 2938 619 2987 manifestum
642 2942 698 2999 est,
720 2941 749 2986 ut
769 2942 842 2987 recte

301 3013 393 3059 monet
403 3007 526 3057 Nitzsch.
540 3008 558 3061 l.
575 3007 594 3057 1.
608 3022 671 3071 pag.
685 3006 728 3056 71.
740 3007 771 3055 77
784 3022 845 3070 gra-

300 3077 414 3127 vissimo
438 3077 572 3127 Herodoti
597 3076 751 3126 testimonio
779 3076 846 3125 insi-

302 3150 391 3208 stens,
405 3161 502 3195 nomen
515 3142 667 3208 διφθερῶν
683 3146 844 3209 antiquissi-

301 3217 352 3263 mis
370 3215 426 3264 iere
442 3214 626 3264 voluminibus
641 3214 725 3264 fnisse
740 3216 845 3279 propri-

300 3299 355 3345 um,
367 3299 427 3333 cum
446 3289 510 3333 ante
528 3284 625 3348 papyri
645 3298 723 3334 usum
746 3285 847 3333 instru-

301 3357 419 3402 mentum
431 3358 458 3401 et
470 3354 638 3402 commodum
650 3357 678 3402 et
690 3358 843 3417 promptum

301 3422 475 3485 praebuerint
501 3420 585 3485 pelles
610 3421 644 3469 ad
671 3421 844 3472 scribendum

301 3491 370 3539 satis
382 3489 480 3550 utiles,
495 3495 525 3539 nt
538 3491 634 3555 papyri
650 3505 727 3538 usum
741 3492 770 3538 iu
783 3492 844 3555 ipsa

299 3562 433 3623 Aegypto,
448 3560 519 3622 quod
529 3564 571 3609 tot
584 3563 719 3609 testantur
732 3559 845 3610 volumi-

300 3643 335 3677 na
348 3629 375 3676 in
383 3627 529 3679 Thebaicis
540 3629 643 3694 cryptis
654 3633 771 3692 reperta,
783 3644 842 3693 per-

300 3700 464 3762 antiquum,
491 3699 578 3748 serius
603 3699 708 3748 demum
739 3700 802 3749 inde
824 3717 841 3749 a

299 3766 493 3817 Psammetichi
506 3784 587 3832 regno
598 3766 682 3832 (qnod
694 3768 792 3833 incipit
807 3770 841 3819 ab

300 3853 371 3887 anno
387 3838 438 3888 670
451 3852 476 3886 ιι.
491 3838 553 3887 Chr.
571 3853 615 3897 n.;
634 3836 669 3887 ef.
683 3842 752 3887 nott.
768 3839 803 3888 ad
818 3840 841 3901 I,

301 3907 350 3956 105
370 3911 397 3956 et
420 3907 463 3967 11,
489 3907 548 3970 157)
570 3907 604 3956 ad
625 3906 695 3956 alias
715 3909 841 3959 nationes

299 3980 382 4040 atque
402 3976 524 4040 inprimis
544 3976 663 4026 Graecos
683 3980 841 4040 pervenisse

298 4061 359 4096 cnm
372 4046 466 4096 eodem
479 4046 539 4097 viro
552 4047 632 4096 docto
645 4061 705 4112 pag.
717 4045 750 4097 82
763 4062 839 4113 seqq.

298 4120 419 4165 statuere
429 4115 530 4175 malim,
541 4116 589 4165 ubi
601 4117 668 4166 bene
679 4114 724 4165 ille
732 4116 840 4181 adiicit,

298 4184 341 4235 vel
352 4191 417 4235 ante
423 4186 649 4237 Psammetichum
662 4187 708 4236 vix
718 4186 757 4235 ita
767 4187 842 4238 clau·

298 4269 356 4303 sam
369 4255 454 4304 irrisae
469 4255 639 4319 Aegyptum,
663 4260 693 4305 ut
706 4256 742 4304 ed
752 4256 839 4307 Phoe-

297 4324 372 4371 nices
382 4322 479 4385 byblus
489 4326 624 4388 pertinere
638 4341 692 4374 non
726 4328 838 4376 otnerit.

298 4391 434 4451 Quocirca
448 4392 582 4444 Herodoti
599 4394 683 4444 verba
703 4340 733 4445 δν
752 4388 840 4444 σπάνι

296 4456 409 4525 βίβλων,
424 4462 521 4525 quibus
533 4463 689 4513 nonnullum
703 4469 776 4515 certe
790 4466 839 4530 by·

895 995 933 1044 bli
947 1010 1025 1044 usum
1039 994 1150 1043 Ionibus
1166 991 1210 1041 rel
1223 998 1279 1042 tum
1301 992 1388 1042 fuisse
1406 990 1441 1039 si-

896 1065 1016 1128 gnificat,
1032 1064 1067 1112 ad
1082 1064 1173 1126 priora
1186 1065 1267 1113 etiarn
1281 1060 1442 1110 Psammeti-

896 1134 947 1184 cho
965 1139 1089 1199 tempora
1104 1149 1164 1183 curn
1184 1134 1278 1183 eodem
1295 1131 1439 1182 Nitzschio

896 1205 996 1253 referre
1018 1201 1125 1267 placet,
1144 1218 1204 1251 cum
1227 1217 1280 1266 quo
1302 1203 1441 1251 crebriora

896 1274 1013 1337 posthac
1025 1272 1089 1321 inde
1102 1288 1118 1320 a
1131 1271 1324 1322 Psammetichi
1338 1275 1441 1329 aetate,

897 1339 1441 1409 praesertimhmasidissubregno(qnod

898 1413 931 1461 ab
942 1427 1013 1461 anno
1025 1412 1077 1460 570
1086 1426 1112 1462 a.
1125 1411 1188 1461 Chr.
1198 1427 1225 1463 n,
1241 1412 1354 1474 incipit;
1368 1409 1441 1460 coni.

897 1487 967 1531 nott.
980 1481 1016 1530 ad
1033 1482 1075 1543 11,
1096 1480 1142 1531 161
1158 1484 1186 1529 et
1198 1481 1255 1543 111,
1274 1480 1326 1543 10).
1357 1480 1441 1530 Grae·

897 1566 988 1600 eornm
1000 1566 1060 1599 cum
1067 1550 1210 1614 Aegyptiis
1222 1551 1386 1600 commercia
1396 1550 1443 1598 flo-

897 1635 989 1682 ruere,
1012 1636 1043 1668 eo
1056 1621 1144 1684 magis
1163 1620 1247 1669 etiam
1266 1619 1344 1680 bybli
1363 1634 1442 1669 usum

897 1705 943 1754 per
955 1691 1074 1739 Graecos
1087 1695 1266 1753 propagatum
1278 1689 1364 1738 fuisse
1380 1704 1442 1738 con-

897 1765 1058 1809 aentanenm
1073 1761 1119 1810 sit.
1143 1759 1221 1807 Conf.
1233 1759 1332 1825 Franz,
1347 1756 1365 1810 Ι,
1384 1757 1402 1810 1.
1414 1774 1441 1821 p.

897 1830 939 1880 31.
966 1829 1056 1892 Atque
1075 1826 1118 1877 vel
1137 1824 1287 1889 διφθερῶν
1307 1844 1374 1878 nsua
1395 1843 1442 1890 per

898 1900 1041 1949 Graeciam
1058 1898 1121 1946 oiim
1136 1899 1222 1947 rarior
1234 1897 1320 1948 fnisse
1333 1898 1443 1947 videtur

897 1968 927 2019 Ο.
938 1968 970 2016 Ο.
982 1967 1112 2016 Muellero
1126 1966 1259 2031 (Gotting.
1274 1967 1345 2016 Ana.
1364 1967 1440 2016 latr.

899 2053 938 2087 nr.
953 2036 996 2087 31.
1009 2052 1035 2101 p.
1051 2036 1101 2086 295
1112 2037 1212 2100 seqq).
1236 2038 1278 2086 De
1291 2039 1354 2100 ipsa
1368 2037 1443 2100 tybla

898 2125 920 2156 s.
932 2121 1034 2171 papyro
1045 2107 1100 2156 vid.
1116 2108 1247 2156 Herodot.
1267 2107 1310 2167 11,
1323 2107 1359 2156 9⁶2
1375 2107 1442 2170 ihiq.

898 2181 966 2226 nott.
995 2178 1071 2237 Quae
1085 2175 1190 2239 planta,
1200 2176 1271 2240 quod
1286 2177 1383 2226 mirum
1398 2191 1444 2224 aa·

899 2260 948 2308 ne,
967 2247 1014 2294 vir
1027 2260 1099 2296 nnnc
1116 2262 1164 2310 per
1175 2247 1327 2310 Aegyptum
1343 2246 1444 2309 reperi-

899 2319 951 2365 tur.
967 2316 1073 2377 Quarto
1086 2331 1115 2364 re
1128 2316 1238 2365 uberius
1254 2318 1386 2366 disseruit
1400 2316 1443 2364 vir

898 2384 1087 2434 nobilissimus
1099 2386 1140 2434 De
1153 2386 1296 2435 Minutoii:
1310 2385 1443 2435 abhand-

898 2454 998 2518 lungen
1015 2454 1196 2505 vermisebten
1211 2454 1318 2505 Inholts
1337 2454 1443 2520 (Berlin

901 2522 978 2586 1831)
993 2523 1016 2574 Ι.
1031 2539 1057 2588 p.
1074 2524 1123 2573 114
1136 2540 1212 2590 seqq.

933 2617 960 2685 ie
979 2620 1111 2684 τοιαύτας
1126 2625 1267 2692 διφθέρας
1285 2619 1443 2693 γράφουσι]

895 2698 969 2747 Nota
980 2698 1090 2746 verbum
1103 2693 1222 2761 γράφειν
1241 2698 1286 2748 bic
1299 2699 1444 2762 primitiva

895 2768 1034 2830 incidendi,
1047 2769 1204 2830 inscripserit
1218 2768 1325 2833 (literas
1344 2769 1373 2818 in
1387 2768 1445 2834 pel-

894 2835 947 2901 les)
961 2837 1083 2887 notione.
1106 2838 1185 2890 Coos.
1200 2838 1324 2889 Nitzsch.
1343 2837 1361 2887 1.
1380 2838 1399 2887 l.
1414 2853 1441 2901 p.

896 2906 938 2957 74.
961 2906 993 2956 In
1007 2907 1127 2971 proxime
1139 2908 1365 2958 antecedentibus
1381 2924 1442 2958 rer-

894 2975 937 3022 bis
950 2977 984 3025 ad
999 2977 1099 3026 formas
1121 2971 1229 3044 αἰγὲῃοι
1249 2982 1277 3028 et
1296 2971 1389 3043 ὀϊέῃσι
1404 2978 1442 3026 cf.

896 3045 1011 3099 Bredov.
1026 3062 1053 3110 p.
1070 3047 1119 3098 lto
1131 3053 1158 3097 et
1172 3047 1228 3097 173.

1088 3216 1154 3268 Car.
1168 3219 1240 3269 LIX.

929 3344 1022 3403 Εἶδον
1041 3347 1071 3403 δὲ
1093 3348 1141 3403 καὶ
1164 3347 1265 3419 αὐτὸς]
1300 3355 1353 3405 Pro
1374 3354 1441 3405 oiim

893 3423 966 3487 vulg.
984 3420 1049 3472 ἴδον
1063 3425 1236 3475 Florentinus
1252 3416 1346 3487 εἶδον,
1366 3427 1442 3489 quod

893 3493 997 3557 recepit
1027 3495 1184 3558 Matthiae,
1218 3498 1371 3544 annotante
1400 3495 1440 3548 H.

892 3562 1022 3627 Apataio,
1039 3555 1119 3624 εἶδον
1131 3580 1214 3628 saepe
1227 3565 1300 3629 apud
1314 3564 1441 3613 Herodo-

892 3638 949 3681 tum
959 3634 1018 3682 sine
1030 3634 1192 3685 diversitate
1206 3634 1268 3697 legi,
1282 3629 1349 3681 ἴδον
1360 3648 1441 3683 num·

894 3716 975 3764 quam
984 3702 1036 3753 n'ni
1047 3718 1108 3753 cnm
1118 3704 1196 3754 varia
1210 3703 1327 3755 lectione
1338 3694 1439 3764 εἷδονς

893 3772 986 3836 itaque
1014 3762 1094 3820 εἶδον
1125 3774 1311 3823 Herodoteum
1338 3771 1440 3834 videri,

893 3837 958 3888 ἴδον
971 3840 1235 3905 Grammaticorum,
1255 3842 1301 3906 qui
1315 3842 1440 3891 Ionismo

893 3908 994 3959 inerint
1016 3911 1078 3976 ipso
1097 3912 1237 3962 Herodoto
1260 3911 1439 3963 amantiores.

892 3980 936 4028 Tu
948 3979 1003 4031 rid.
1019 3996 1091 4030 nunc
1103 3982 1217 4031 Bredor.
1230 3980 1350 4045 pag.304
1365 3995 1440 4046 aeq„

892 4049 939 4113 qui
949 4050 1017 4098 satis
1029 4050 1121 4100 docuit
1130 4042 1212 4099 εἶδον
1221 4066 1304 4100 unum
1313 4051 1441 4101 esscHe-

890 4118 1031 4169 rodotoum
1044 4120 1168 4185 aliasque
1184 4120 1286 4170 formas
1302 4118 1366 4170 inde
1381 4120 1441 4169 dis·

891 4193 1033 4254 crepantes
1059 4190 1223 4240 reiiciendne
1248 4206 1317 4240 esse.
1355 4189 1440 4252 Quod

890 4258 925 4307 ad
945 4264 1135 4325 argumentum
1165 4259 1218 4309 ioci
1240 4259 1344 4309 attinet
1368 4274 1441 4308 sane

889 4329 1089 4391 gravissimum,
1104 4334 1219 4393 apparet
1231 4328 1299 4379 haec
1312 4327 1375 4391 ipsa
1388 4329 1441 4379 ad-

890 4396 938 4446 iici
951 4413 968 4446 a
978 4400 1095 4461 Nostro,
1115 4413 1168 4462 qno
1185 4399 1224 4448 rei
1238 4413 1335 4462 parum
1350 4398 1441 4447 credi-

889 4465 937 4515 bili
950 4467 1120 4532 maximeque
1132 4470 1219 4518 mirae
1231 4467 1394 4518 conciliaret
1407 4467 1438 4517 fi-
