3100 5175
278 384 340 445 570
714 386 978 448 HERODO'I'I

234 557 369 649 86μάχη
413 561 468 629 καὶ
484 559 699 647 ἐπετετάχατο
713 563 746 639 ἐς
759 556 837 640 τοὺς
851 562 992 646 Πέρσας.
1036 564 1151 648 Μῆδοι
1170 560 1208 628 δὲ
1221 557 1285 648 τήν
1298 585 1367 644 περ
1380 561 1419 629 ἐν

279 670 327 758 τῷ
342 670 428 756 πεζῷ
444 662 534 751 εἶχον
549 663 691 751 σκευὴν,
709 663 764 731 καὶ
779 668 914 735 Κίσσιοι
927 659 1094 743 άσαάτως.
1137 661 1235 731 Ἰνδοὶ
1252 663 1290 745 (ΙΙ
1307 667 1418 750 σκευῇ

278 769 341 857 μὲν
355 767 532 855 ἐσεσάχατο
550 773 591 855 τῇ
613 764 698 854 αὐτῇ
718 768 774 834 καὶ
793 769 830 835 ἐν
849 771 896 860 τῷ
920 774 1023 859 πεζῷ,
1048 764 1198 855 ἤλαυνον
1213 767 1419 854 distetque

278 873 333 940 καὶ
347 868 495 959 ἅρματα,
511 865 578 955 ὑπὸ
593 871 630 939 tt
642 885 727 939 totos
737 866 861 958 ἅρμασι
875 865 1010 958 ὑπῆσαν
1024 875 1120 939 ἵπποι
1134 870 1190 939 καὶ
1204 868 1277 940 ὄνοι
1289 868 1414 957 ἄγριοι.

278 975 433 1060 Βάκτριοι
449 974 486 1043 δὲ
501 973 705 1043 ἐσκευάδατο
720 969 876 1054 ὡσαύτως
890 976 945 1042 καὶ
960 978 997 1043 ἐν
1013 979 1059 1066 τῷ
1074 979 1179 1066 πεζῷ,
1194 976 1250 1042 καὶ
1264 974 1417 1042 Κάσπιοι

276 1075 407 1166 ὁμοίως.
449 1084 574 1165 Λίβυες
595 1077 632 1146 δὲ
654 1078 709 1145 καὶ
724 1073 819 1146 αὐτοὶ
839 1076 987 1161 κατάπερ
1008 1081 1046 1146 ἐν
1066 1081 1113 1170 τῷ
1127 1082 1230 1170 πεζῷ·
1259 1074 1416 1165 ἤλαυνον

278 1184 314 1251 tle
334 1171 444 1250 καὶ
404 1210 495 1250 ουτοι
516 1179 638 1261 πάντες
658 1176 798 1268 ἅρματα.
835 1176 927 1260 ὢςδ’
944 1177 1052 1260 οὕτως
1068 1180 1252 1266 Κάσπειροι
1266 1208 1325 1249 και
1313 1182 1413 1248 Πα-

278 1285 421 1372 ρικάνιοι
436 1281 641 1372 ἐσεσάχατο
628 1290 749 1373 ομοίως
762 1310 818 1352 και
807 1285 869 1352 ἐν
882 1311 929 1353 τω
915 1289 1045 1377 ’πεζά
1071 1281 1215 1371 Ἀράβιοι
1230 1284 1269 1353 δὲ
1285 1282 1415 1372 σκευὴν

311 1442 493 1515 ἐπετετάχατο
510 1440 538 1507 ἒς
554 1441 621 1506 τούς
638 1443 758 1514 Πέρσας]
776 1450 817 1499 De
867 1454 937 1501 nott.
949 1454 977 1500 et
989 1448 1106 1500 Bohlen.
1124 1450 1182 1501 Dus
1195 1450 1251 1501 alte
1264 1451 1362 1500 Iudien
1376 1452 1412 1500 ΙΙ.

276 1523 328 1572 bue
340 1522 477 1572 locutione
489 1519 563 1571 cons
577 1524 645 1571 nott.
659 1520 694 1569 sd
708 1521 771 1574 Vll
784 1521 815 1571 21
868 1535 931 1585 pag.
950 1521 992 1571 73.
1026 1521 1068 1569 De
1081 1536 1149 1570 vocs
1164 1515 1246 1583 κέλης
1266 1522 1315 1585 qui
1336 1521 1415 1585 plum.

279 1593 354 1643 etde
375 1592 462 1642 forma
480 1581 819 1656 plusquamperfectilne·
868 1590 978 1654 cupiat,
1006 1590 1088 1639 adest
1109 1589 1190 1641 Thes.
1214 1591 1297 1655 Liug
1315 1590 1412 1641 Graec.

276 1656 410 1725 τετάχατο
422 1660 509 1710 alluta
518 1661 554 1710 ud
564 1660 626 1721 VlI,
636 1658 679 1710 63.
704 1660 764 1721 Quo
774 1674 818 1707 so-

278 1732 338 1781 dem
362 1733 499 1813 pertinent
521 1730 548 1779 in
568 1745 630 1793 cap.
650 1744 707 1793 seq.
727 1719 819 1776 losod-

278 1814 346 1867 χατο
359 1808 386 1849 et
396 1792 574 1848 louevu'duto.
600 1799 679 1861 Quod
689 1813 753 1848 vero
762 1797 818 1847 Na-

277 1871 351 1921 ber
344 1887 371 1920 sn
392 1871 560 1918 Mnemosin.
576 1869 622 1917 IV.
640 1883 702 1932 pag.
713 1868 747 1917 26
767 1882 816 1932 pro

277 1931 477 2002 ἐπετετάχατο
495 1938 559 2003 poni
576 1937 635 1987 vult
659 1928 815 2000 ἐτετάχατο.

278 2026 339 2060 eum
354 2009 435 2058 verbo
449 2025 525 2073 comi
518 2008 599 2057 osito
616 2006 661 2056 hie
674 2005 765 2055 nullus
779 2006 816 2054 sit

276 2080 353 2130 loeus
363 2078 508 2143 ‚equidem
519 2077 628 2127 verbum
639 2077 816 2140 compositum

278 2149 371 2199 eodem
385 2148 464 2198 modo
480 2164 514 2198 ae
529 2162 611 2197 sensu
623 2146 738 2226 positum
755 2144 782 2195 h.
797 2144 816 2197 l.

278 2219 419 2275 existimo,
434 2232 488 2281 quo
503 2230 563 2279 cap
580 2218 626 2265 87:
649 2205 817 2280 Ἀράβιοιδὲ

276 2281 386 2350 ἔσχατοι
399 2278 623 2348 Ιπετετάχαιος
641 2287 735 2350 itaque
748 2286 817 2334 ints

276 2361 349 2406 ctum
363 2355 470 2420 reliqui

427 2526 494 2577 Cur.
513 2525 660 2578 Lxxxvl.

311 2628 422 2695 Μῆδοι]
442 2632 483 2682 De
498 2631 631 2680 Medorum
643 2634 671 2679 et
683 2630 818 2680 Cissioruus

276 2709 413 2752 armatura
426 2701 478 2752 vid
490 2702 609 2760 vl1‚o·2;
629 2701 662 2749 de
673 2700 744 2749 Indis
752 2700 817 2761 Vll,

276 2775 324 2831 {553
347 2772 381 2822 de
394 2773 505 2823 Baeturia
520 2738 585 2833 Vll,
604 2770 652 2827 om
671 2768 703 2818 do
716 2737 817 2832 (ιἀιηιιίὀἶ

275 2838 713 2920 vll‚67;deL1oeuvl17.t

310 2878 437 2991 s'p'luvvov
456 2905 487 2959 dl
503 2905 619 2973 κέλητας
633 2904 679 2956 καΙ
691 2897 815 2990 ἅρματα]

274 2977 363 3036 ἵππος
394 2975 475 3043 κέλης
505 2981 605 3029 dieitur
632 2979 752 3028 Homero
786 2979 813 3027 in

276 3050 375 3113 odyss.
387 3051 420 3112 V,
431 3051 491 3107 371,
505 3046 813 3100 ubisnnotstNitzseh

274 3135 337 3186 pag.
354 3119 387 3169 57
413 3120 453 3170 sio
473 3119 528 3169 diei
550 3134 646 3182 equum
667 3117 702 3166 ad
725 3122 816 3167 certa·

275 3190 349 3238 minu
378 3190 531 3253 equestria,
567 3203 637 3252 quse
669 3192 812 3250 vocantur,

274 3264 368 3322 aptum
381 3274 430 3308 nse
444 3259 568 3323 plaustro
580 3255 746 3313 trahentem
767 3257 815 3321 qui

275 3328 346 3378 enim
366 3343 461 3377 ourrus
479 3327 604 3387 trahunt,
627 3326 648 3375 ii
670 3326 814 3390 peculiari-

274 3403 316 3446 ter
328 3403 459 3447 vocantur
472 3392 570 3456 ἵπποι,
586 3395 811 3460 quemadmodum

274 3465 348 3530 apud
367 3465 447 3514 Dion.
471 3467 546 3515 Cass.
567 3465 694 3527 xxxvl,
713 3463 746 3514 32
772 3465 813 3514 di·

274 3535 328 3583 stin
351 3542 449 3584 uuntur
458 3535 511 3583 riri
521 3549 548 3582 οι
541 3526 610 3596 μὲν
621 3523 666 3582 ἐπὶ
678 3524 812 3596 κελήτων,

275 3600 304 3654 οἱ
294 3549 348 3655 dl
359 3594 435 3667 ἐφ’
420 3595 563 3666 τερμάτων
595 3605 653 3653 Neo
665 3602 746 3654 aliter
758 3603 815 3653 He-

273 3676 387 3726 rodotus
405 3673 564 3739 distinguit,
591 3672 674 3723 Indos
697 3688 813 3724 narrans

273 3751 302 3795 et
318 3760 401 3810 equos
418 3759 499 3807 ogere
515 3742 563 3804 (ud
576 3741 765 3806 equitandum)
786 3748 814 3794 et

273 3815 406 3880 plaustra.
442 3814 514 3863 Hine
535 3814 663 3873 veniunt,
689 3816 720 3861 ut
742 3812 813 3861 setis

274 3888 397 3944 constet,
411 3883 569 3934 latinorum
580 3883 695 3940 Celeres,
709 3880 741 3932 de
754 3884 814 3945 qui-

273 3951 590 4004 busvid.l·¹r.lt1ulrlert:
610 3951 652 4001 De
666 3952 813 4014 Equitibus

273 4024 377 4074 Itomm.
394 4026 419 4085 5.
435 4022 522 4072 totu.
550 4021 629 4085 Apud
642 4019 812 4071 Herodotum

274 4093 345 4157 quod
360 4091 510 4176 Schweigh.
524 4091 564 4155 (m
577 4091 643 4140 Lex
660 4090 759 4139 Herod.
774 4091 812 4139 ΙΙ

275 4164 348 4225 psi.
342 4161 362 4222 )
381 4177 428 4224 pro
445 4155 572 4240 ἤλαυνον
586 4152 617 4209 dl
637 4153 753 4222 κέλητας
773 4175 813 4210 re·

275 4231 359 4281 scribi
380 4228 438 4279 vult
456 4220 582 4292 ἤλαυνον
604 4225 664 4278 καὶ
687 4223 812 4292 κέλητας,

274 4300 320 4349 vix
334 4298 389 4348 ulls
404 4299 527 4348 mutandi
541 4300 692 4349 necessitas
704 4314 813 4361 compe-

273 4373 323 4417 ret.
350 4368 390 4416 De
401 4368 528 4418 Indorum
539 4369 617 4433 equis
626 4367 742 4417 conferri
753 4375 812 4431 pot-

275 4436 440 4486 estCtesias
459 4438 560 4490 indico.
585 4437 670 4500 5.,Ιί
692 4436 810 4508 qbivid.

867 1659 916 1708 IV.
933 1676 959 1724 p.
975 1660 1039 1709 1425
1055 1658 1096 1708 ed.
1109 1659 1235 1709 Diodori

904 1717 990 1777 sul'
975 1742 1038 1776 ονοι
1057 1720 1164 1793 epotos]
1184 1730 1281 1779 Αιίαοε
1297 1730 1412 1791 [eroes.

867 1813 979 1863 oreopros
1002 1798 1110 1848 Ctesias
1136 1814 1244 1863 quoque
1271 1801 1352 1850 novit
1368 1801 1413 1849 in·

868 1868 937 1918 dice.
957 1870 981 1929 ξ.
1000 1868 1034 1917 25
1050 1867 1111 1917 coll.
1130 1868 1237 1918 Aeliau.
1254 1870 1290 1920 N.
1311 1869 1343 1918 A.
1363 1870 1409 1931 lv,

867 1938 915 1994 5¹2;
934 1937 969 1985 ud
980 1951 1059 2000 quem
1070 1937 1158 1987 locum
1170 1937 1210 2002 (p.
1222 1938 1275 1989 329
1285 1938 1409 2003 fragium.

867 2005 1066 2071 Ctes.)reliqnu
1075 2012 1196 2058 veterum
1208 2010 1369 2059 testimonis
1377 2007 1410 2059 de

867 2075 909 2125 his
927 2077 1015 2125 asinis
1037 2076 1101 2126 ieris
1125 2076 1207 2127 attuli
1225 2083 1254 2127 et
1275 2078 1410 2142 quodnam

867 2160 935 2195 suno
942 2144 1043 2195 aurmsi
1051 2144 1258 2212 intelligendum
1268 2153 1352 2211 esset,
1360 2148 1410 2198 dio

867 2215 977 2280 quisivi
999 2217 1037 2266 Ut
1049 2229 1119 2265 suun
1130 2220 1247 2277 mittam,
1259 2232 1409 2282 quaemus

868 2289 895 2335 et
914 2281 1041 2334 fabulosa
1058 2284 1092 2335 de
1111 2285 1162 2336 huo
1180 2287 1270 2337 bestia
1285 2301 1301 2335 u
1316 2286 1409 2338 Ctesiu

868 2354 1044 2419 proferuntur
1059 2353 1158 2405 hausta
1174 2356 1222 2406 illa
1236 2356 1362 2421 quidem,
1378 2361 1409 2406 ut

868 2422 993 2482 videtur,
1019 2437 1034 2472 e
1060 2423 1134 2490 vulgi
1161 2425 1359 2476 traditionibus
1381 2431 1409 2475 et

867 2497 1100 2544 monumentorum
1141 2495 1407 2560 Persepolitsnorum

866 2563 1048 2628 imaginibus3
1077 2569 1173 2614 nostra
1200 2571 1295 2616 setste
1325 2566 1407 2626 luere,

867 2635 913 2698 qui
938 2632 971 2683 de
988 2633 1104 2683 Asiatico
1123 2635 1280 2687 rhinocerote
1303 2637 1407 2700 cogitn-

866 2707 927 2753 rent
942 2709 991 2752 aut
1007 2703 1040 2753 de
1056 2703 1112 2753 alia
1127 2706 1243 2769 quadum
1256 2707 1348 2756 hestia
1361 2721 1407 2770 per

866 2771 1095 2823 interiorisaeisiue
1106 2774 1201 2838 plagas
1211 2775 1334 2838 palente3
1345 2776 1406 2825 Lar·

866 2842 962 2891 citerus
976 2841 1082 2891 Zelnum
1096 2844 1239 2896 intellexit.
1275 2844 1404 2910 Equidem

865 2912 1024 2975 peritiorum
1037 2910 1139 2963 iudicis
1152 2916 1180 2962 in
1196 2913 1299 2965 talibus
1314 2930 1406 2976 exspo-

865 2988 942 3030 etuns
960 2979 1042 3030 nolim
1056 2980 1219 3035 discernere.
1246 2986 1342 3048 Neque
1351 2984 1404 3034 He·

864 3050 977 3100 rodotus
990 3049 1060 3101 tales
1073 3054 1166 3102 asinos
1182 3053 1240 3116 ipse
1253 3053 1357 3104 vidisse
1366 3054 1403 3101 ri-

865 3120 957 3169 detur:
980 3134 1049 3184 quos
1067 3123 1168 3188 alioqui
1182 3124 1343 3173 accuratius
1360 3123 1403 3172 de-

864 3190 1030 3253 scripsisset.

899 3255 1001 3324 Λίβυες
1015 3249 1047 3306 (ΙΙ
1061 3256 1109 3308 καὶ
1128 3250 1211 3309 αὐτοὶ
1223 3275 1251 3310 κ.
1263 3275 1289 3312 τ.
1302 3259 1339 3326 L]
1361 3262 1403 3310 Li·

863 3328 934 3392 opum
947 3328 992 3377 hio
1004 3328 1107 3379 nullum
1121 3346 1181 3381 esse
1193 3329 1282 3380 locum
1294 3336 1403 3381 eonten-

862 3398 929 3448 dens
942 3397 1095 3448 Lureherus
1115 3401 1211 3462 reponi
1227 3400 1288 3449 vult
1300 3400 1403 3464 Aeplor,

864 3483 931 3532 quos
945 3469 1101 3519 Bactrianis
1119 3469 1225 3518 vicinos
1244 3485 1403 3519 commemo-

862 3542 904 3588 ret
915 3539 1016 3587 Noster
1028 3538 1079 3600 ΙΙΙ,
1095 3538 1137 3588 92.
1175 3540 1308 3603 Equidem
1321 3541 1349 3588 iu
1364 3546 1403 3588 ts·

861 3605 934 3657 libus
949 3605 1031 3655 malui
1052 3624 1069 3656 s
1086 3607 1215 3658 librorum
1237 3611 1402 3659 auctoritate

863 3680 945 3726 stare.

885 3739 1054 3805 Κάσπειροι
1075 3739 1122 3793 καΙ
1142 3736 1326 3809 Παρικάνιοι]
1346 3735 1401 3792 Κά·

865 3829 974 3876 σπειροι
996 3815 1116 3865 eReiuii
1138 3815 1217 3864 fluxit
1233 3814 1399 3864 coniectura.

863 3886 899 3934 lit
910 3886 1011 3948 Cospiri
1023 3886 1147 3949 nuspiam
1160 3899 1243 3948 supra
1254 3899 1402 3933 memoran-

863 3959 923 4015 tur‘,
943 3955 997 4004 nisi
1013 3953 1167 4013 inlocum,
1189 3969 1272 4017 quam
1286 3955 1354 4017 VII,
1368 3954 1400 4002 itt

864 4039 924 4073 esse
933 4024 990 4073 veri
1002 4029 1044 4073 est
1055 4023 1230 4080 simillimum,
1246 4023 1327 4073 huius
1337 4037 1402 4085 gen-

864 4095 899 4142 tis
916 4094 1079 4143 mentionem
1105 4093 1206 4143 fuctum
1227 4108 1287 4143 esse
1308 4093 1400 4142 existi-

864 4178 934 4224 mes,
954 4167 1002 4212 aut
1017 4164 1069 4211 nisi
1084 4155 1239 4224 Κάσπειροι
1257 4162 1339 4212 iidem
1353 4161 1400 4210 hu-

861 4229 980 4282 beuntnr
999 4224 1233 4295 atqueliu'onsos,
1254 4231 1399 4296 dequibus

863 4300 926 4364 vn,
943 4301 987 4351 67.
1023 4302 1093 4362 Quin
1108 4301 1135 4350 id
1152 4300 1279 4364 ipsumh.
1291 4300 1309 4350 l.
1324 4317 1400 4364 prse-

862 4371 909 4418 bet
932 4370 1070 4420 Sanerofti
1092 4371 1174 4428 libem
1205 4369 1286 4432 vulgo
1308 4374 1401 4419 exstat

863 4431 983 4504 Κάσιοι,
1011 4441 1082 4505 quod
1105 4445 1214 4490 tuentur
1237 4438 1400 4492 nannetes
