3100 5175
262 403 321 463 154

696 405 964 467 HERODOTI

259 579 315 647 uni
335 573 503 666 Αὐξησίης
531 572 702 666 ἀγάλματα
726 577 948 666 ἱδρύσασθαι,
976 585 1036 646 καί
1057 597 1117 663 σφι
1145 580 1399 665 ἱδρυσαμένοισι

260 780 343 831 Creta
355 779 521 828 Troezenem
536 780 644 830 venisse
661 778 753 845 ibique
772 780 802 829 iu

261 850 397 900 seditione
413 864 446 898 ao
465 847 581 898 tumultu
602 850 714 913 periisse
730 848 802 913 lapi·

260 920 384 977 datione3
404 917 476 968 uude
493 918 592 968 lentum
606 920 698 982 peragi
712 919 802 967 Arbo-

260 985 368 1054 possae.
387 989 481 1051 „Iline
492 988 652 1049 discimus,⁴‘
669 989 707 1037 uit
724 989 752 1037 V
754 989 802 1038 ol-

259 1059 362 1120 elreu„
390 1059 532 1121 „subistis
545 1056 631 1109 luisse
647 1057 802 1107 nominibus

259 1129 375 1179 Cererem
389 1132 418 1179 et
434 1128 614 1188 Proserpinam
634 1127 723 1178 cultas
742 1128 802 1178 sive

260 1198 369 1248 Matrem
388 1202 415 1248 et
430 1198 452 1245 Ι.
454 1196 565 1248 roesam.-
586 1210 620 1260 rp
611 1192 733 1260 Μητρὶ
751 1189 801 1243 nul

258 1283 292 1333 τη
283 1259 400 1330 Κόρῃ,
418 1282 442 1315 e
440 1264 543 1329 tepud
553 1265 655 1314 Herod
667 1266 745 1322 VIII,
756 1265 800 1325 65,

258 1337 336 1385 ouius
351 1335 436 1385 lruee
429 1350 488 1399 qma
502 1336 623 1383 uerratio
635 1334 705 1385 idem
720 1335 801 1385 Iaeile

258 1404 440 1470 persuasisset
462 1403 631 1462 attendenti;
656 1419 718 1453 narn
738 1419 800 1453 curn

259 1482 332 1524 terra
353 1474 446 1538 Iruges
465 1488 520 1522 non
539 1474 617 1523 daret
629 1474 799 1538 Epiduuriis,

258 1544 327 1595 iussi
345 1549 409 1592 snut
432 1542 564 1591 divinitus
587 1544 701 1593 istarum
720 1543 801 1607 sigua

257 1615 366 1664 dearum
384 1612 526 1673 dedicare,
543 1610 629 1662 veluti
642 1609 720 1661 θεῶν
733 1627 800 1674 καρ-

257 1674 412 1745 ποφὸηων,
428 1696 483 1747 qua
498 1681 683 1746 appellatione
697 1683 801 1746 Tegea

258 1758 303 1802 tae
323 1751 446 1801 Cererem
464 1750 592 1801 colebant
613 1757 640 1800 et
658 1752 801 1816 Proserpi-

256 1838 334 1880 nam,
356 1825 426 1872 teste
444 1821 564 1871 Pausen
578 1821 655 1884 VIII,
671 1821 714 1874 53.
732 1823 756 1900 8.
773 1819 799 1870 3.

258 1891 349 1958 [Apud
361 1891 510 1956 Aeginetas
521 1889 602 1940 Ceres
615 1858 802 1953 θεσμοφόρος

256 1966 327 2013 teste
344 1960 484 2010 Herodoto
504 1960 558 2024 VI,
576 1958 632 2025 tt]
674 1959 727 2010 Sed
743 1974 800 2009 rem

256 2031 336 2096 plane
349 2029 470 2080 alflrrnat
483 2030 602 2080 Pausnn.
618 2030 661 2091 ΙΙ,
675 2028 717 2080 30.
731 2031 754 2091 ξ.
772 2029 797 2078 5.

255 2099 359 2151 Eodem
395 2099 451 2147 ritu
480 2098 582 2148 deabus
616 2099 677 2150 istis
712 2097 799 2148 veluti

254 2168 340 2226 θεαῖς
350 2161 485 2231 μεγάλαις
496 2168 583 2218 variis
597 2169 625 2217 iu
639 2167 706 2218 loeis
719 2182 800 2217 saera

255 2239 367 2289 fiebant.
394 2236 487 2287 Cereri
500 2253 555 2287 non
566 2237 739 2287 disconvenit
751 2252 799 2285 no-

256 2301 449 2382 mendorum,
459 2306 801 2386 quaeEpidsuriorumpo-

255 2377 330 2443 pulo,
336 2392 374 2441 τῳ
365 2369 499 2437 “dor'pp
476 2391 535 2426 srve
548 2369 739 2441 drp'up,sruges
753 2375 800 2424 du-

255 2453 298 2498 ret
309 2451 336 2495 et
349 2421 474 2507 Αὖξησίη
488 2447 654 2510 alimentaque
665 2448 734 2496 mitio
746 2453 796 2494 ter

237 2519 311 2568 ·rr'r.‘
315 2514 665 2576 HaeeVulclrennr.‚
685 2516 798 2565 Festum

255 2602 361 2654 quoque
372 2585 464 2637 eitnus
476 2599 499 2637 s.
513 2601 539 2637 v.
550 2584 632 2634 Donni
632 2601 663 2634 ιιι
678 2582 748 2649 [ηις.
763 2585 798 2635 52

255 2657 297 2707 ed.
311 2653 449 2714 landem]
463 2661 490 2705 et
504 2655 626 2706 Maerob.
642 2653 699 2704 Sat.
718 2656 739 2716 1,
756 2655 798 2714 12,

253 2725 325 2776 unde
335 2728 463 2791 Magnam
477 2725 578 2787 Deam,
593 2739 672 2790 quarn
683 2724 799 2774 Romani

254 2794 396 2857 colebant,
425 2795 539 2843 Dnrrriom
562 2795 648 2845 luisse
669 2797 798 2844 vocatam

254 2865 400 2927 discimus,
427 2865 544 2929 itemque
564 2865 693 2913 Dnurinum
712 2863 798 2913 saeri-

252 2934 343 2985 Iieium
358 2935 384 2982 iu
398 2935 489 2984 Bonae
498 2933 573 2984 Daue
584 2933 713 2984 honorem
724 2932 800 2983 obla-

252 3009 308 3054 tum
320 3005 544 3068 Ilnrrrr‘ntrioernque
557 3004 616 3054 eius
628 3003 695 3053 deae
708 3017 799 3053 saeer-

253 3074 353 3124 dotem
387 3073 466 3123 Unde
484 3073 558 3136 apud
576 3073 740 3123 'surentinos
763 3073 799 3120 si·

253 3142 328 3192 milia
344 3156 440 3201 saera,
465 3142 490 3191 si
492 3142 613 3217 quidem
631 3142 696 3192 fides
697 3142 798 3220 Hesy-

252 3212 350 3261 chiol.
363 3227 387 3274 p.
400 3210 465 3261 8332
483 3203 608 3271 Δάμιια
624 3199 707 3272 ἕορτὴ
721 3202 799 3292 παηὰ

255 3279 453 3342 Tapurorum.
505 3281 595 3343 Atque
631 3277 704 3328 baud
738 3280 796 3329 seio

252 3366 288 3399 au
303 3349 397 3399 eodem
412 3347 563 3410 respiciunt
576 3349 797 3399 Damnemeneus

252 3419 333 3468 Ideus
349 3422 376 3466 et
389 3417 556 3479 Proserpina
567 3415 714 3480 Cyzicena,
727 3432 797 3481 quae

251 3491 369 3537 vocatur
378 3477 481 3545 Adeon
492 3480 628 3548 Σώτειρα
648 3488 723 3547 Quae
736 3502 797 3536 oum

251 3557 290 3605 ita
307 3557 377 3617 siut,
400 3553 467 3603 mihi
486 3553 593 3618 quidem
612 3556 658 3605 vix
674 3556 795 3619 dubium,

250 3627 314 3692 quin
325 3621 437 3686 Λαμίας
447 3638 545 3673 nomen
557 3624 592 3673 ed
602 3624 726 3675 Cererem
737 3641 798 3690 per-

250 3696 352 3777 tinent,
381 3707 451 3758 quse
475 3683 613 3756 Auporqp
638 3709 655 3743 a
674 3695 796 3746 Doribus

249 3764 352 3829 passim
369 3768 470 3813 vocata
490 3762 608 3828 aliisque
627 3764 708 3814 etiam
723 3766 796 3813 simi·

248 3834 321 3885 Iibus
334 3834 399 3883 hine
412 3832 619 3897 cognominibus
633 3841 730 3883 ornatu
743 3839 796 3897 eat,

250 3905 278 3953 iu
294 3903 393 3969 quibus
413 3903 538 3953 omuibus
553 3902 596 3953 vel
609 3904 689 3953 dandi
700 3906 796 3954 donon-

250 3974 306 4025 diue
332 3973 408 4024 notio
428 3972 519 4023 subsit
541 3973 585 4022 vel
606 3972 641 4022 ad
665 3972 796 4038 populum

250 4059 355 4094 omnem
367 4043 543 4105 respicimur,
557 4043 596 4092 ita
608 4047 638 4092 ut
646 4043 729 4094 Ceres
741 4044 796 4093 Da-

250 4114 306 4164 mia
324 4114 432 4165 civitella
451 4114 531 4177 quasi
544 4112 719 4178 perhibeatur
736 4115 795 4173 den,

251 4199 323 4249 quae
343 4182 416 4233 omni
440 4182 541 4247 populo
564 4182 678 4233 salutem
698 4182 796 4232 afferat

252 4268 284 4304 eo
304 4253 375 4317 quod
398 4267 490 4302 omnen
514 4253 628 4303 nutriat.
665 4243 796 4316 Αὐξησίη

235 4326 341 4371 'auteur
363 4322 415 4371 deu
436 4337 523 4386 aeque
547 4320 582 4371 ad
603 4322 710 4387 frugum
734 4337 796 4386 pro-

252 4400 362 4440 ventum
384 4390 546 4455 pertinebit,
566 4405 644 4456 quem
660 4394 687 4440 ln
703 4390 797 4456 populi

251 4459 392 4512 commoda
405 4465 488 4524 auget
498 4457 668 4525 ampliatqne
679 4460 797 4525 propitia

853 784 926 829 terra
937 782 1024 828 mater
1035 777 1164 827 omnium.
1190 776 1289 840 ltaque
1297 781 1399 825 utram·

853 864 904 914 que
919 848 995 897 deam
1010 846 1045 896 ad
1059 862 1118 895 enm
1131 847 1203 908 vim,
1216 861 1284 911 quae
1299 846 1398 896 Cerere

852 918 1023 979 continetur,
1053 917 1188 980 pertinere
1215 917 1285 964 satis
1309 920 1395 978 patet.

840 987 931 1050 'Quod
947 987 1017 1035 idem
1033 993 1105 1036 recte
1120 986 1260 1051 perspexit
1275 984 1398 1035 Usehold

854 1055 1029 1121 (llesebiehte
1048 1056 1076 1108 d.
1092 1056 1202 1105 'I'roiau
1216 1056 1314 1118 Kriegs
1332 1069 1397 1118 pag.

857 1125 905 1176 130
918 1125 1000 1190 seq),
1016 1127 1159 1190 utriusque
1173 1124 1254 1175 huius
1268 1125 1335 1173 deae
1350 1139 1398 1173 uo·

853 1197 926 1243 mirra
951 1196 1079 1259 primitus
1101 1195 1208 1245 CererIs
1233 1194 1398 1259 cognomina

852 1271 957 1314 tuntum
973 1264 1058 1314 fuisse
1071 1265 1243 1315 existimans:
1262 1263 1397 1314 eCereris

851 1333 1067 1415 cognomiuibus·
1085 1334 1160 1399 ipsas
1180 1334 1308 1396 delneepa
1330 1332 1397 1382 deus

852 1404 942 1454 iactas
952 1409 979 1453 et
991 1404 1069 1468 quasi
1080 1407 1222 1467 separatas
1235 1418 1295 1454 esse
1308 1401 1398 1463 addit,

851 1476 892 1523 ita
911 1478 942 1522 ut
962 1470 1057 1536 Δαμίη
1079 1472 1265 1552 appellaretur
1286 1487 1318 1520 ea
1335 1471 1398 1533 dea,

851 1558 921 1609 quae
941 1557 1026 1607 equos
1049 1542 1185 1605 domaret,
1211 1533 1338 1605 Αυξησιή
1358 1540 1399 1590 al·

852 1621 927 1674 tera,
943 1626 959 1659 u
970 1627 1024 1677 qua
1036 1627 1104 1661 arva
1118 1626 1266 1676 eorumque
1280 1625 1398 1675 proven-

851 1689 895 1732 tus
909 1682 1119 1745 augerentur3'
1112 1697 1139 1730 ιιι
1158 1696 1211 1746 qua
1230 1680 1364 1745 quidem
1357 1696 1399 1729 rn-

850 1752 1047 1816 terpretetione
1077 1752 1199 1816 equidem
1226 1752 1285 1800 viro
1315 1749 1398 1800 docto

850 1821 979 1872 assentiri
994 1836 1048 1870 non
1067 1835 1179 1885 prorsus
1197 1835 1317 1884 possum.
1354 1820 1398 1868 De

850 1895 965 1955 utruque
999 1889 1050 1939 dea
1088 1896 1251 1940 monuerunt
1288 1905 1398 1954 quoque

851 1961 975 2011 Creuner.
987 1958 1106 2023 Symbol.
1118 1961 1166 2010 IV.
1177 1975 1203 2024 p.
1216 1959 1276 2010 3⁶29.
1289 1958 1341 2010 380
1353 1958 1396 2008 ed.

851 2035 913 2082 tert.
941 2034 968 2079 et
990 2028 1020 2080 C.
1046 2029 1078 2079 F.
1104 2030 1260 2079 Hermann:
1288 2028 1398 2078 Gottes-

850 2098 958 2152 dienati.
972 2098 1089 2149 Alterth.
1107 2102 1132 2162 §-
1152 2100 1194 2150 52.
1213 2102 1269 2149 not.
1290 2099 1330 2148 17.
1353 2098 1394 2148 18.

849 2167 955 2219 eoll..C.
967 2169 1000 2220 0.
1011 2167 1135 2219 Mueller.
1147 2169 1284 2234 Aeginett.
1296 2184 1321 2233 p.
1338 2167 1397 2228 ltl,

834 2239 898 2304 .qui
922 2237 1171 2288 Valckenariauam
1197 2238 1397 2288 derivationem

851 2307 927 2359 voeis
940 2305 1053 2371 Δαμίης
1066 2307 1244 2358 falsIssimam
1258 2322 1319 2358 esse
1332 2306 1396 2357 inde

851 2377 944 2441 colligi
957 2376 1031 2439 vult,
1043 2376 1116 2443 quod
1126 2377 1268 2427 Herodoto
1279 2383 1338 2426 tum
1348 2391 1397 2441 ap·

850 2446 978 2510 pellenda
992 2447 1090 2497 fuisset
1104 2444 1210 2510 Δημιή.
1240 2448 1277 2497 Et
1288 2461 1350 2495 mox
1366 2461 1393 2510 p.

851 2517 901 2567 172
922 2517 963 2565 ita
980 2517 1156 2581 pronuntiat:
1184 2518 1281 2581 „Quae
1301 2517 1394 2565 neseio

849 2602 884 2636 en
904 2586 972 2637 satis
992 2585 1187 2651 probaverint,
1209 2588 1237 2636 in
1256 2585 1396 2651 religioni·

849 2656 900 2706 bus
918 2657 1033 2706 Damiae
1054 2664 1082 2705 et
1099 2658 1235 2707 Auxesiae
1252 2671 1394 2720 superesse

850 2725 1032 2790 fragmentum
1064 2724 1208 2775 doetrinae
1241 2726 1396 2777 vetustissi-

849 2810 926 2855 mae,
958 2795 1029 2859 qnod
1052 2801 1084 2845 ut
1107 2811 1169 2845 euru
1190 2794 1342 2845 EleusIniis
1367 2800 1394 2844 et

850 2863 1048 2915 Samotbraoiis
1065 2870 1158 2929 aptum
1175 2870 1218 2915 est
1233 2871 1261 2915 et
1279 2865 1394 2914 coniun-

849 2940 938 2983 etum:
963 2934 1013 2996 ita,
1026 2935 1049 2985 si
1069 2934 1135 2999 quid
1153 2932 1242 2995 alind,
1262 2935 1394 2998 mysteria

848 3002 1032 3067 Peloponnesi
1045 3019 1106 3053 eum
1121 3002 1229 3072 Italiuis⁴
1240 3004 1394 3053 arctissime

848 3073 998 3124 connectit.
1021 3074 1092 3135 Quid
1103 3074 1174 3123 enim
1186 3073 1316 3136 mysteria
1329 3080 1395 3124 sunt

850 3142 903 3191 uisi
916 3157 1070 3205 sacrorum,
1085 3157 1156 3209 quae
1168 3141 1232 3192 olim
1246 3158 1293 3207 per
1306 3148 1394 3193 totam

850 3211 993 3261 Graeciam
1007 3212 1137 3276 evulgata
1153 3212 1278 3274 fueraut,
1298 3212 1395 3262 irrum-

849 3285 958 3345 pentes
973 3282 1167 3346 septemtrione
1180 3281 1272 3332 seriori
1291 3282 1393 3346 populo

848 3350 1025 3400 disiecturum
1046 3351 1213 3417 fragmenta,
1233 3366 1304 3415 quae
1320 3351 1392 3416 apud

848 3424 945 3484 gentes
976 3421 1110 3485 quasdam
1143 3421 1246 3485 passim
1276 3419 1393 3472 delitue-

848 3486 949 3542 rant2“
977 3492 1017 3539 Ae
1030 3491 1146 3541 Damius
1160 3495 1187 3540 et
1200 3490 1336 3540 Anxeaiue
1350 3507 1393 3541 sa-

847 3573 895 3609 ers
917 3559 1001 3609 luisse
1028 3576 1130 3610 areana
1154 3567 1182 3609 et
1202 3558 1238 3609 ad
1261 3562 1393 3624 mysteria

848 3628 1030 3691 pertinuisse,
1042 3632 1104 3694 ipsa
1115 3630 1208 3680 Nostri
1219 3629 1347 3688 verbaV
1358 3629 1394 3681 83

848 3696 894 3747 fin.
911 3691 964 3746 εἰσὶ
978 3695 1010 3746 δι’
1029 3712 1079 3762 σφι
1096 3691 1176 3748 sul
1158 3713 1278 3763 nppqros
1294 3691 1393 3781 ipovq

847 3766 905 3830 ηίαι
915 3769 983 3818 satIs
995 3768 1126 3821 indicent
1152 3768 1294 3833 Simulque
1303 3769 1393 3818 emula

847 3837 915 3887 haee
938 3838 1059 3888 narratio
1088 3837 1169 3902 plura
1191 3840 1330 3897 eontinet,
1357 3838 1392 3887 ad

846 3922 916 3972 quae
939 3908 1036 3957 merito
1059 3908 1166 3957 attendi
1187 3908 1263 3957 iubet
1274 3906 1395 3958 Creuze·

847 3992 893 4026 rus
912 3975 930 4026 l.
949 3974 968 4024 l.
987 3976 1034 4025 IV.
1054 3992 1117 4041 pag.
1131 3978 1196 4026 etl:
1221 3978 1393 4041 superstitio-

849 4061 909 4095 nem
924 4045 986 4094 dico
1000 4043 1074 4094 Illam
1090 4046 1123 4095 de
1140 4046 1181 4102 vi,
1206 4062 1286 4111 quem
1301 4049 1394 4111 signo-

848 4130 907 4164 rum
923 4114 1090 4178 quoruudam
1112 4116 1209 4165 afferet
1225 4117 1404 4185 praesentis,¹

848 4199 953 4234 estora
965 4184 1062 4234 arbore
1074 4185 1271 4245 coniectorum,
1287 4183 1392 4235 oraculi

846 4253 950 4303 iussum
970 4254 1004 4303 ‹le
1024 4255 1109 4319 signia
1129 4255 1164 4304 ad
1183 4254 1280 4304 semem
1301 4254 1393 4318 depel-

847 4323 956 4373 lendum
972 4324 1108 4383 erigendis
1122 4322 1247 4406 ludisque
1259 4322 1392 4374 hilaribus

848 4393 1063 4453 constituendis3
1077 4408 1148 4459 quae
1158 4394 1218 4457 ipsa
1227 4410 1244 4443 a
1254 4393 1326 4443 ludis
1336 4394 1392 4443 Ro·

847 4477 988 4512 manorum
1000 4462 1199 4528 antiquissimis
1211 4478 1245 4514 ao
1254 4461 1392 4515 lectister-
