3100 5175
262 403 307 493 es
694 409 959 472 nasonem

261 597 462 678 Συβαρῖται,
470 590 575 674 σφέας
589 614 624 655 τε
638 583 761 666 αὐτοὺς
775 588 831 655 καλ
842 588 954 673 Τῆλυν
967 580 1026 651 τὸν
1040 583 1181 670 ἑωυτῶν,
1189 582 1329 668 βασιλέα
1345 580 1400 648 ἐπὶ

261 692 424 780 Κρότωνα
438 695 572 779 μέλλειν
585 690 845 774 στρατεύεσθαι,
868 688 945 766 τοὺς
961 687 996 755 δὲ
1015 683 1250 773 Κροτωνιήτας
1264 688 1398 770 περιδε-

263 799 318 877 έας
332 799 532 885 γενομένους
550 798 714 883 δεηθῆναι
729 798 878 880 Δωριέος
893 798 988 878 σφίσι
1002 792 1197 877 τιμωρῆσαι,
1213 789 1268 855 καλ
1283 803 1399 874 τυχεῖν

263 902 460 988 δεηθέντας·
475 898 763 986 συστρατεύεσθαί
774 924 809 965 τε
823 893 864 984 δὴ
874 896 926 963 ἐπὶ
934 892 1089 980 Σύβαριν
1099 893 1233 978 Δωριέα
1246 893 1302 959 καλ
1315 911 1398 958 συν-

263 1011 352 1072 ελεῐν
372 1001 434 1091 τὴν
454 985 619 1091 Σύβαριν.
653 1005 757 1070 ταῦτα
771 1003 834 1088 μέν
855 1026 919 1067 νυν
934 1004 1125 1085 Συβαρῖται
1145 999 1279 1082 λέγουσι
1301 998 1398 1081 ποιῆ-

216 1101 219 1110 ’
262 1127 318 1175 σαι
332 1109 466 1194 Δωριέα
487 1133 522 1174 τε
544 1108 600 1175 καὶ
620 1102 697 1184 τούς
717 1100 791 1194 μετ’
813 1098 925 1170 αὐτοῦ.
960 1104 1191 1189 Κροτωνιῆται
1217 1097 1252 1165 δέ
1274 1094 1400 1167 οὐδένα

262 1217 356 1297 σφίσι
372 1211 454 1297 φασὶ
468 1212 579 1290 ξεῖνον
597 1210 905 1296 προσεπιλαβέσθαι
920 1209 979 1272 τοῦ
999 1202 1081 1292 πρὸς
1094 1210 1285 1291 Συβαρίτας
1299 1204 1392 1271 πολέ·

261 1340 327 1402 μου
335 1364 344 1398 ,
360 1318 390 1381 εί
402 1310 447 1400 μὴ
460 1318 611 1398 Καλλίην
624 1315 692 1378 τῶν
710 1307 882 1398 Ἰαμιδέων
896 1307 1016 1397 μάντιν
1029 1304 1158 1376 Ἠλεῖον
1172 1310 1317 1394 μοῦνον,
1333 1306 1390 1374 καλ
1399 1330 1452 1384 393

262 1478 385 1528 iudicata
401 1479 452 1540 sit,
474 1483 505 1528 nt
519 1476 567 1542 qni
584 1479 681 1527 contre
693 1476 805 1541 Sybari·

261 1552 306 1598 tas
329 1548 459 1597 iudicium
486 1548 557 1597 serre
582 1547 717 1606 noluerit,
742 1561 804 1596 oum

261 1617 335 1666 fami
349 1616 390 1666 illi
403 1621 508 1667 tantum
520 1618 696 1672 eniterentur,
708 1617 804 1665 Croto-

261 1688 356 1736 niatae
368 1695 467 1746 autem,
479 1686 688 1737 utDehIrnsnno
702 1686 804 1750 placet,

261 1755 392 1805 historico
409 1757 804 1821 argumento,quod1pseHe·

260 1825 374 1875 rodotus
386 1841 536 1890 agnoscere
550 1827 685 1876 videatur.
711 1826 803 1890 Ipsam

261 1894 387 1959 Sybarim
411 1897 566 1959 accepimus
592 1911 608 1944 a
633 1895 803 1945 Crotoniatis

262 1963 380 2014 dirutam
395 1964 479 2015 suisne
493 1980 563 2015 enno
581 1964 632 2015 510
646 1980 671 2016 a.
691 1963 755 2013 Chr.
774 1981 801 2014 n.

262 2031 327 2098 (vel,
338 2034 512 2085 ntLarcbero
527 2035 627 2099 placet,
642 2036 692 2086 507
704 2049 729 2083 a.
739 2033 803 2084 Chr.

261 2099 320 2167 n),
337 2102 435 2152 incolis
449 2104 527 2153 modo
540 2104 707 2166 interiectis,
723 2104 804 2153 modo

261 2186 309 2237 per
319 2171 374 2221 alia
388 2187 503 2236 magnae
510 2174 640 2222 Graeciae
654 2175 755 2237 oppida
765 2173 804 2222 di-

261 2242 364 2306 spersis
376 2241 443 2303 (vid.
454 2240 484 2290 C.
494 2242 525 2291 F.
536 2242 674 2292 Hermann
684 2259 690 2291 ι
702 2241 802 2291 Lehrb.

260 2311 285 2361 d.
305 2310 406 2375 grieeh.
424 2311 628 2361 Staatsalterth.
645 2311 669 2373 §.
688 2310 731 2364 80.
745 2317 803 2361 not.

263 2379 316 2443 18),
338 2380 424 2429 donee
438 2395 509 2430 anno
523 2383 574 2431 444
590 2397 623 2431 ex
640 2380 754 2430 Athenis
770 2396 803 2429 eo

259 2448 377 2499 deducta
389 2454 431 2498 est
449 2449 570 2511 colonia,
592 2466 661 2516 quae
674 2466 727 2500 non
741 2465 803 2514 pro-

259 2517 303 2568 cul
316 2534 333 2567 a
348 2523 441 2568 uetere
455 2520 521 2570 urbe
537 2535 638 2571 novam
657 2522 802 2571 Thuriorum

258 2588 383 2639 condidit
396 2589 497 2642 urbem.
515 2591 620 2644 Tuvid.
632 2593 802 2655 potissimum

257 2658 371 2708 Diodor.
387 2660 456 2720 XII,
472 2661 496 2712 9.
513 2660 553 2710 10.
578 2661 661 2711 Plura
677 2659 754 2710 dabit
771 2661 801 2714 0.

258 2726 290 2776 F.
308 2728 461 2778 Hermann.
481 2729 624 2780 Lehrbueh
643 2736 696 2781 etc.
717 2734 740 2793 §-
766 2729 801 2779 80

257 2802 314 2846 not.
329 2798 363 2848 20
376 2813 433 2862 seq

294 2862 342 2914 soti
357 2864 504 2932 Τῆλυν],
508 2867 707 2931 ,Tyrannidem
721 2883 802 2918 oceu-

258 2942 383 3000 paverat,
395 2938 489 2988 eadem
501 2938 576 3001 prins
589 2937 725 2999 deiectus,
740 2953 801 2987 cnm

258 3005 402 3069 Sybaritas
421 3009 493 3057 inter
510 3012 539 3057 et
551 3008 727 3058 Crotoniatas
746 3007 802 3057 bel-

257 3073 311 3123 lnm
324 3077 523 3139 exardesceret,
529 3077 722 3128 n1Heraelides
730 3077 801 3128 Pon

256 3145 335 3207 licus,
351 3146 422 3209 quod
436 3146 569 3205 arbitror,
582 3146 683 3196 fallat
677 3164 705 3197 1n
719 3145 801 3196 ethe-

256 3228 317 3265 nae.
338 3215 411 3277 xll,
430 3217 472 3281 21.
491 3230 554 3296 μορ
577 3216 673 3269 sals
705 3216 801 3265 Potior

256 3282 403 3345 Herodoti,
404 3254 457 3333 illi
468 3285 601 3346 propioris
613 3285 739 3349 tempori,
752 3300 799 3335 eu·

256 3352 383 3414 claritas,
401 3355 445 3402 cui
461 3352 597 3402 Diodorus
609 3354 677 3415 XII,
689 3355 800 3418 liparis.

254 3420 334 3479 facit,
348 3416 686 3486 dqpopcoyduadpellans‚
699 3424 799 3487 quippe

254 3456 357 3538 blanda
378 3490 452 3555 vulgi
478 3491 602 3540 oratione
622 3492 657 3540 ad
684 3492 799 3543 ditiores

255 3557 335 3608 exilio
348 3558 518 3620 multandos,
535 3560 605 3609 unde
620 3559 683 3610 belli
694 3562 798 3625 Pytha·

252 3643 337 3692 gorae
350 3636 442 3680 aelate
455 3632 527 3692 gesti
542 3631 634 3695 origo,
654 3632 797 3681 concitan-

254 3704 317 3747 tem.
347 3695 424 3763 [Hac
439 3701 471 3750 de
492 3716 521 3751 re
545 3704 718 3750 enarrantem
737 3701 794 3754 vid.

253 3768 381 3820 Krische:
395 3770 436 3821 De
448 3771 573 3821 societat.
583 3769 700 3835 Pythag.
713 3786 796 3836 scopo

252 3838 425 3903 politicpsg.
439 3839 470 3888 91
485 3855 542 3904 seq.
557 3839 794 3891 erconavllrich:

251 3908 326 3958 Rerr.
336 3909 469 3972 Sybaritl.
481 3924 559 3973 capp.
574 3925 636 3973 pag.
648 3912 682 3959 44
690 3925 746 3973 seq
761 3912 795 3961 de

251 3977 344 4043 'Ielyis
356 3978 685 4044 tyrannideexponenlem
697 3976 707 4044 ]
724 3980 796 4030 Con-

250 4046 333 4097 simili
353 4045 525 4113 δηοανωγοῦ
542 4050 624 4100 tilulo
639 4049 794 4114 Cypselum,

250 4114 452 4169 Corinthiorum
464 4126 619 4184 tyrannum,
630 4118 794 4170 Aristoteles

249 4188 421 4237 ornatPolit.
436 4192 468 4240 V.
481 4206 541 4254 cap.
560 4190 631 4240 ull.“
660 4190 793 4240 Weeae·

248 4255 322 4319 ὶίημ
340 4256 402 4306 De'
394 4273 455 4320 ipsa
466 4275 533 4310 voce
547 4256 640 4324 Τῆλος
652 4261 699 4311 Cr.
716 4261 789 4312 conf

248 4322 425 4374 Doederlein.
455 4328 497 4377 De
520 4328 655 4379 vocabulo
675 4321 791 4392 τηλίγε-

247 4393 437 4459 rocOErlang.
455 4396 577 4462 1825)ρ.
595 4399 634 4447 12.
662 4399 726 4448 Mox
740 4395 789 4463 βα

855 1474 986 1525 reuocavi
1008 1470 1110 1535 σφίσι
1130 1469 1301 1537 τιμωρῆσαι,
1325 1472 1398 1536 qnod

855 1546 975 1610 praefert
988 1544 1132 1604 Matthiae,
1146 1558 1225 1607 quern
1237 1542 1311 1591 coni.
1326 1542 1360 1590 ad
1375 1542 1398 1604 I,

855 1616 897 1664 bi.
921 1616 942 1664 E
956 1614 1096 1664 Ssneroiti
1109 1613 1178 1662 libro
1189 1624 1239 1664 σοι
1254 1619 1398 1677 receperat

855 1684 993 1737 Gaieford.

891 1746 996 1801 ουδένα
1009 1751 1090 1815 σφίσι
1104 1747 1175 1827 (peel
1186 1746 1282 1811 ξεινον
1295 1762 1398 1812 προσε-

854 1817 1084 1887 πιλαβέοθαιτοῦ
1095 1813 1166 1884 πρὸς
1174 1817 1338 1903 Συβαρίτας
1346 1834 1398 1868 πο·

854 1891 975 1958 λέμου]
966 1909 984 1946 1.
993 1908 1016 1943 e
1032 1894 1146 1941 nemmem
1158 1893 1316 1954 pereprimou
1329 1894 1399 1952 ipsos

853 1962 920 2011 hoc¹
911 1979 935 2011 ια
951 1963 1015 2011 hello
1030 1962 1163 2011 adiuvisse.
1188 1961 1305 2010 Verbum
1317 1973 1397 2008 συνε-

855 2027 1083 2096 πιλαμβάνεσθαι
1103 2029 1197 2080 eodem
1217 2032 1274 2079 sere
1293 2031 1398 2094 signiti-

854 2105 918 2152 catu
930 2104 963 2165 V,
975 2103 1017 2152 45.
1033 2099 1131 2163 111,48
1144 2101 1205 2149 init.
1227 2101 1268 2149 De
1283 2099 1398 2157 lanitiis,

856 2173 951 2236 quibus
977 2170 1147 2220 oraculorum
1174 2184 1241 2219 cura
1266 2170 1301 2220 ad
1321 2170 1397 2219 Iovis

855 2240 992 2304 Olympici
1011 2256 1086 2290 erem
1108 2239 1162 2289 fuit
1180 2241 1341 2302 commissa,
1361 2238 1397 2287 ab

832 2357 833 2360 ,
855 2310 1083 2373 IamoApollinis,
1096 2309 1330 2372 utserebsnt,fili0
1341 2309 1398 2357 ori·

855 2379 949 2440 undis,
962 2383 1031 2429 satis
1043 2378 1128 2428 multa
1140 2379 1275 2430 Pindarus
1287 2379 1396 2443 Olymp.

853 2450 908 2511 VI,
923 2449 970 2497 ubi
982 2448 1086 2499 consul.
1099 2450 1276 2513 interpretes,
1291 2450 1397 2512 praeci·

854 2533 906 2582 pue
920 2518 1037 2567 Boechh.
1053 2517 1132 2582 Expl.
1149 2519 1229 2569 Pind.
1245 2535 1272 2584 p.
1288 2520 1337 2569 152
1353 2534 1395 2584 sq.

853 2589 1396 2654 etilckermann:Melampuspl'ldsqq

852 2658 922 2708 ridd.
931 2660 1060 2711 Herodot.
1072 2659 1120 2720 IX,
1129 2658 1163 2708 33
1176 2663 1204 2708 et
1216 2657 1314 2709 Benld:
1327 2659 1397 2709 Etn-

852 2727 900 2778 des
912 2743 959 2778 sur
970 2727 995 2777 le
1003 2726 1222 2811 Peloponnesel.
1227 2747 1262 2812 p
1274 2730 1326 2779 280
1337 2745 1394 2796 seq.

853 2798 912 2849 2841.
943 2798 997 2859 Qui
1011 2814 1072 2848 curn
1084 2813 1117 2848 ex
1132 2799 1278 2864 ignispioio
1295 2815 1339 2849 res
1353 2800 1396 2850 fu·

852 2873 929 2917 tures
940 2874 1086 2950 canerent,
1098 2870 1183 2918 verba
1196 2885 1271 2934 seqq.
1289 2864 1353 2917 ἐπεί
1367 2862 1399 2917 τέ

853 2951 880 2984 οι
895 2928 929 2984 roi
945 2953 994 2998 ιρα
1006 2931 1040 2987 ου’
1054 2930 1213 3003 προεχώρεε
1225 2952 1332 3002 χρηστα
1341 2940 1396 2985 δυ

852 2998 944 3071 ομένῳ
968 3005 1001 3070 (i.
1027 3022 1051 3057 e
1072 3023 1125 3057 ινα
1141 3010 1298 3070 sacrificanti
1316 3023 1397 3057 saera

851 3090 899 3124 nou
907 3077 1020 3139 feliciter
1030 3076 1163 3141 cederent)
1182 3078 1215 3128 de
1228 3076 1279 3126 tali
1294 3079 1396 3126 vatici·

851 3146 935 3194 nandi
947 3161 1053 3210 genere,
1062 3146 1132 3211 qnod
1146 3162 1193 3209 per
1204 3148 1292 3211 ignem
1301 3147 1395 3208 fiebat,

850 3214 1033 3279 intelligivult
1040 3214 1199 3280 wesseling.
1209 3216 1296 3277 Quam
1303 3216 1330 3265 in
1337 3232 1395 3266 rem

851 3284 905 3333 vid.
921 3284 1005 3334 allata
1018 3300 1035 3334 a
1046 3284 1073 3336 Ο.
1085 3286 1118 3334 F.
1130 3285 1301 3335 Hermanno:
1326 3285 1396 3336 Got-

850 3353 1003 3404 tesdienstl.
1016 3354 1132 3407 Alterlh.
1147 3355 1173 3407 d.
1186 3354 1294 3406 Griecb.
1308 3359 1332 3419 ξ.
1348 3356 1393 3406 38.

849 3429 906 3473 οο4.
925 3424 958 3474 23
972 3424 1033 3475 coll.
1049 3424 1073 3486 §-
1088 3424 1131 3477 39.
1149 3431 1205 3474 not.
1223 3425 1263 3475 ll.
1293 3426 1334 3475 Ad
1353 3425 1394 3475 lo·

848 3494 987 3543 cntionem
997 3494 1104 3544 faciunt
1118 3492 1203 3545 allata
1219 3494 1394 3546 aSohsefero

848 3563 1114 3614 deembe1·t.B0s.
1130 3565 1172 3613 De
1193 3564 1281 3628 ellips.
1298 3581 1324 3629 p.
1340 3564 1393 3615 213

848 3637 876 3682 el
890 3648 906 3681 a
922 3634 1074 3684 Dietschio:
1091 3634 1211 3684 Versnch
1224 3633 1267 3683 iib.
1282 3633 1394 3699 Thucy-

848 3701 901 3750 did.
920 3718 981 3768 pag
996 3704 1039 3765 35,
1054 3704 1101 3769 qui
1114 3703 1194 3754 affert
1206 3704 1339 3754 Herodoti
1352 3704 1393 3753 lo·

847 3770 1012 3822 ooehoer
990 3742 1076 3834 V‚b·2.
1093 3773 1171 3835 VIII
1189 3773 1245 3824 102
1263 3773 1320 3824 108.
1338 3774 1393 3824 Xe

846 3839 926 3903 noph.
942 3811 1029 3892 Anuli.
1045 3843 1097 3905 VI,
1114 3847 1145 3901 2,
1163 3844 1204 3894 21
1231 3842 1392 3893 infineca

845 3911 912 3973 pitis
931 3910 1113 3962 exhibuimus:
1137 3909 1225 3960 ταῦτα
1239 3899 1309 3960 di
1285 3927 1326 3960 ων
1345 3900 1392 3962 οὗ·

845 3993 889 4027 τοι
900 3976 1020 4042 λέγουσι,
1034 3997 1093 4031 oum
1106 3998 1199 4032 omnes
1214 3981 1276 4031 libri
1277 3982 1391 4057 scripti

845 4048 1005 4100 exhibeant:
1025 4066 1114 4100 ταντα
1126 4040 1209 4100 δὲ’
1169 4066 1209 4100 οι
1217 4066 1233 4100 κ
1252 4066 1333 4101 ουτοι
1345 4046 1390 4101 λέ-

844 4131 938 4182 γουσι,
952 4120 981 4170 in
995 4121 1092 4186 quibus
1103 4120 1228 4171 voculam
1243 4136 1295 4171 ουκ
1313 4129 1391 4175 stare

844 4203 898 4238 non
910 4204 990 4253 posse
1004 4206 1082 4240 nemo
1098 4208 1150 4241 non
1164 4192 1303 4257 intelligit.
1329 4194 1390 4242 Ita·

843 4273 895 4335 qne
909 4274 958 4323 pro
975 4254 1027 4308 oris
1042 4262 1083 4310 De
1094 4262 1135 4310 La
1147 4262 1233 4312 Baire
1244 4264 1391 4326 proposuit

842 4343 883 4376 ων
884 4330 975 4392 ‚quod
987 4329 1134 4380 Soheelero
1145 4339 1172 4381 et
1180 4331 1315 4382 Borhelrio
1325 4347 1391 4395 pro·

841 4397 933 4447 batum
954 4399 1230 4465 Schweighaeuserus
1254 4409 1282 4449 et
1305 4401 1390 4451 Gnis

248 4453 325 4510 σιλέα
336 4461 399 4514 dedi
409 4480 458 4529 pro
466 4463 587 4531 βασιληα
597 4474 625 4518 et
631 4468 714 4532 paulo
724 4472 788 4533 post
840 4466 945 4520 fordius
958 4475 1133 4537 receperunt,
1151 4486 1219 4537 quos
1233 4471 1292 4536 ipse
1308 4487 1390 4523 secu
