3100 5175
518 339 885 407 TERPSIOHORE.
907 344 943 408 V.
967 352 1010 411 66.
1277 347 1334 410 117

188 511 252 603 μὲν
267 510 336 586 aaa
356 519 513 606 δοκίμου,
537 512 620 607 ἀτὰρ
641 515 680 588 τοί
699 515 869 590 ἀνέκαθεν
881 517 943 591 οὐκ
964 527 1026 609 ἔχω
1041 518 1182 609 φράσαι·
1207 521 1332 596 θύουσι

138 634 189 687 404
198 621 233 688 δὲ
249 625 286 689 οί
294 624 476 710 συγγενέες
494 617 601 692 αὐτοῦ
613 629 676 692 Διῒ
687 631 814 712 Καρίφ.
841 613 934 694 οὗτοι
953 629 988 693 ot
997 622 1120 712 ἄνδρες
1134 630 1332 698 ἐστασίασαν

189 727 268 813 περὶ
284 725 464 815 δυνάμιος,
484 726 682 816 ἑσσούμενος
704 727 741 798 δὲ
761 724 1003 817 ὁΚίεισθίνης
1022 726 1081 798 τὸν
1102 734 1209 819 δῆμον
1228 745 1328 819 προσ-

189 837 402 917 εταιριζεται·
428 828 511 919 μετὰ
530 830 568 900 δὲ
587 830 815 921 τετραφύλους
829 830 944 912 ἐόντας
969 828 1167 921 Ἀθηναίους
1182 835 1329 923 δεκαφύ-

222 989 333 1046 θείουσι
346 990 377 1046 dl
390 990 421 1046 οἴ
432 990 576 1062 συγγενέες
587 989 678 1047 αὐτοῦ
686 998 736 1052 Διῒ
788 998 916 1062 Caribus,
932 999 1093 1065 quibuscum
1108 1005 1214 1053 mature
1229 1002 1329 1054 habue-

187 1063 522 1131 Καρίφ]1)ο1ουεοαττό
542 1068 613 1118 etde
628 1070 734 1122 Caribus
785 1069 842 1118 rint
862 1071 1065 1132 commercium,
1086 1072 1195 1122 contusi
1214 1071 1326 1123 fuerint.

185 1135 243 1186 vid.
258 1143 330 1189 nott.
341 1138 376 1186 ad
387 1138 411 1200 I,
425 1138 483 1188 171.
510 1138 653 1188 Pertinent
667 1155 732 1190 vero
784 1138 827 1190 De
840 1154 894 1203 quo
908 1144 970 1189 utut
983 1143 1101 1204 statuis,
1120 1141 1203 1191 Cares
1218 1158 1266 1206 per
1278 1158 1326 1192 an-

185 1205 255 1255 haec
272 1208 307 1256 ad
324 1222 405 1257 sacra
412 1208 556 1273 gentilicia,
578 1223 647 1272 quae
660 1210 731 1273 apud
783 1209 941 1272 tiquitatem
953 1209 1069 1261 infames
1079 1210 1165 1262 luisse
1182 1215 1325 1277 monstrat,

184 1275 368 1328 Athenienses
387 1292 441 1326 nou
462 1276 540 1326 aliter
557 1282 641 1343 atque
658 1279 730 1343 apud
782 1277 875 1328 eodem
887 1278 1049 1331 observante
1060 1280 1250 1344 Valckenario,
1264 1297 1325 1345 pro-

183 1346 325 1396 Romanos
339 1347 463 1412 aliasque
478 1348 653 1412 antiquitatis
667 1364 730 1413 gen·
780 1348 901 1399 verbium
919 1340 951 1396 ἐν
965 1345 1061 1410 Καρὸς
1079 1346 1156 1415 αἴσῃ.
1190 1350 1232 1403 Cf.
1251 1351 1323 1402 aliae

184 1420 227 1465 tea
238 1415 339 1465 eximie
352 1415 519 1467 colebantur.
548 1418 662 1482 Spectat
676 1418 728 1469 huc
780 1417 883 1467 similes
896 1418 1047 1469 locutiones
1055 1420 1128 1484 apud
1137 1420 1260 1484 Euripid.
1273 1421 1324 1482 Cy·

182 1500 237 1536 vox
257 1478 289 1533 οί
300 1482 459 1550 συγγενέες,
481 1486 514 1535 de
529 1487 607 1537 cuius
625 1488 727 1552 signifi·
779 1485 848 1551 clop.
858 1487 916 1537 650.
930 1488 1044 1539 Aristid.
1055 1489 1087 1540 T.
1099 1489 1153 1540 111.
1165 1506 1191 1553 p.
1205 1489 1266 1539 256.
1281 1490 1323 1539 Ci-

181 1555 294 1606 catione
315 1555 369 1605 tali
386 1556 414 1604 in
434 1572 464 1607 re
479 1557 610 1620 exposuit
626 1557 726 1609 Meiere
779 1572 833 1606 cer.
844 1556 937 1608 Flacc.
947 1573 970 1607 c.
980 1558 1027 1608 27:
1043 1558 1167 1622 „Siquid
1179 1561 1322 1624 cumperi·

181 1625 226 1675 De
243 1624 405 1688 gentilitate
424 1627 545 1691 φοραῖς
571 1625 727 1677 indicantur
778 1626 839 1677 culo
852 1627 968 1691 experiri
980 1625 1061 1688 velis,
1074 1628 1102 1676 iu
1115 1626 1181 1678 Cure
1193 1629 1220 1678 id
1235 1630 1321 1693 potis·

182 1696 255 1745 enim
276 1699 403 1761 cognati,
423 1696 468 1746 vel
484 1695 577 1760 potius
596 1697 640 1762 qui
654 1697 726 1751 eius·
776 1695 874 1746 simum
887 1712 946 1747 esse
959 1695 1145 1747 faciundum.“
1162 1697 1225 1748 vid.
1240 1699 1321 1749 Hem-

181 1764 241 1814 dem
257 1771 324 1814 sunt
341 1765 451 1830 generis
470 1780 492 1817 s.
505 1766 600 1830 stirpis
620 1758 662 1830 (οἱ
677 1752 725 1814 ὅν·
778 1765 895 1817 sterhns.
926 1766 962 1815 ad
991 1767 1150 1831 Argument.
1179 1766 1318 1833 Aristoph.

179 1848 225 1890 τες
240 1823 271 1882 ἓν
281 1832 334 1884 τοῦ
345 1824 436 1883 αὐτοῦ
447 1832 559 1898 γένους,
573 1837 654 1885 nteit
664 1836 726 1886 Am·
774 1834 848 1886 Plut.
862 1850 928 1900 pag.
943 1836 960 1887 6
975 1840 1019 1896 et,
1032 1841 1147 1887 notante
1158 1837 1222 1893 Cr..
1236 1838 1320 1887 Heiu-

179 1920 251 1956 mon.
270 1919 334 1970 pag.
348 1902 392 1969 3),
413 1905 530 1969 indeque
548 1905 644 1955 iisdem
663 1920 726 1969 ope·
776 1904 845 1954 dori.
864 1904 899 1953 ad
913 1895 1021 1954 Platon.
1037 1905 1157 1970 Euthyd.
1177 1920 1240 1970 pag.
1257 1906 1319 1958 311.

179 1979 277 2025 rantur
312 1975 400 2024 sacris
434 1974 601 2040 eundemque
631 1974 726 2025 colunt
775 1973 851 2024 Idem
874 1975 923 2025 Gr.
948 1973 1002 2024 hue
1029 1975 1100 2025 citat
1126 1974 1319 2025 Pseudo-Plu·

177 2044 257 2094 deum
273 2042 432 2106 tutelarem,
446 2048 531 2094 totins
542 2044 631 2108 gentis
644 2045 725 2109 quusi
775 2043 865 2094 tarch.
877 2044 918 2092 De
928 2043 1177 2108 malignllerodot.
1185 2060 1247 2110 pag.
1257 2045 1318 2096 860.

177 2113 345 2177 praesidem.
373 2114 453 2164 Hunc
468 2114 637 2178 igiturdeurn
652 2113 725 2177 qnod
775 2139 811 2149 -
839 2112 881 2162 Ad
913 2113 1024 2164 verbum
1054 2113 1316 2174 προοεταιρίζεοθαι

177 2183 313 2248 Isagorae
333 2199 401 2244 gens
420 2183 504 2233 coluit
519 2184 602 2233 Iovem
614 2183 723 2243 Curium,
775 2182 849 2233 conl.
871 2182 930 2247 ΙΙΙ,
954 2182 996 2233 70.
1044 2184 1097 2245 Qui
1121 2183 1254 2235 Herodoti
1277 2185 1317 2234 lo·

176 2252 205 2303 id
222 2258 266 2304 est
280 2254 453 2318 peregrinum
466 2253 546 2317 quasi
559 2251 651 2314 deum,
668 2268 723 2302 non
774 2267 836 2303 cum
858 2252 937 2302 affert
952 2252 1090 2316 verboque
1110 2251 1317 2313 προσεταιρίζε·

177 2322 302 2373 Atticum
322 2338 356 2372 ac
378 2323 425 2371 vix
446 2324 596 2384 Graecum,
621 2323 649 2372 id
671 2322 722 2373 hoc
774 2320 844 2371 σθαι
861 2337 921 2371 eam
935 2323 1018 2372 tribui
1034 2322 1092 2371 vult
1105 2323 1133 2373 h.
1146 2322 1164 2373 l.
1178 2322 1316 2387 significa·

175 2390 236 2443 loeo
261 2397 403 2458 tamquam
428 2391 565 2457 peculiare
587 2392 722 2457 quoddam
773 2392 884 2451 tionem,
895 2393 1051 2455 utscriptor
1061 2392 1316 2454 dixerit:‚,cturte-

175 2462 316 2525 profertur
341 2467 370 2513 et
386 2462 422 2512 ad
442 2463 570 2527 langorae
588 2461 720 2526 originem
770 2477 816 2512 nes
835 2460 962 2512 lebedos
978 2463 1045 2513 Vollc
1061 2479 1093 2513 zu
1107 2465 1192 2512 rainer
1206 2464 1315 2512 Heta‘rr'e

175 2531 370 2583 declarandam
379 2531 504 2583 nonnihil
515 2532 628 2593 iaciens,
639 2531 720 2598 quod,
767 2530 917 2598 ponticum,
939 2533 1072 2582 Buettner
1094 2531 1268 2597 (Gesehiehte
1288 2531 1314 2580 d.

175 2604 222 2667 qui
239 2603 274 2653 sd
287 2603 421 2668 Isagorae
435 2611 543 2666 gentem
556 2605 718 2667 pertineant,
771 2601 935 2665 politiscbsn
944 2603 1090 2652 Hetdrieen
1101 2602 1129 2652 iu
1140 2601 1237 2651 Athen.
1250 2617 1313 2666 pag.

173 2688 239 2735 non,
249 2677 281 2722 ut
292 2671 721 2737 reliqniAtheuienses,Ionioup-
774 2670 834 2735 16),
857 2671 880 2720 is
897 2670 963 2719 mihi
979 2686 1034 2720 nou
1047 2687 1156 2735 prorsus
1172 2676 1245 2721 recte
1257 2674 1313 2720 vim

172 2740 288 2808 γενείῳ,
308 2747 339 2793 ut
353 2742 504 2793 vocabatur
523 2741 571 2807 (cf.
587 2741 719 2791 Creuzer:
771 2740 852 2789 huius
866 2740 941 2789 verbi
955 2740 982 2790 h.
997 2739 1014 2791 l.
1031 2741 1137 2805 cepisse
1152 2741 1273 2803 videtur,
1288 2741 1313 2790 si

172 2811 265 2874 Symb.
278 2812 331 2863 111.
346 2829 372 2877 p.
390 2812 438 2862 116
450 2812 490 2862 ed.
503 2809 589 2875 tert),
606 2811 654 2861 sed
667 2810 722 2861 Ιονί
771 2810 878 2875 quidem
899 2810 986 2859 nostri
1011 2810 1154 2875 scriptoris
1178 2810 1248 2873 haeq
1266 2826 1314 2873 po·

172 2882 249 2932 Corio
262 2898 345 2933 saera
356 2882 475 2932 iaciant:
492 2895 525 2930 ex
539 2896 590 2945 quo
604 2880 673 2945 ipso,
690 2885 720 2930 ut
770 2881 827 2929 tius
844 2883 886 2927 est
908 2880 1057 2929 sententia:
1080 2878 1247 2941 Clisthenes,
1267 2879 1313 2942 qui

172 2954 242 3002 scite
262 2951 422 3017 suspicatur
444 2949 623 3009 Valckenar.,
645 2949 720 3000 vilis·
769 2950 896 3015 princeps
910 2963 943 2997 ue
958 2949 1011 2997 dux
1023 2948 1152 2998 factionis
1163 2937 1311 3012 (ἑταιρίας)

171 3021 540 3086 simamhominisoriginem
555 3035 719 3084 cognoscere
768 3017 1025 3068 Alcmaeouidarum
1057 3014 1089 3081 (i.
1119 3032 1143 3066 e.
1170 3016 1310 3070 nobilium.

170 3088 266 3152 liceat,
279 3091 323 3141 his
334 3091 426 3142 verbis
436 3095 508 3142 tecte
519 3089 717 3155 quodammodo
768 3085 956 3151 optimatium)
976 3091 1050 3148 erat,
1071 3102 1132 3136 cum
1147 3086 1181 3136 ab
1197 3101 1244 3145 eo,
1263 3087 1311 3150 qui

170 3161 339 3224 indicatam,
359 3160 383 3211 si
397 3161 503 3226 quidem
516 3160 580 3209 iude
591 3163 715 3223 apparet,
768 3157 882 3208 alterius
901 3156 1029 3206 sectionis
1049 3155 1193 3215 duxerat,
1218 3156 1310 3205 rietus

171 3233 291 3281 maiores
306 3231 390 3281 Caria
402 3231 532 3281 oriundos
547 3229 576 3277 in
593 3227 715 3278 Atticam
767 3232 856 3287 esset,
879 3227 933 3275 iam
950 3224 1078 3290 populum
1094 3222 1309 3290 (Alcmaeouidis

169 3302 275 3365 recepti
285 3317 348 3351 eum
359 3306 466 3359 esseut,
481 3314 561 3350 sacra
571 3298 661 3362 patria
675 3314 715 3347 re-

169 3371 286 3421 tinuisse
297 3369 339 3435 (id
352 3370 423 3434 quod
438 3369 595 3435 inquilinis,
610 3367 714 3418 liberti-

169 3442 229 3502 nis,
250 3441 316 3490 aliis
336 3455 497 3490 concessum
516 3438 601 3488 fuisse
623 3440 714 3487 osteu-

169 3510 255 3570 duut,
277 3525 350 3575 quae
363 3510 493 3559 disseruit
503 3507 673 3558 Schoemann
686 3508 714 3555 in

168 3580 332 3630 Prolusione
355 3579 388 3627 de
414 3577 591 3643 religionibus
612 3577 714 3629 exteris

169 3650 243 3712 apud
274 3648 467 3699 Athenienses.
511 3645 713 3711 Gryphiewald.

170 3720 246 3772 1857.
272 3734 337 3784 pag.
362 3716 414 3782 10).
447 3717 531 3767 Cares
553 3724 645 3767 autem
666 3730 714 3781 per

169 3788 314 3840 Graeciam
332 3786 404 3838 male
418 3787 569 3836 audiebant
585 3786 715 3835 infames—

169 3873 221 3922 que
237 3858 427 3908 hahehsntur:
451 3856 551 3920 quippe
570 3855 618 3919 qui
632 3853 713 3920 primi

169 3928 293 3979 mercede
311 3927 441 3977 conducti
459 3925 613 3976 militabant
635 3928 713 3974 etex

170 3999 267 4062 quibus
280 3998 364 4048 etiam
377 3994 454 4046 multi
465 3997 494 4045 in
509 3996 653 4046 Graeciam
664 4009 711 4044 ve·

170 4069 280 4119 aiebant
290 4067 374 4117 servi.
395 4064 473 4116 Conl.
484 4068 554 4115 nott.
564 4063 599 4114 ad
608 4065 641 4123 V,
651 4064 678 4113 ll
688 4065 710 4113 l.

766 3303 831 3346 aute
859 3295 995 3346 intensum
1019 3299 1047 3345 et
1070 3296 1098 3345 in
1118 3294 1309 3345 Pisistratidas

764 3364 940 3431 propensum)
958 3365 992 3414 ad
1008 3380 1073 3415 suas
1092 3369 1184 3430 partes
1201 3363 1310 3414 trahere

765 3441 793 3485 et
818 3450 883 3486 suae
913 3434 1028 3484 factioni
1055 3434 1203 3485 conciliare
1230 3435 1310 3484 iusti-

764 3506 834 3565 tuit,
853 3521 907 3570 quo
920 3503 1015 3556 melius
1029 3505 1216 3555 adversarium
1229 3519 1309 3568 supe-

763 3580 848 3626 raret.
874 3575 913 3625 Ac
927 3573 1068 3625 declarant
1081 3575 1132 3626 hoc
1141 3576 1203 3639 ipsa
1215 3574 1308 3624 Nostri

763 3644 863 3705 verba,
883 3660 952 3709 quae
974 3643 1047 3694 inira
1065 3644 1192 3709 leguntur
1205 3645 1242 3705 V,
1258 3644 1306 3694 69:

763 3707 815 3763 τὸν
841 3706 1000 3777 Ἀθηναίων
1025 3710 1132 3777 δῆμον,
1165 3710 1307 3772 πρότερον

764 3774 949 3847 ἀπωσμένον,
969 3774 1031 3832 τότε
1045 3777 1138 3831 πάντα
1151 3774 1224 3846 πρὸς
1243 3773 1306 3845 τὴν

764 3845 900 3903 ἑαυτοῦ
927 3853 1032 3916 μοῖραν
1062 3852 1143 3917 (quae
1166 3867 1236 3929 eane
1264 3856 1306 3927 est

762 3913 1101 3988 ἕταιρία)ττροοεθτγ’τατο,
1109 3927 1149 3972 et:
1160 3936 1197 3985 ην
1206 3934 1244 3981 τε,
1255 3935 1305 3968 τον

762 3991 857 4055 δῆμον
875 3988 1087 4054 προσθέμενος,
1109 3987 1205 4054 πολλῷ
1221 3979 1306 4038 κατύ-

763 4060 853 4123 περθε
866 4057 922 4108 τοῖν
937 4051 1188 4109 ἀντιστασιωτέων.

170 4138 255 4199 Quare
267 4132 708 4200 Saldan(Rbeiu.Mus.N.F.lll.
802 4120 996 4189 τετραφύλους
1019 4118 1118 4185 ἐόντας
1136 4118 1307 4191 Ἀθηναίους

171 4223 195 4269 p.
207 4207 252 4271 98)
265 4223 327 4257 eam
342 4207 473 4271 proponit
485 4203 662 4262 sententium,
680 4206 711 4251 ut
761 4192 941 4260 δεκαφύλους
955 4188 1082 4263 ἐποίησε]
1098 4197 1176 4249 Coul.
1189 4197 1262 4247 iufra
1271 4198 1305 4261 V,

171 4276 296 4344 langorse
313 4280 439 4341 gentem,
460 4289 531 4338 quae
549 4275 640 4323 Iovem
661 4271 712 4322 Ca·
762 4271 797 4320 69
814 4273 856 4332 et,
877 4268 923 4334 qui
946 4267 1018 4318 hunc
1037 4268 1125 4319 locum
1145 4267 1304 4333 respiciunt,

171 4346 235 4397 rium
248 4346 369 4413 privatis
382 4344 470 4394 sacris
482 4342 610 4405 coluerit,
623 4341 712 4406 repeti
762 4342 882 4391 Pausan.
902 4340 928 4399 l,
949 4341 973 4388 5.
996 4341 1020 4401 §-
1040 4338 1064 4390 l.
1083 4337 1171 4390 Schol.
1189 4339 1303 4391 Aristid.

171 4416 230 4469 velit
246 4433 279 4469 ex
298 4416 400 4479 Ionia,
425 4414 502 4465 cuius
519 4412 627 4464 incolae
651 4426 713 4462 cum
763 4425 827 4476 pag.
839 4409 889 4460 110
898 4409 941 4460 ed.
953 4409 1096 4461 Frommel.
1122 4411 1164 4461 De
1177 4413 1305 4474 quattuor
