3100 5175
285 410 347 471 676
720 411 986 475 HERODOTI

237 587 335 654 61τολ
348 583 494 668 Κύπριοι
512 587 657 671 λέγουσι,
690 593 826 666 Κίλικες
841 587 876 655 di
893 585 1011 655 ἑκατὸν
1024 593 1223 674 παρείχοντο
1235 588 1325 667 νίας.
1352 576 1415 655 οὗ·
1425 617 1478 665 5⁴7

238 742 240 746 -
285 716 338 757 τοι·
352 686 386 757 δ’
403 680 447 756 αὖ
462 690 538 774 περὶ
553 688 615 776 μλν
633 694 708 776 ιῄσι
723 695 887 782 κεφαλῇσι
903 690 1028 779 κράνεα
1042 691 1219 778 ἐπιχώρια,
1234 690 1370 778 λαισήιά
1385 718 1423 758 τε

286 792 376 879 εἶχον
390 788 462 860 ἄντ’
478 788 649 874 ἀσπίδων,
672 788 841 881 ω’μοβοίιχς
855 796 1079 881 πεποιημένα,
1100 797 1155 863 καλ
1169 799 1319 872 κιθῶνας
1335 798 1418 878 είρι-

284 900 381 974 νέους
398 894 631 974 ἐνδεδυκότες
671 898 732 963 δύο
753 897 790 965 δὲ
811 893 948 965 ἀκόντια
968 900 1103 976 ἕκαστος
1123 899 1179 966 καὶ
1200 902 1295 984 ξίφος
1316 896 1421 984 εἶχον,

283 995 452 1085 ἀγχοτάτω
466 1004 539 1088 τῇσι
555 1005 759 1088 Αἰγυπτίῃσι
777 1008 957 1089 μαχαίρῃσι
973 1003 1189 1087 πεποιημένα.
1231 990 1337 1068 Οὗτοι
1356 999 1423 1086 μὲν

283 1101 321 1170 τὸ
338 1098 481 1170 παλαιὸν
498 1097 668 1188 Ὑπαχαιοὶ
689 1105 882 1187 ἐκαλέοντο,
906 1104 960 1172 ἐπὶ
981 1104 1017 1171 δὲ
1036 1111 1175 1182 Κίλικος
1195 1108 1255 1171 τοῦ
1281 1099 1419 1191 Ἀγὴνο-

284 1233 360 1293 ρος,
382 1202 505 1293 ἀνδρὸς
520 1213 696 1289 Φοίνικος,
721 1213 819 1293 ἔσχον
841 1203 903 1296 τὴν
924 1209 1130 1295 ἐπωνυμίην.
1173 1206 1358 1295 Πάμφυλοι
1383 1206 1421 1274 di

284 1406 348 1457 lisso
360 1404 509 1456 rrdetur
483 1422 542 1456 viro
554 1405 645 1455 docto
672 1407 824 1471 Doquibus
875 1396 1049 1473 ιίμοβόϊνος,
1072 1406 1144 1471 quod
1165 1405 1264 1469 legitur
1284 1406 1354 1467 Vll,
1376 1405 1418 1455 76.

284 1473 352 1525 ιιλλιίΙ
364 1489 526 1540 quamquem
540 1475 691 1525 traditum
685 1476 825 1526 invenitur
875 1477 917 1525 76.
934 1475 1001 1525 Αιλιλ.
1011 1474 1136 1540 Xenoph.
1143 1475 1229 1524 duab.
1238 1475 1285 1533 1v,
1297 1478 1322 1525 7
1335 1440 1365 1547 ,ἐ
1370 1475 1420 1522 2³.-

284 1546 312 1595 in
328 1545 457 1595 celeberr
450 1559 504 1594 rma
520 1544 567 1593 illa
581 1545 759 1609 inscriptione
773 1546 825 1610 Cy·
874 1540 922 1593 καί
934 1540 1019 1608 γέρρα
1028 1538 1129 1609 ἔλαβον
1139 1541 1249 1593 δασέων
1258 1534 1365 1606 βοοῖν
1343 1556 1418 1604 ιαμο-

284 1618 359 1681 prie,
377 1616 573 1680 quaerimusis
590 1614 709 1664 celebrat
729 1616 824 1665 foedus
875 1607 957 1681 βοινα
971 1613 1033 1663 coll
1043 1617 1078 1693 3.
1080 1614 1114 1663 26
1128 1621 1156 1663 ot
1171 1613 1232 1676 VlI
1247 1614 1311 1676 3.3.
1327 1612 1371 1663 32,
1384 1637 1418 1647 -

283 1700 345 1734 cum
372 1685 480 1749 Cypriis
513 1686 650 1734 ineuntem
675 1683 825 1750 iisdemque
874 1683 915 1734 Ad
942 1699 1036 1734 vocem
1062 1696 1205 1747 αγχοτατω
1233 1683 1282 1732 Cr.
1310 1681 1419 1732 confert

243 1789 250 1801 .
284 1770 378 1820 psoorn
389 1757 576 1804 restituentem
588 1754 826 1818 postssersbells
876 1752 1011 1802 Matthiae
1030 1752 1234 1803 Animadversa
1256 1751 1292 1800 ad
1315 1752 1417 1816 Ηχιιιιι.

283 1824 449 1877 domestice
463 1823 825 1889 quibuspressifueriutin·
875 1824 999 1873 Ηοιιιοιι.
1011 1838 1038 1887 p.
1053 1821 1114 1873 338.

285 1893 362 1943 sulae
377 1893 496 1944 incolae.
515 1898 606 1943 temen
625 1891 697 1943 haud
710 1894 824 1944 incredi-
915 1878 994 1940 οὖτοι
1011 1882 1109 1953 μὲν
1080 1905 1111 1939 ιο
1131 1881 1255 1938 παλαιὸν
1264 1883 1416 1953 ’Τπαχιιιολ

284 1963 339 2013 bile
361 1979 471 2028 prorsus
488 1963 516 2012 id
535 1962 622 2013 videri
642 1968 748 2028 potest·
769 1963 825 2012 nisi
874 1951 1044 2025 ίκαλέοντο]·
1063 1961 1152 2011 Cilices
1171 1966 1416 2011 commemorantur

285 2033 364 2082 malis
386 2033 421 2082 ad
447 2033 538 2098 priora
560 2038 683 2096 tempora
707 2033 838 2098 regredi,
875 2032 946 2081 mter
962 2036 1058 2095 gentes
1072 2030 1157 2079 Dario
1170 2028 1310 2091 subditas
1332 2029 1418 2078 tribu·

285 2103 382 2167 quibus
393 2102 499 2167 Cyprus
514 2102 707 2165 Aegyptiorum
720 2117 823 2167 regum,
876 2105 932 2149 tum
947 2100 1083 2150 solventes
1101 2105 1184 2165 atque
1203 2065 1327 2162 qusrtslrr
1341 2098 1417 2163 regni

284 2172 463 2233 Sesostridis‚
476 2170 619 2233 Sethonis,
632 2172 733 2234 Apsias
744 2187 825 2235 expe·

283 2241 402 2291 ditiones
415 2241 577 2290 sustinuisse
588 2246 670 2304 atque
681 2242 825 2307 Aegyptiis

284 2324 391 2373 quoquo
400 2312 427 2359 iu
440 2316 545 2374 tempus
555 2308 689 2375 quoddam
700 2313 825 2376 peruisse

285 2379 455 2444 perhibetur:
474 2380 528 2428 vid.
541 2377 642 2429 Roeth:
656 2381 707 2431 Die
716 2380 825 2431 Procle-

285 2453 352 2499 mat.
370 2448 395 2497 d.
411 2449 519 2497 Amasis
530 2464 592 2513 pag.
607 2447 665 2500 101.

477 2620 543 2671 Cer.
560 2620 632 2672 XCI.

321 2716 435 2806 λαισήϊαΙ
454 2738 483 2774 τε
506 2715 585 2803 εἶχον
605 2713 657 2772 eivs
657 2714 823 2802 ἀσπίδων]

191 2801 198 2808 “
284 2789 401 2859 λαισήϊα
419 2794 474 2844 dici
492 2810 525 2843 τα
516 2786 575 2842 ἐν
594 2790 629 2859 τῆ
649 2791 714 2860 λαιᾷ
736 2787 823 2856 φερό·

284 2880 355 2929 μενα
370 2857 525 2928 α’μαζονικά
539 2856 661 2912 αιιπιδια
673 2869 753 2913 notat
766 2866 822 2913 Eu·

284 2935 383 2996 statis,
404 2936 449 2985 cui
468 2933 532 2984 odd.
554 2931 708 3009 Etymolog.
733 2948 821 2997 magu.

284 3021 347 3084 pap.
362 2972 412 3054 666
423 3005 509 3082 Lips,
527 3003 573 3054 ubi
588 2994 705 3083 λαιρήια
715 3016 743 3050 τε
758 3015 823 3050 πιε-

285 3069 384 3132 ρόεντα
397 3088 483 3137 μιιρα
474 3066 615 3121 ἀσπίδια
609 3064 820 3151 ὦμοβιλρσινιι·

283 3137 340 3193 ἔστι
357 3137 389 3192 δὲ
402 3159 448 3191 και
441 3133 637 3224 βαρβαρικὸν
648 3130 747 3190 οπλον.
765 3142 822 3192 Nec

284 3212 408 3272 dubium,
429 3213 493 3277 quin
506 3213 578 3262 scuti
590 3226 674 3275 genus
687 3209 821 3275 quoddam

283 3283 420 3347 peculiare
430 3280 605 3360 significetur,
617 3281 776 3344 praesertim
788 3280 822 3329 ob

283 3351 367 3400 verba
398 3350 506 3399 adiecta
534 3345 679 3414 ὠμοβοέης
702 3362 821 3413 πεποιη-

282 3414 361 3482 μένα,
376 3419 394 3467 i
404 3434 428 3468 e.
438 3420 539 3467 cerreda
552 3418 620 3469 bouis
629 3420 821 3481 peilecorrfectu

284 3485 396 3553 (scuta),
419 3480 447 3546 ἐξ
473 3480 687 3550 ἄκατιργασιων
707 3485 822 3553 βιρσιδν

284 3561 327 3622 (ut
339 3558 380 3606 sit
391 3556 519 3605 Eustatlr
534 3556 569 3605 sd
582 3556 624 3606 Ili
640 3571 701 3620 pag.
713 3559 772 3616 570,
787 3559 821 3608 25

282 3624 378 3687 ι,,433
394 3625 434 3687 16,
453 3624 619 3675 ubieshibet
632 3622 820 3691 ω’μοβοείοις),

281 3695 416 3816 itiilll'
428 3695 822 3816 1313.ῖ”11ῑ.3133”

281 3834 332 3886 666
350 3838 399 3897 3.,
416 3834 462 3885 ubi
479 3827 568 3883 καλὸν
585 3826 729 3898 λαισήιον,
736 3780 823 3897 rip}

281 3901 373 3971 βλημα
390 3872 512 3967 χρωτός,
537 3910 566 3953 et
584 3902 619 3953 ad
637 3920 731 3955 vocem
749 3898 822 3986 αλμο-

281 3971 364 4041 βοέης
374 3975 481 4024 confert
492 3975 581 4032 1v,65
601 3965 820 4056 ubioipp3oe‘qv)‚

281 4010 582 4107 cumlonicumsitoipo
603 4042 721 4105 osqscil.
732 4039 820 4105 dopo:

281 4113 315 4163 de
333 4128 387 4178 qua
404 4112 494 4178 ellipsi
514 4112 587 4164 conf.
603 4110 689 4162 allata
705 4112 741 4162 ad
756 4113 819 4175 Vll,

280 4182 323 4234 66.
347 4183 417 4233 Adri.
437 4183 555 4235 Lobeck.
578 4181 654 4234 Diss.
671 4182 693 4234 l.
721 4182 822 4231 Deuo-

280 4251 392 4301 miuibb.
405 4251 518 4302 Graeco
533 4252 669 4302 substsnt.
681 4256 709 4301 et
720 4251 819 4301 adreci.

280 4320 415 4384 ambiguis
428 4319 611 4384 (Regiomont
625 4319 702 4384 1832)
717 4336 781 4385 psg.
794 4322 819 4374 6.

279 4387 406 4453 Reliquis
419 4391 609 4468 scriptoribus
622 4390 714 4439 eodeur
728 4391 820 4440 obser

279 4462 371 4521 rante,
384 4459 488 4510 usitata
497 4465 562 4511 suut
570 4450 726 4525 ολμοβόιιος
737 4463 820 4525 etque

874 2171 1042 2234 provinciam
1054 2185 1076 2219 s.
1087 2170 1237 2234 satrapism
1248 2167 1415 2218 constituen-

876 2244 918 2289 tes
937 2239 994 2300 111,
1011 2240 1054 2300 66,
1074 2238 1120 2288 ubi
1133 2240 1160 2287 in
1173 2239 1353 2288 annotatione
1368 2238 1416 2286 rui-

874 2324 932 2359 rum
955 2308 1042 2358 videri
1062 2308 1195 2367 diximus,
1219 2306 1290 2372 quod
1316 2308 1345 2356 iu
1371 2322 1416 2356 cu·

875 2378 965 2429 neatis
1001 2379 1146 2427 Persarum
1190 2376 1415 2441 inscriptionibus

875 2447 951 2498 nulls
970 2447 1049 2497 buius
1066 2453 1155 2497 terrae
1174 2446 1301 2511 gentisve
1315 2447 1415 2496 mentio

874 2517 934 2573 liam
947 2518 1001 2566 nisi
1011 2516 1110 2567 Cilicas
1121 2516 1221 2565 referre
1230 2513 1300 2566 velis
1312 2517 1346 2564 sd
1358 2531 1414 2565 esm

874 2588 1055 2652 provincism,
1074 2601 1144 2652 quse
1155 2585 1232 2636 Iones
1244 2589 1270 2636 ιἰι
1285 2589 1416 2636 conlirreub'

873 2657 1014 2707 habitantes
1032 2656 1219 2721 complectitur
1242 2670 1276 2705 ex
1301 2656 1414 2721 Opperti

874 2727 1115 2792 interpretationes
1133 2730 1190 2775 turn
1210 2725 1298 2789 igitur
1311 2726 1415 2776 Graeco

874 2796 902 2845 in
914 2798 1096 2860 sstrspiarum
1117 2794 1301 2859 descriptione
1316 2794 1414 2845 Cilices
1473 2819 1476 2823 ·

873 2865 1024 2929 adscriptos
1032 2862 1302 2915 fuissecredrbrlefit
1309 2864 1414 2914 eodem·

873 2937 1017 2999 quostiam
1029 2934 1198 2985 referendum
1209 2936 1262 2982 erit
1263 2934 1358 2998 ,quod
1368 2949 1414 2983 sn·

873 3005 990 3069 tiquitus
1000 2996 1149 3067 Τπμχαιολ
1162 3003 1334 3053 vocabantur
1346 3007 1414 3053 teste

873 3073 1031 3134 Herodoto,
1051 3075 1098 3138 qui
1116 3088 1148 3123 eo
1160 3072 1284 3123 iudicare
1295 3072 1413 3123 voluisse

873 3142 989 3204 videtur,
998 3144 1149 3208 antiquitus
1158 3141 1282 3192 homines
1292 3143 1412 3192 Graecas

873 3213 1022 3276 stirpissut
1034 3212 1107 3263 solos
1119 3218 1168 3261 sut
1176 3226 1236 3261 cum
1244 3211 1309 3261 aliis
1317 3213 1413 3262 mixtos

873 3281 911 3331 ibi
926 3281 1097 3332 consedisse:
1115 3285 1211 3347 postea
1224 3287 1317 3332 autem
1329 3282 1414 3332 Phoe·

872 3352 947 3402 uices
960 3352 1097 3417 ingressos
1112 3353 1153 3401 its
1164 3350 1369 3418 praevaluisse,
1384 3358 1413 3400 nt

873 3420 907 3470 sb
928 3437 1019 3471 eorum
1042 3421 1110 3471 duce
1126 3422 1201 3486 genti
1221 3426 1249 3470 et
1264 3426 1354 3471 terrae
1368 3436 1402 3470 ιιο

872 3506 933 3541 men
947 3492 1140 3555 imponeretur,
1151 3491 1236 3555 priori
1252 3491 1362 3541 nomine
1373 3506 1412 3540 re-

872 3559 947 3610 licto.
971 3561 1023 3622 Qui
1035 3558 1108 3624 spud
1123 3560 1270 3611 Homerum
1285 3560 1413 3610 dicuntur

873 3628 1050 3693 Κίλικεςῌλί.
1059 3630 1105 3690 Vl,
1113 3630 1173 3681 367,
1182 3628 1255 3696 415),
1268 3646 1322 3680 nou
1334 3628 1412 3694 longe

873 3698 908 3748 sb
930 3700 992 3764 ipsa
1012 3700 1193 3750 Troianorum
1211 3703 1285 3750 teris
1307 3699 1412 3750 habits·

872 3767 940 3818 bant
962 3770 989 3818 in
1009 3784 1042 3819 es
1061 3770 1187 3832 regione,
1211 3783 1282 3833 quae
1300 3769 1411 3819 Aeolios

872 3838 1014 3901 postmodo
1027 3837 1188 3900 hsbebstur,
1204 3841 1272 3900 sive,
1292 3844 1323 3887 ut
1339 3839 1411 3889 Stra·

872 3907 951 3957 bonis
974 3912 1035 3957 utsr
1060 3908 1150 3958 verbis
1172 3907 1265 3985 (xm.
1282 3922 1308 3969 p
1328 3907 1410 3970 lllll:

872 3969 941 4038 persi
956 3972 987 4025 δὲ
1001 3970 1069 4034 τοὺς
1081 3977 1201 4040 Λέλεγας
1211 3969 1270 4060 τήν
1275 3971 1347 4056 ἑξῆς
1361 3992 1411 4025 πα-

872 4036 1270 4128 ραλλανρλιιουνίίι’λικεςιια8’
1275 4036 1409 4109 Ομηροι,

872 4106 909 4177 ἣν
930 4111 985 4163 νῦν
1005 4108 1118 4178 λχοιοιν
1142 4106 1366 4197 Ἀδραμυττηνοί
1383 4130 1410 4164 τε

871 4174 935 4231 aul’
931 4184 1096 4243 Αιαρνιιται
1108 4180 1156 4234 καλ
1168 4183 1320 4234 Πιταναιοι
1332 4179 1409 4249 μέχρι

871 4254 971 4315 τῆςκ
942 4245 971 4301 lu
972 4249 1059 4318 βολῆς
1083 4251 1135 4302 sori
1157 4251 1267 4304 Καΐκου
1291 4269 1317 4303 ιι.
1333 4270 1357 4308 ι
1371 4255 1408 4304 λι

871 4321 971 4372 unde'
964 4340 991 4372 ιιι
1011 4339 1069 4374 eam
1088 4330 1202 4384 terrsm,
1225 4339 1295 4388 quse
1314 4329 1409 4388 postes

872 4390 986 4442 Ciliciae
1004 4393 1111 4443 nornine
1128 4392 1209 4458 vulgo
1229 4393 1409 4458 significetur,

871 4460 1032 4513 discessisse
1050 4461 1197 4527 dicuutur,
1224 4467 1294 4514 teste
1316 4464 1409 4515 eodem
