3100 5175
551 414 730 480 annuo.
753 417 808 478 vr.
831 425 876 481 n.
947 387 954 398 '
1223 411 1284 477 aas

97 590 281 678 ιδθιῖστοὶν,
304 593 361 662 καὶ
374 597 532 673 Πυθίους
553 593 727 680 α1ρέεσθαι
748 590 811 663 δύο
832 591 1006 684 ἑκάτερον·
1043 599 1077 664 οί
1098 594 1135 663 δὲ
1155 593 1286 664 Πύθιοί

145 705 208 768 τίσι
222 696 412 784 θεοπρόποι
433 700 467 778 ἐς
481 694 656 786 Δελφοὺς,
679 696 865 785 σιτεόμενοι
879 698 959 787 μετὰ
981 705 1051 769 τῶν
1063 702 1231 787 βασιλέων
1244 697 1284 766 τὰ

146 801 300 891 δημόσια.
332 799 377 890 μὴ
399 804 539 871 ἐλθοῦσι
562 800 600 871 rt
621 817 706 871 τοῖσι
726 806 903 889 βασιλεῦσι
917 804 972 872 ἐπὶ
993 801 1030 872 τό
1046 809 1185 873 δεῖπνον
1198 799 1281 871 ἄπο-

145 909 341 994 πέμπεσθαί
359 925 420 991 σφι
441 908 474 985 ές
493 903 533 974 τὰ
554 911 643 975 οἰκία
664 902 818 992 ἀλφίτων
839 933 875 975 τε
894 906 956 977 δύο
976 913 1125 994 χοίνικας
1139 908 1283 998 ἑκατέρῳ

145 1011 201 1079 καὶ
223 1020 322 1079 οἴνου
350 1007 514 1096 κοτύλην,
545 1014 706 1098 παρεοῦσι
729 1010 767 1077 δὲ
795 1007 954 1097 διπλήσια
976 1011 1085 1080 πάντα
1107 1016 1283 1080 δίδοσθαι·

145 1110 255 1183 τώυτὸ
277 1114 314 1182 δὲ
329 1117 428 1181 τοῦτο
446 1115 502 1182 καὶ
523 1110 606 1201 πρὸς
629 1115 793 1182 ἰδιωτέων
807 1118 994 1203 κληθέντας
1010 1116 1065 1184 ἐπὶ
1080 1120 1220 1185 δείπνου
1233 1141 1282 1182 τι·

144 1223 284 1306 μᾶσθαι.
316 1213 374 1295 τοὶς
398 1216 434 1286 δὲ
461 1225 624 1306 μαντηΐοις
646 1214 703 1297 τὰς
728 1220 906 1303 γινομένας
927 1217 1066 1300 τούτους
1086 1217 1284 1309 φυλάσσειν,

145 1420 239 1484 Neque
254 1433 320 1468 vero
334 1418 386 1468 hae
398 1418 427 1469 in
441 1433 470 1468 re
484 1419 517 1468 de
531 1418 629 1483 legatis
644 1435 691 1485 pu-

145 1489 214 1539 blice
229 1488 320 1539 missis
336 1488 455 1554 hospitio
469 1490 632 1554 recipiendis
649 1505 692 1538 so·

143 1559 281 1609 lnmmodo
309 1559 411 1623 agitur,
437 1560 500 1612 sed.
528 1559 599 1624 quod
622 1559 691 1609 bene

143 1634 236 1680 monet
248 1629 334 1679 Meier
347 1628 367 1679 1.
380 1629 415 1692 1.,
430 1629 464 1678 de
474 1630 509 1678 iis
522 1644 629 1694 quoque
646 1645 689 1693 pe·

143 1700 261 1765 regrinis
276 1699 395 1763 eogitari
414 1699 532 1763 poterit,
553 1699 600 1763 qui
616 1700 691 1761 Hya-

144 1769 309 1819 cinthiorum
320 1768 363 1819 vel
375 1768 639 1833 Gymnopaedisrum
648 1768 690 1818 vel

143 1839 313 1890 Carneorum
333 1837 376 1888 vel
396 1838 511 1889 aliorum
529 1838 689 1889 solemnium

143 1925 228 1960 causa
248 1909 378 1973 Spartam
399 1909 540 1958 venissent
558 1908 638 1958 ludos
659 1912 690 1958 ut

143 1983 304 2044 spectarent
332 1978 584 2044 certaminibusque
611 1978 691 2028 ades·

143 2057 218 2100 sent:
250 2048 280 2097 bi
305 2049 389 2112 igitur
414 2064 506 2098 omnes
532 2054 562 2098 ut
587 2049 690 2113 recipe-

143 2124 248 2179 rentur,
262 2134 443 2182 proxenorum
457 2133 552 2169 munus
567 2124 640 2179 erat,
655 2118 689 2168 ab

144 2190 210 2253 ipsis
223 2189 345 2253 regibus,
359 2188 392 2237 ad
406 2204 473 2253 quos
484 2191 638 2238 exterarum
649 2204 690 2238 re-

143 2275 200 2309 rum
211 2259 332 2308 omnium
343 2273 410 2308 cura
421 2257 586 2322 pertinebat,
601 2262 690 2308 trans-

143 2330 272 2390 missum,
296 2343 385 2393 neque
403 2328 458 2377 ullo
478 2328 557 2378 morlo
577 2329 690 2378 coniun-

145 2404 216 2448 ctum
238 2414 300 2448 cum
319 2413 352 2448 ea
369 2414 433 2447 cura
440 2413 535 2463 ,quae
559 2399 594 2448 ad
611 2395 690 2460 ξενη·

145 2466 247 2517 λασίαυ
266 2467 429 2532 spectabat,
453 2474 485 2517 ut
508 2467 577 2517 idem
601 2468 689 2517 Meisr

146 2536 271 2605 (quocum
287 2538 368 2603 plane
382 2536 537 2601 consentio)
555 2542 629 2588 recte
644 2553 691 2588 no·

145 2611 224 2658 tavit.
266 2609 365 2659 Glossa
385 2608 541 2658 Herodotea
567 2607 649 2658 adh.
671 2606 689 2658 1.

145 2673 298 2740 πρόξενοι·
316 2671 346 2727 οἷ
354 2672 511 2738 προστάται
521 2669 632 2727 πόλεων
642 2672 689 2725 καὶ

145 2743 314 2811 φροντισταὶ
332 2745 380 2796 καὶ
397 2743 496 2807 ξένους
516 2739 692 2812 υποδεχόμε-

146 2832 200 2866 τοι.
238 2821 288 2867 tr.
302 2817 420 2869 conferri
440 2818 501 2867 vult
515 2817 692 2869 Boissonadii

146 2888 351 2938 commentari
371 2887 512 2952 inscriptt.
530 2888 636 2937 Actias
654 2886 688 2935 ad

145 2957 249 3008 calcem
264 2958 357 3007 Holst.
374 2956 502 3023 Epistoll.
521 2974 547 3021 p.
563 2958 616 3007 440
630 2971 689 3019 seq.

145 3029 186 3078 Tu
195 3028 259 3079 add.
273 3028 418 3079 Westerm.
432 3028 473 3076 De
484 3026 599 3092 publico.
609 3027 691 3076 Athe·

144 3099 246 3148 nienss.
262 3096 596 3161 bonoribb.(Lips.183ll)
613 3113 640 3160 p
655 3098 686 3146 41

145 3172 171 3218 et
184 3168 213 3218 C.
231 3168 262 3216 P.
278 3167 430 3216 Hermann:
455 3166 563 3216 Griech.
582 3168 690 3216 Staats

144 3236 301 3287 alterthiim.
321 3240 346 3300 ξ.
364 3237 422 3288 116.
439 3238 524 3286 uoti
542 3235 584 3285 ed.
598 3240 689 3300 quart.

143 3307 278 3358 Herodoti
301 3306 373 3356 hune
395 3305 484 3356 locum
505 3305 620 3356 Ullrich.
645 3305 690 3370 (de

144 3392 257 3441 proxeu.
278 3391 303 3439 p.
319 3375 364 3439 49)
386 3391 494 3440 qnoque
512 3375 621 3431 attulit,
643 3376 690 3423 ob

144 3461 253 3498 scuram
271 3446 345 3496 illum
362 3446 485 3511 quidem,
509 3450 540 3495 ut
556 3445 690 3509 perhibet,

145 3522 171 3567 st
182 3517 303 3575 unicum,
315 3516 360 3579 qui
373 3530 427 3565 non
439 3530 498 3565 eam
511 3530 642 3575 normam,
654 3514 690 3564 ad

144 3602 225 3651 quam
242 3593 414 3636 caeterorum
432 3584 592 3650 populorum
608 3585 691 3635 Grae-

144 3672 237 3707 corum
255 3657 428 3721 exigerentur
441 3655 571 3719 proxeni,
591 3669 690 3719 suppe-

144 3725 225 3776 ditet.

177 3791 226 3844 aul
250 3791 385 3849 Πυθίους
401 3786 551 3854 αἴρέεσθαι
571 3808 596 3841 ιι
614 3808 637 3843 τ,
652 3792 690 3859 1.]

144 3863 252 3915 Retulit
269 3863 333 3914 hino
350 3863 507 3913 Timaeus*
500 3879 527 3912 m
544 3864 609 3913 l.er
627 3862 691 3912 Pla-

145 3939 201 3988 ton.
216 3949 281 3999 pag.
292 3923 518 4012 221(Πυ’θιοιδ’
530 3922 680 4011 ανδρες”
648 3949 692 3980 αι-

146 4001 220 4086 perol
247 3996 327 4062 παρὰ
352 3994 500 4063 Λάκωσιν,
532 3995 585 4051 δυο
616 3994 689 4051 καθ’

145 4067 264 4123 ἕκαστον
280 4069 395 4129 βασιλέα
408 4067 562 4134 ου’σσιτοι),
578 4073 625 4122 ubi
637 4074 691 4122 He·

145 4144 234 4195 rodoti
256 4143 336 4193 locus
358 4159 414 4193 non
433 4143 503 4207 fugit
521 4144 658 4193 ‹loctum'
651 4158 690 4192 ιιι-

146 4217 301 4278 terpretem.
329 4211 545 4263 AddeEnstath.
559 4211 648 4262 adili.
666 4213 690 4262 I.

147 4298 225 4346 pag.
219 4284 262 4347 55,
274 4284 342 4334 tta.
354 4285 396 4339 42,
407 4283 555 4346 litemque
566 4280 690 4331 Photrum

147 4358 173 4401 et
187 4353 338 4402 Suitlama.
352 4368 376 4402 v.
386 4350 510 4415 Xenopb.
527 4352 569 4401 Ile
585 4350 689 4429 republ

742 1412 946 1483 προσελέσθαι,
963 1416 992 1470 οἳ
1002 1410 1038 1485 δὴ
1052 1415 1100 1469 κα1
1111 1412 1222 1470 Πύθιοι
1235 1433 1284 1469 κα-

741 1486 873 1550 λοῦνται,
888 1491 934 1540 ubi
946 1491 1000 1541 vid.
1013 1492 1122 1556 Sauppe
1134 1506 1196 1556 pag.
1209 1490 1242 1540 84
1256 1494 1283 1539 et

741 1560 775 1610 de
789 1561 947 1624 Pythiomm
966 1562 1130 1624 magistratu
1149 1560 1283 1610 disseren—

742 1635 796 1680 tem
810 1630 841 1681 C.
854 1629 886 1678 Ο.
900 1629 1022 1680 Mueller.
1034 1632 1100 1682 Dor.
1115 1631 1153 1681 11.
1166 1646 1228 1695 pag.
1243 1630 1283 1680 18.

743 1700 796 1761 Qui
822 1700 1001 1765 magistratus
1024 1701 1156 1765 pertinuit
1176 1699 1211 1749 ad
1230 1700 1285 1762 Py·

742 1770 811 1820 tbioi
828 1769 932 1820 oraculi
950 1770 1006 1819 rim
1025 1772 1053 1820 in
1074 1785 1165 1819 omues
1180 1771 1283 1819 Dorum

741 1856 785 1889 res
811 1854 844 1889 ac
869 1843 1014 1904 praecipue
1037 1841 1066 1889 in
1086 1840 1282 1904 Spartanorum

740 1925 784 1959 res
797 1913 825 1960 et
837 1908 962 1974 publicas
976 1915 1004 1959 et
1020 1911 1158 1974 privatas,
1181 1909 1214 1958 de
1228 1923 1283 1972 qua

740 1979 857 2029 diximus
878 1979 912 2028 ud
929 1982 966 2041 V,
980 1981 1025 2032 42.
1043 1978 1077 2030 63
1093 1995 1126 2029 ac
1143 1978 1222 2042 plura
1239 1993 1283 2027 ex-

741 2050 840 2099 citavit
866 2049 895 2098 O.
922 2050 953 2098 F.
980 2050 1137 2099 Hermann:
1175 2047 1283 2099 Grieclr.

740 2117 994 2169 Staatsalterthiim.
1013 2122 1036 2182 ξ.
1051 2119 1093 2170 23.
1110 2123 1168 2169 ιιο1.
1184 2118 1222 2168 11.
1239 2118 1282 2168 ed.

742 2193 832 2254 quart.
869 2189 988 2239 Oracula
1005 2189 1077 2240 euim
1091 2190 1143 2239 rito
1155 2189 1282 2254 Spartam

741 2259 776 2309 ad
790 2274 868 2323 reges
882 2260 1014 2323 perferre,
1037 2273 1195 2323 omnemque
1213 2273 1281 2318 eam,

741 2344 811 2393 quae
835 2329 980 2393 Spartanis
1002 2344 1063 2378 cum
1089 2327 1198 2379 oraculo
1220 2325 1283 2376 ltel-

739 2399 819 2463 pbico
836 2399 1005 2460 intercessit,
1028 2399 1162 2449 rationem
1185 2396 1284 2447 arctis-

741 2470 808 2519 sime
821 2470 892 2517 tueri
905 2467 1066 2533 Pythiorum
1080 2472 1139 2519 crat
1146 2481 1283 2548 ,ἠιιοιιιιιι

739 2538 803 2589 hinc
818 2553 923 2588 summa
936 2538 1055 2603 dignitas
1066 2543 1149 2604 atque
1163 2536 1284 2588 anctori-

739 2614 797 2671 tas,
825 2624 879 2673 qua
902 2624 994 2673 regum
1015 2614 1108 2661 essent
1131 2622 1283 2658 assessores

740 2647 824 2742 atqlro
847 2679 1057 2729 contubernales
1082 2683 1110 2728 et
1131 2679 1282 2743 proximum

740 2749 810 2798 adeo
827 2749 972 2798 secundum
990 2747 1050 2798 illos
1064 2748 1153 2799 locum
1167 2763 1283 2811 occupa-

741 2822 811 2868 rent.
847 2818 920 2878 Quin
939 2818 1026 2882 ipsius
1047 2818 1172 2883 gerusiaa
1193 2832 1283 2867 asses·

741 2902 817 2937 sores
835 2887 919 2938 luisse
937 2887 1050 2938 eilicer
1065 2890 1107 2939 De
1125 2889 1239 2939 divinat.
1259 2886 1283 2947 Ι,

740 2958 774 3009 43
789 2956 900 3034 quidam
916 2956 1059 3020 colligunt

777 3019 933 3103 σιτεόμενοι
947 3021 1015 3088 μετὰ
1030 3028 1087 3075 τῶν
1101 3023 1238 3086 βασιλέων
1251 3016 1286 3074 τὰ

741 3088 875 3159 δημοσια]
884 3095 1034 3147 (ὀιι11110
1043 3098 1075 3148 0
1083 3096 1206 3146 Mueller.
1216 3097 1282 3146 Dor.

741 3167 777 3217 11.
794 3182 856 3230 pag
875 3166 1109 3217 ltleomcrieum
1129 3158 1219 3229 δήιιιαι
1239 3162 1285 3214 πί

742 3250 803 3285 ιειν
821 3236 899 3286 lliad.
920 3235 1009 3286 XVII.
1030 3251 1070 3284 vs.
1084 3235 1136 3286 250
1151 3235 1286 3300 idquere·

741 3307 795 3355 fert
807 3306 842 3355 ad
859 3305 954 3370 epulas
968 3306 1108 3388 publicas,
1132 3306 1285 3370 sumptibus

740 3375 858 3441 publicis
872 3377 977 3437 erogari
994 3376 1112 3427 solitas'
1103 3393 1132 3426 ιιι
1145 3376 1223 3426 festis
1237 3391 1285 3439 pn-

741 3445 831 3496 blicis.
866 3447 970 3509 Quibus
992 3451 1167 3513 opponuntnr
1183 3462 1216 3495 τα
1206 3438 1285 3495 δει-

741 3530 814 3579 πνα,
836 3532 906 3580 qnae
921 3517 1088 3580 privatorum
1102 3521 1165 3567 sunt
1177 3516 1284 3582 epulae,

742 3586 801 3637 sive
818 3585 960 3643 συσσι’,τια
982 3586 1149 3650 singularum
1163 3588 1284 3651 gentium

743 3672 765 3705 s
778 3655 941 3706 familiarum
957 3655 1068 3718 epulae,
1081 3658 1175 3707 eodem
1194 3657 1286 3706 obser·

742 3730 825 3776 vante
837 3724 998 3778 Muellerol
1012 3726 1030 3776 1.
1045 3743 1106 3791 pag.
1123 3726 1171 3776 11111
1184 3730 1237 3776 not.
1251 3753 1284 3760 -

743 3794 827 3845 οἴνου
843 3787 948 3858 κοτυλη
961 3797 986 3845 si
999 3796 1034 3846 At
1024 3798 1092 3847 ttica
1104 3795 1284 3861 intelligatur,

743 3865 882 3916 dimidium
897 3866 954 3916 eius
968 3882 1111 3916 mensurae
1120 3882 1220 3929 ,quam
1236 3882 1285 3916 nos

742 3934 873 3997 Scioppeu
899 3950 1045 3998 vocamus,
1074 3935 1223 3999 significari
1252 3950 1286 3984 ex

742 4005 786 4063 iis,
799 4019 868 4067 qnae
882 4019 964 4065 supra
978 4005 1146 4066 monuimus,
1160 4008 1285 4067 apparet.

743 4075 834 4135 Quare
866 4073 952 4122 maior
984 4074 1117 4156 quaedam
1148 4088 1286 4135 mensura,

744 4141 833 4207 qualis
860 4141 931 4206 apud
949 4143 1104 4193 Lacones
1096 4158 1123 4192 ιιι
1150 4158 1199 4193 usu
1217 4146 1286 4207 erat,

742 4211 814 4261 haud
828 4213 886 4261 seio
904 4226 940 4260 an
953 4211 1085 4290 intelligi
1084 4212 1192 4262 debeat.

776 4273 827 4337 τὰς
847 4273 878 4328 δὲ
897 4277 1036 4359 μαντηίας
1054 4296 1104 4338 τας
1122 4280 1285 4348 γινομένας]

742 4351 832 4415 Supra
847 4350 884 4400 11
899 4350 942 4400 57.
959 4341 1030 4414 831,
1046 4347 1169 4415 μαντηίη
1184 4357 1227 4403 est
1244 4368 1287 4402 ra·

146 4421 264 4473 Lacedd.
285 4422 350 4484 XV,
365 4423 396 4471 5:
420 4412 553 4471 έδιοκεδ
571 4436 608 4469 αυ
623 4422 690 4502 (Ly
741 4422 781 4470 tro
792 4418 940 4470 oraculas
951 4421 1202 4472 vaticiniasdemii.
1224 4423 1285 4475 Ηοο

146 4490 256 4557 eprgns)
269 4485 318 4540 καλ
330 4458 490 4555 συσκήνους
500 4479 584 4540 δύο
568 4483 690 4557 εκατέρῳ
740 4495 833 4542 autem
842 4490 923 4541 loco'
915 4505 978 4557 ipsa
990 4491 1147 4544 indicantur
1157 4494 1285 4557 υιιιίαἰιιία,
