<?xml version="1.0" encoding="UTF-8"?>
<!DOCTYPE html PUBLIC "-//W3C//DTD XHTML 1.0 Transitional//EN"
    "http://www.w3.org/TR/xhtml1/DTD/xhtml1-transitional.dtd">
<html xmlns="http://www.w3.org/1999/xhtml" xml:lang="en" lang="en">
 <head>
  <title>
</title>
<meta http-equiv="Content-Type" content="text/html;charset=utf-8" />
  <meta name='ocr-system' content='tesseract 3.04.00' />
  <meta name='ocr-capabilities' content='ocr_page ocr_carea ocr_par ocr_line ocrx_word'/>
</head>
<body>
  <div class='ocr_page' id='page_1' title='image "./herodotihalicar01unkngoog/herodotihalicar01unkngoog_0161.png"; bbox 0 0 3100 5175; ppageno 0'>
   <div class='ocr_carea' id='block_1_1' title="bbox 434 378 993 466">
    <p class='ocr_par' dir='ltr' id='par_1_1' title="bbox 434 378 993 466">
     <span class='ocr_line' id='line_1_1' title="bbox 434 378 993 466; baseline 0.011 -29"><span class='ocrx_word' id='word_1_1' title='bbox 434 378 800 442; x_wconf 78' lang='lat' dir='ltr'>rnsrsrososn.</span> <span class='ocrx_word' id='word_1_2' title='bbox 823 382 862 466; x_wconf 76' lang='lat' dir='ltr'>v.</span> <span class='ocrx_word' id='word_1_3' title='bbox 884 390 929 445; x_wconf 86' lang='lat' dir='ltr'>u.</span> <span class='ocrx_word' id='word_1_4' title='bbox 950 391 993 446; x_wconf 80' lang='lat' dir='ltr'>rs.</span> 
     </span>
    </p>
   </div>
   <div class='ocr_carea' id='block_1_2' title="bbox 1218 381 1279 443">
    <p class='ocr_par' dir='ltr' id='par_1_2' title="bbox 1218 381 1279 443">
     <span class='ocr_line' id='line_1_2' title="bbox 1218 381 1279 443; baseline -0.033 0"><span class='ocrx_word' id='word_1_5' title='bbox 1218 381 1279 443; x_wconf 85' lang='grc'>149</span> 
     </span>
    </p>
   </div>
   <div class='ocr_carea' id='block_1_3' title="bbox 33 547 1324 1262">
    <p class='ocr_par' dir='ltr' id='par_1_3' title="bbox 33 547 1324 1262">
     <span class='ocr_line' id='line_1_3' title="bbox 136 547 1324 644; baseline 0.008 -25"><span class='ocrx_word' id='word_1_6' title='bbox 136 547 308 640; x_wconf 80' lang='grc' dir='ltr'><strong><em>Ἀθηναῖοι</em></strong></span> <span class='ocrx_word' id='word_1_7' title='bbox 323 554 386 640; x_wconf 90' lang='grc' dir='ltr'><strong><em>μέν</em></strong></span> <span class='ocrx_word' id='word_1_8' title='bbox 407 579 474 620; x_wconf 91' lang='grc' dir='ltr'>νυν</span> <span class='ocrx_word' id='word_1_9' title='bbox 487 549 638 640; x_wconf 76' lang='grc' dir='ltr'><strong><em>ηὔξηντο.</em></strong></span> <span class='ocrx_word' id='word_1_10' title='bbox 671 554 817 642; x_wconf 70' lang='lat' dir='ltr'>diploidi</span> <span class='ocrx_word' id='word_1_11' title='bbox 831 550 871 623; x_wconf 82' lang='grc' dir='ltr'>οὐ</span> <span class='ocrx_word' id='word_1_12' title='bbox 886 553 962 623; x_wconf 86' lang='grc' dir='ltr'><strong><em>κατ’</em></strong></span> <span class='ocrx_word' id='word_1_13' title='bbox 977 561 1014 625; x_wconf 76' lang='grc' dir='ltr'><strong><em>ἓν</em></strong></span> <span class='ocrx_word' id='word_1_14' title='bbox 1027 560 1172 644; x_wconf 81' lang='grc' dir='ltr'><strong><em>μοῦνον,</em></strong></span> <span class='ocrx_word' id='word_1_15' title='bbox 1193 551 1275 623; x_wconf 82' lang='grc' dir='ltr'>ἀλλά</span> <span class='ocrx_word' id='word_1_16' title='bbox 1284 564 1324 628; x_wconf 89' lang='grc'>78</span> 
     </span>
     <span class='ocr_line' id='line_1_4' title="bbox 139 651 1276 747; baseline 0.003 -24"><span class='ocrx_word' id='word_1_17' title='bbox 139 660 306 744; x_wconf 79' lang='grc' dir='ltr'><strong><em>πανταχῆ,</em></strong></span> <span class='ocrx_word' id='word_1_18' title='bbox 331 651 351 742; x_wconf 81' lang='grc' dir='ltr'><em>ἡ</em></span> <span class='ocrx_word' id='word_1_19' title='bbox 371 662 525 743; x_wconf 80' lang='grc' dir='ltr'><strong><em>ἰσηγορίη</em></strong></span> <span class='ocrx_word' id='word_1_20' title='bbox 548 653 591 735; x_wconf 76' lang='grc' dir='ltr'>ἀς</span> <span class='ocrx_word' id='word_1_21' title='bbox 611 663 679 725; x_wconf 84' lang='grc' dir='ltr'><strong><em>ἔστι</em></strong></span> <span class='ocrx_word' id='word_1_22' title='bbox 700 661 808 745; x_wconf 78' lang='grc' dir='ltr'><strong><em>χρῆμα</em></strong></span> <span class='ocrx_word' id='word_1_23' title='bbox 825 662 1026 727; x_wconf 87' lang='grc' dir='ltr'><strong><em>σπουδαῖον·</em></strong></span> <span class='ocrx_word' id='word_1_24' title='bbox 1057 665 1088 727; x_wconf 79' lang='grc' dir='ltr'><strong><em>ελ</em></strong></span> <span class='ocrx_word' id='word_1_25' title='bbox 1100 660 1156 727; x_wconf 78' lang='grc' dir='ltr'><strong><em>καὶ</em></strong></span> <span class='ocrx_word' id='word_1_26' title='bbox 1178 656 1276 747; x_wconf 84' lang='grc' dir='ltr'><strong><em>Ἀθη-</em></strong></span> 
     </span>
     <span class='ocr_line' id='line_1_5' title="bbox 139 756 1277 849; baseline 0.001 -21"><span class='ocrx_word' id='word_1_27' title='bbox 139 775 222 828; x_wconf 82' lang='grc' dir='ltr'><strong><em>ναῖοι</em></strong></span> <span class='ocrx_word' id='word_1_28' title='bbox 243 758 531 847; x_wconf 80' lang='grc' dir='ltr'><strong><em>τυραννευόμενοι</em></strong></span> <span class='ocrx_word' id='word_1_29' title='bbox 553 759 615 848; x_wconf 72' lang='grc' dir='ltr'><strong><em>μὲν</em></strong></span> <span class='ocrx_word' id='word_1_30' title='bbox 635 756 795 849; x_wconf 75' lang='grc' dir='ltr'><strong><em>οὐδαμῶν</em></strong></span> <span class='ocrx_word' id='word_1_31' title='bbox 815 765 883 828; x_wconf 76' lang='grc' dir='ltr'>τῶν</span> <span class='ocrx_word' id='word_1_32' title='bbox 902 764 1006 847; x_wconf 85' lang='grc' dir='ltr'><strong><em>σφέας</em></strong></span> <span class='ocrx_word' id='word_1_33' title='bbox 1021 762 1277 848; x_wconf 78' lang='grc' dir='ltr'><strong><em>περιοικεόντων</em></strong></span> 
     </span>
     <span class='ocr_line' id='line_1_6' title="bbox 137 853 1277 956; baseline 0.004 -26"><span class='ocrx_word' id='word_1_34' title='bbox 137 853 219 950; x_wconf 80' lang='grc' dir='ltr'><strong><em>ἦσαν</em></strong></span> <span class='ocrx_word' id='word_1_35' title='bbox 231 860 273 931; x_wconf 82' lang='grc' dir='ltr'><strong><em>τὰ</em></strong></span> <span class='ocrx_word' id='word_1_36' title='bbox 288 862 434 949; x_wconf 83' lang='grc' dir='ltr'><strong><em>πολέμια</em></strong></span> <span class='ocrx_word' id='word_1_37' title='bbox 443 859 617 950; x_wconf 82' lang='grc' dir='ltr'><strong><em>ἀμείνους,</em></strong></span> <span class='ocrx_word' id='word_1_38' title='bbox 632 859 903 951; x_wconf 73' lang='grc' dir='ltr'><strong><em>ἀπαλλαχθέντες</em></strong></span> <span class='ocrx_word' id='word_1_39' title='bbox 918 863 955 933; x_wconf 72' lang='grc' dir='ltr'>δὲ</span> <span class='ocrx_word' id='word_1_40' title='bbox 969 865 1147 951; x_wconf 79' lang='grc' dir='ltr'><strong><em>τυράννων</em></strong></span> <span class='ocrx_word' id='word_1_41' title='bbox 1159 869 1277 956; x_wconf 76' lang='grc' dir='ltr'><strong><em>μακρῷ</em></strong></span> 
     </span>
     <span class='ocr_line' id='line_1_7' title="bbox 138 956 1274 1057; baseline 0.002 -24"><span class='ocrx_word' id='word_1_42' title='bbox 138 970 258 1049; x_wconf 70' lang='grc' dir='ltr'><strong><em>πρῶτοι</em></strong></span> <span class='ocrx_word' id='word_1_43' title='bbox 274 968 442 1053; x_wconf 82' lang='grc' dir='ltr'><strong><em>ἐγένοντο.</em></strong></span> <span class='ocrx_word' id='word_1_44' title='bbox 475 970 571 1052; x_wconf 81' lang='grc' dir='ltr'><strong><em>δηλοῖ</em></strong></span> <span class='ocrx_word' id='word_1_45' title='bbox 583 956 632 1033; x_wconf 75' lang='grc' dir='ltr'>όν</span> <span class='ocrx_word' id='word_1_46' title='bbox 646 970 767 1053; x_wconf 77' lang='grc' dir='ltr'><strong><em>ταῦτα,</em></strong></span> <span class='ocrx_word' id='word_1_47' title='bbox 788 963 839 1035; x_wconf 85' lang='grc' dir='ltr'>ότι</span> <span class='ocrx_word' id='word_1_48' title='bbox 855 966 1070 1057; x_wconf 83' lang='grc' dir='ltr'><strong><em>κατεχόμενοι</em></strong></span> <span class='ocrx_word' id='word_1_49' title='bbox 1084 969 1146 1057; x_wconf 70' lang='grc' dir='ltr'><strong><em>μὲν</em></strong></span> <span class='ocrx_word' id='word_1_50' title='bbox 1160 972 1274 1038; x_wconf 79' lang='grc' dir='ltr'><strong><em>ἐθελο-</em></strong></span> 
     </span>
     <span class='ocr_line' id='line_1_8' title="bbox 136 1063 1275 1158; baseline 0.003 -22"><span class='ocrx_word' id='word_1_51' title='bbox 136 1068 272 1154; x_wconf 81' lang='grc' dir='ltr'><strong><em>κάκεον,</em></strong></span> <span class='ocrx_word' id='word_1_52' title='bbox 298 1063 345 1148; x_wconf 76' lang='grc' dir='ltr'>ὥς</span> <span class='ocrx_word' id='word_1_53' title='bbox 366 1067 509 1156; x_wconf 85' lang='grc' dir='ltr'><strong><em>δεσπότη</em></strong></span> <span class='ocrx_word' id='word_1_54' title='bbox 531 1067 756 1157; x_wconf 77' lang='grc' dir='ltr'><strong><em>ἐργαζόμενοι·</em></strong></span> <span class='ocrx_word' id='word_1_55' title='bbox 792 1073 1094 1158; x_wconf 79' lang='grc' dir='ltr'><strong><em>ἐλευθερωθέντων</em></strong></span> <span class='ocrx_word' id='word_1_56' title='bbox 1115 1071 1152 1141; x_wconf 71' lang='grc' dir='ltr'>δὲ</span> <span class='ocrx_word' id='word_1_57' title='bbox 1176 1067 1275 1150; x_wconf 76' lang='grc' dir='ltr'><strong><em>αὐτὸς</em></strong></span> 
     </span>
     <span class='ocr_line' id='line_1_9' title="bbox 33 1165 1275 1262; baseline 0.003 -23"><span class='ocrx_word' id='word_1_58' title='bbox 33 1171 34 1248; x_wconf 68' lang='lat' dir='ltr'>J</span> <span class='ocrx_word' id='word_1_59' title='bbox 136 1175 268 1251; x_wconf 81' lang='grc' dir='ltr'><strong><em>ἕκαστος</em></strong></span> <span class='ocrx_word' id='word_1_60' title='bbox 298 1174 416 1261; x_wconf 76' lang='grc' dir='ltr'><strong><em>ἑωυτῷ</em></strong></span> <span class='ocrx_word' id='word_1_61' title='bbox 443 1174 670 1261; x_wconf 78' lang='grc' dir='ltr'><strong><em>προεθυμέετο</em></strong></span> <span class='ocrx_word' id='word_1_62' title='bbox 695 1172 964 1260; x_wconf 80' lang='grc' dir='ltr'><strong><em>κατεργάζεσθαι.</em></strong></span> <span class='ocrx_word' id='word_1_63' title='bbox 1001 1165 1093 1243; x_wconf 83' lang='grc' dir='ltr'><strong><em>οὗτοι</em></strong></span> <span class='ocrx_word' id='word_1_64' title='bbox 1120 1176 1183 1262; x_wconf 83' lang='grc' dir='ltr'><strong><em>μέν</em></strong></span> <span class='ocrx_word' id='word_1_65' title='bbox 1209 1201 1275 1244; x_wconf 89' lang='grc' dir='ltr'>νυν</span> 
     </span>
    </p>
   </div>
   <div class='ocr_carea' id='block_1_4' title="bbox 33 1279 432 1363">
    <p class='ocr_par' dir='ltr' id='par_1_4' title="bbox 33 1279 432 1363">
     <span class='ocr_line' id='line_1_10' title="bbox 33 1279 432 1363; baseline 0.005 -22"><span class='ocrx_word' id='word_1_66' title='bbox 33 1309 34 1322; x_wconf 62' lang='lat'>2</span> <span class='ocrx_word' id='word_1_67' title='bbox 136 1279 235 1343; x_wconf 70' lang='grc' dir='ltr'><strong><em>ταῦτα</em></strong></span> <span class='ocrx_word' id='word_1_68' title='bbox 250 1281 432 1363; x_wconf 83' lang='grc' dir='ltr'><strong><em>ἔπρησσον.</em></strong></span> 
     </span>
    </p>
   </div>
   <div class='ocr_carea' id='block_1_5' title="bbox 131 1437 680 1981">
    <p class='ocr_par' dir='ltr' id='par_1_5' title="bbox 131 1437 680 1981">
     <span class='ocr_line' id='line_1_11' title="bbox 134 1437 680 1505; baseline -0.004 -16"><span class='ocrx_word' id='word_1_69' title='bbox 134 1439 198 1489; x_wconf 85' lang='lat' dir='ltr'>dunt</span> <span class='ocrx_word' id='word_1_70' title='bbox 217 1437 360 1504; x_wconf 85' lang='lat' dir='ltr'>exempla,</span> <span class='ocrx_word' id='word_1_71' title='bbox 381 1456 453 1505; x_wconf 90' lang='lat' dir='ltr'>quae</span> <span class='ocrx_word' id='word_1_72' title='bbox 473 1440 543 1489; x_wconf 87' lang='lat' dir='ltr'>idem</span> <span class='ocrx_word' id='word_1_73' title='bbox 568 1437 680 1502; x_wconf 82' lang='lat' dir='ltr'>collegit</span> 
     </span>
     <span class='ocr_line' id='line_1_12' title="bbox 134 1507 679 1574; baseline -0.004 -16"><span class='ocrx_word' id='word_1_74' title='bbox 134 1510 201 1560; x_wconf 84' lang='lat' dir='ltr'>Rose</span> <span class='ocrx_word' id='word_1_75' title='bbox 217 1510 234 1558; x_wconf 91' lang='grc'>1.</span> <span class='ocrx_word' id='word_1_76' title='bbox 253 1509 275 1558; x_wconf 92' lang='grc'>1.</span> <span class='ocrx_word' id='word_1_77' title='bbox 299 1525 363 1574; x_wconf 78' lang='lat' dir='ltr'>peg.</span> <span class='ocrx_word' id='word_1_78' title='bbox 385 1511 437 1562; x_wconf 84' lang='grc'>215</span> <span class='ocrx_word' id='word_1_79' title='bbox 456 1524 513 1573; x_wconf 87' lang='lat' dir='ltr'>seq.</span> <span class='ocrx_word' id='word_1_80' title='bbox 537 1507 606 1558; x_wconf 78' lang='lat' dir='ltr'>Add.</span> <span class='ocrx_word' id='word_1_81' title='bbox 625 1509 679 1557; x_wconf 88' lang='lat' dir='ltr'>He-</span> 
     </span>
     <span class='ocr_line' id='line_1_13' title="bbox 133 1570 679 1645; baseline -0.005 -17"><span class='ocrx_word' id='word_1_82' title='bbox 133 1580 188 1629; x_wconf 84' lang='lat' dir='ltr'>rod.</span> <span class='ocrx_word' id='word_1_83' title='bbox 198 1580 255 1643; x_wconf 90' lang='lat'>111,</span> <span class='ocrx_word' id='word_1_84' title='bbox 276 1581 308 1630; x_wconf 83' lang='lat'>57</span> <span class='ocrx_word' id='word_1_85' title='bbox 322 1580 414 1645; x_wconf 82' lang='lat' dir='ltr'><strong>ibique</strong></span> <span class='ocrx_word' id='word_1_86' title='bbox 434 1578 529 1629; x_wconf 83' lang='lat' dir='ltr'>sllats.</span> <span class='ocrx_word' id='word_1_87' title='bbox 548 1578 602 1627; x_wconf 91' lang='lat' dir='ltr'>Pro</span> <span class='ocrx_word' id='word_1_88' title='bbox 616 1570 679 1626; x_wconf 76' lang='grc' dir='ltr'><strong><em>ἔθε-</em></strong></span> 
     </span>
     <span class='ocr_line' id='line_1_14' title="bbox 134 1637 679 1708; baseline -0.006 -12"><span class='ocrx_word' id='word_1_89' title='bbox 134 1662 182 1696; x_wconf 92' lang='grc' dir='ltr'>σαν</span> <span class='ocrx_word' id='word_1_90' title='bbox 193 1649 338 1699; x_wconf 82' lang='lat' dir='ltr'>Sanerofti</span> <span class='ocrx_word' id='word_1_91' title='bbox 353 1650 424 1700; x_wconf 90' lang='lat' dir='ltr'>liber</span> <span class='ocrx_word' id='word_1_92' title='bbox 434 1647 516 1700; x_wconf 90' lang='lat' dir='ltr'>habet</span> <span class='ocrx_word' id='word_1_93' title='bbox 527 1637 679 1708; x_wconf 79' lang='grc' dir='ltr'><strong><em>ἀνέθεσαν,</em></strong></span> 
     </span>
     <span class='ocr_line' id='line_1_15' title="bbox 135 1716 679 1783; baseline -0.004 -15"><span class='ocrx_word' id='word_1_94' title='bbox 135 1719 202 1783; x_wconf 86' lang='lat' dir='ltr'>qnod</span> <span class='ocrx_word' id='word_1_95' title='bbox 224 1720 328 1782; x_wconf 84' lang='lat' dir='ltr'>opinor</span> <span class='ocrx_word' id='word_1_96' title='bbox 348 1720 456 1770; x_wconf 77' lang='lat' dir='ltr'>induxit</span> <span class='ocrx_word' id='word_1_97' title='bbox 471 1716 679 1778; x_wconf 79' lang='lat' dir='ltr'>Schneidewin,</span> 
     </span>
     <span class='ocr_line' id='line_1_16' title="bbox 133 1778 678 1850; baseline -0.006 -13"><span class='ocrx_word' id='word_1_98' title='bbox 133 1794 161 1837; x_wconf 90' lang='lat' dir='ltr'>ut</span> <span class='ocrx_word' id='word_1_99' title='bbox 171 1788 317 1839; x_wconf 74' lang='lat' dir='ltr'>exhiberet</span> <span class='ocrx_word' id='word_1_100' title='bbox 328 1778 446 1839; x_wconf 80' lang='grc' dir='ltr'><strong><em>ἀνέθεν.</em></strong></span> <span class='ocrx_word' id='word_1_101' title='bbox 474 1786 605 1850; x_wconf 80' lang='lat' dir='ltr'>Equidem</span> <span class='ocrx_word' id='word_1_102' title='bbox 617 1801 678 1835; x_wconf 89' lang='lat' dir='ltr'>cum</span> 
     </span>
     <span class='ocr_line' id='line_1_17' title="bbox 131 1855 677 1923; baseline -0.004 -17"><span class='ocrx_word' id='word_1_103' title='bbox 131 1858 244 1922; x_wconf 79' lang='lat' dir='ltr'>Berglrio</span> <span class='ocrx_word' id='word_1_104' title='bbox 258 1864 342 1923; x_wconf 89' lang='lat' dir='ltr'>atque</span> <span class='ocrx_word' id='word_1_105' title='bbox 351 1855 487 1908; x_wconf 79' lang='lat' dir='ltr'>Herodoti</span> <span class='ocrx_word' id='word_1_106' title='bbox 497 1855 557 1906; x_wconf 90' lang='lat' dir='ltr'>edd.</span> <span class='ocrx_word' id='word_1_107' title='bbox 569 1855 608 1905; x_wconf 88' lang='lat' dir='ltr'>nil</span> <span class='ocrx_word' id='word_1_108' title='bbox 619 1870 677 1905; x_wconf 90' lang='lat' dir='ltr'>mu-</span> 
     </span>
     <span class='ocr_line' id='line_1_18' title="bbox 132 1928 369 1981; baseline 0.013 -4"><span class='ocrx_word' id='word_1_109' title='bbox 132 1928 239 1978; x_wconf 85' lang='lat' dir='ltr'>tandum</span> <span class='ocrx_word' id='word_1_110' title='bbox 255 1929 369 1981; x_wconf 70' lang='lat' dir='ltr'>censui?</span> 
     </span>
    </p>
   </div>
   <div class='ocr_carea' id='block_1_6' title="bbox 284 2098 523 2151">
    <p class='ocr_par' dir='ltr' id='par_1_6' title="bbox 284 2098 523 2151">
     <span class='ocr_line' id='line_1_19' title="bbox 284 2098 523 2151; baseline 0.008 -3"><span class='ocrx_word' id='word_1_111' title='bbox 284 2098 350 2150; x_wconf 80' lang='lat' dir='ltr'>Car.</span> <span class='ocrx_word' id='word_1_112' title='bbox 367 2100 523 2151; x_wconf 84' lang='lat' dir='ltr'>LXXVIII.</span> 
     </span>
    </p>
   </div>
   <div class='ocr_carea' id='block_1_7' title="bbox 126 2194 682 4496">
    <p class='ocr_par' dir='ltr' id='par_1_7' title="bbox 126 2194 682 4496">
     <span class='ocr_line' id='line_1_20' title="bbox 162 2194 675 2270; baseline 0.004 -19"><span class='ocrx_word' id='word_1_113' title='bbox 162 2201 250 2266; x_wconf 82' lang='grc' dir='ltr'><strong><em>δηλοῖ</em></strong></span> <span class='ocrx_word' id='word_1_114' title='bbox 264 2195 295 2250; x_wconf 70' lang='grc' dir='ltr'>δὲ</span> <span class='ocrx_word' id='word_1_115' title='bbox 309 2195 345 2250; x_wconf 78' lang='lat' dir='ltr'>od</span> <span class='ocrx_word' id='word_1_116' title='bbox 358 2194 421 2251; x_wconf 87' lang='grc' dir='ltr'><strong><em>κατ’</em></strong></span> <span class='ocrx_word' id='word_1_117' title='bbox 435 2196 469 2252; x_wconf 68' lang='grc' dir='ltr'>’ἓν</span> <span class='ocrx_word' id='word_1_118' title='bbox 481 2218 507 2250; x_wconf 89' lang='grc' dir='ltr'>κ.</span> <span class='ocrx_word' id='word_1_119' title='bbox 521 2219 544 2253; x_wconf 87' lang='grc' dir='ltr'>τ.</span> <span class='ocrx_word' id='word_1_120' title='bbox 557 2203 595 2270; x_wconf 89' lang='grc' dir='ltr'>λ.]</span> <span class='ocrx_word' id='word_1_121' title='bbox 620 2204 675 2253; x_wconf 89' lang='lat' dir='ltr'>He·</span> 
     </span>
     <span class='ocr_line' id='line_1_21' title="bbox 130 2272 674 2334; baseline 0.002 -13"><span class='ocrx_word' id='word_1_122' title='bbox 130 2272 240 2323; x_wconf 83' lang='lat' dir='ltr'>rodotea</span> <span class='ocrx_word' id='word_1_123' title='bbox 262 2273 332 2322; x_wconf 89' lang='lat' dir='ltr'>citat</span> <span class='ocrx_word' id='word_1_124' title='bbox 351 2272 487 2323; x_wconf 82' lang='lat' dir='ltr'>Stohaeus</span> <span class='ocrx_word' id='word_1_125' title='bbox 500 2273 609 2334; x_wconf 87' lang='lat' dir='ltr'>XLIII,</span> <span class='ocrx_word' id='word_1_126' title='bbox 629 2273 674 2324; x_wconf 83' lang='lat'>38.</span> 
     </span>
     <span class='ocr_line' id='line_1_22' title="bbox 131 2342 673 2407; baseline 0 -15"><span class='ocrx_word' id='word_1_127' title='bbox 131 2358 189 2407; x_wconf 81' lang='lat' dir='ltr'>pag.</span> <span class='ocrx_word' id='word_1_128' title='bbox 209 2342 267 2392; x_wconf 77' lang='grc'>243</span> <span class='ocrx_word' id='word_1_129' title='bbox 285 2358 308 2391; x_wconf 87' lang='lat' dir='ltr'>s.</span> <span class='ocrx_word' id='word_1_130' title='bbox 332 2343 364 2391; x_wconf 90' lang='grc' dir='ltr'>Τ.</span> <span class='ocrx_word' id='word_1_131' title='bbox 385 2342 422 2392; x_wconf 92' lang='lat' dir='ltr'>II.</span> <span class='ocrx_word' id='word_1_132' title='bbox 442 2358 503 2406; x_wconf 84' lang='lat' dir='ltr'>pag.</span> <span class='ocrx_word' id='word_1_133' title='bbox 520 2342 570 2392; x_wconf 86' lang='lat'>108</span> <span class='ocrx_word' id='word_1_134' title='bbox 586 2343 673 2392; x_wconf 81' lang='lat' dir='ltr'>(laist.</span> 
     </span>
     <span class='ocr_line' id='line_1_23' title="bbox 130 2411 674 2472; baseline -0.002 -11"><span class='ocrx_word' id='word_1_135' title='bbox 130 2412 167 2462; x_wconf 78' lang='lat' dir='ltr'>dd</span> <span class='ocrx_word' id='word_1_136' title='bbox 194 2411 366 2462; x_wconf 83' lang='lat' dir='ltr'>locutionem</span> <span class='ocrx_word' id='word_1_137' title='bbox 393 2412 512 2460; x_wconf 81' lang='lat' dir='ltr'>conferri</span> <span class='ocrx_word' id='word_1_138' title='bbox 539 2412 674 2472; x_wconf 87' lang='lat' dir='ltr'>volumus,</span> 
     </span>
     <span class='ocr_line' id='line_1_24' title="bbox 132 2471 673 2546; baseline -0.004 -14"><span class='ocrx_word' id='word_1_139' title='bbox 132 2481 197 2546; x_wconf 89' lang='lat' dir='ltr'>quod</span> <span class='ocrx_word' id='word_1_140' title='bbox 210 2481 315 2546; x_wconf 85' lang='lat' dir='ltr'>legitur</span> <span class='ocrx_word' id='word_1_141' title='bbox 328 2480 381 2541; x_wconf 86' lang='grc' dir='ltr'><strong>ΙΙΙ,</strong></span> <span class='ocrx_word' id='word_1_142' title='bbox 392 2481 426 2530; x_wconf 90' lang='grc'>82</span> <span class='ocrx_word' id='word_1_143' title='bbox 439 2480 484 2530; x_wconf 89' lang='lat' dir='ltr'>fin.</span> <span class='ocrx_word' id='word_1_144' title='bbox 506 2477 552 2529; x_wconf 78' lang='lat' dir='ltr'>sol</span> <span class='ocrx_word' id='word_1_145' title='bbox 567 2471 597 2529; x_wconf 82' lang='grc' dir='ltr'><strong><em>έν</em></strong></span> <span class='ocrx_word' id='word_1_146' title='bbox 610 2476 673 2530; x_wconf 80' lang='grc' dir='ltr'><strong><em>τού·</em></strong></span> 
     </span>
     <span class='ocr_line' id='line_1_25' title="bbox 131 2536 674 2615; baseline 0 -16"><span class='ocrx_word' id='word_1_147' title='bbox 131 2565 164 2615; x_wconf 76' lang='lat' dir='ltr'>sp</span> <span class='ocrx_word' id='word_1_148' title='bbox 182 2549 276 2615; x_wconf 85' lang='grc' dir='ltr'><strong><em>δηλοῖ</em></strong></span> <span class='ocrx_word' id='word_1_149' title='bbox 291 2545 340 2599; x_wconf 75' lang='grc' dir='ltr'><strong><em>καὶ</em></strong></span> <span class='ocrx_word' id='word_1_150' title='bbox 360 2536 444 2607; x_wconf 79' lang='grc' dir='ltr'><strong><em>οὗτος</em></strong></span> <span class='ocrx_word' id='word_1_151' title='bbox 462 2539 500 2608; x_wconf 75' lang='grc' dir='ltr'>ὥς</span> <span class='ocrx_word' id='word_1_152' title='bbox 520 2542 674 2615; x_wconf 78' lang='grc' dir='ltr'><strong><em>ἡμοαναρ-</em></strong></span> 
     </span>
     <span class='ocr_line' id='line_1_26' title="bbox 129 2611 674 2685; baseline 0.007 -17"><span class='ocrx_word' id='word_1_153' title='bbox 129 2620 172 2684; x_wconf 78' lang='grc' dir='ltr'><strong><em>χιή</em></strong></span> <span class='ocrx_word' id='word_1_154' title='bbox 184 2614 351 2680; x_wconf 72' lang='grc' dir='ltr'><strong><em>κράτιστον.</em></strong></span> <span class='ocrx_word' id='word_1_155' title='bbox 380 2620 447 2670; x_wconf 84' lang='lat' dir='ltr'>Cum</span> <span class='ocrx_word' id='word_1_156' title='bbox 461 2621 551 2671; x_wconf 85' lang='lat' dir='ltr'>verbis</span> <span class='ocrx_word' id='word_1_157' title='bbox 563 2637 638 2685; x_wconf 85' lang='lat' dir='ltr'>seqq.</span> <span class='ocrx_word' id='word_1_158' title='bbox 656 2611 674 2685; x_wconf 84' lang='grc' dir='ltr'><em>ἡ</em></span> 
     </span>
     <span class='ocr_line' id='line_1_27' title="bbox 128 2680 675 2753; baseline -0.004 -14"><span class='ocrx_word' id='word_1_159' title='bbox 128 2685 259 2753; x_wconf 78' lang='grc' dir='ltr'><strong><em>ἰσηγορίη</em></strong></span> <span class='ocrx_word' id='word_1_160' title='bbox 273 2680 313 2746; x_wconf 80' lang='grc' dir='ltr'>ὠς</span> <span class='ocrx_word' id='word_1_161' title='bbox 326 2682 383 2738; x_wconf 80' lang='grc' dir='ltr'><strong><em>ἔστι</em></strong></span> <span class='ocrx_word' id='word_1_162' title='bbox 401 2686 494 2753; x_wconf 83' lang='grc' dir='ltr'><strong><em>χρῆμα</em></strong></span> <span class='ocrx_word' id='word_1_163' title='bbox 515 2688 675 2739; x_wconf 81' lang='grc' dir='ltr'><strong><em>σπουδαῖον</em></strong></span> 
     </span>
     <span class='ocr_line' id='line_1_28' title="bbox 130 2758 675 2825; baseline -0.006 -15"><span class='ocrx_word' id='word_1_164' title='bbox 130 2775 335 2825; x_wconf 76' lang='lat' dir='ltr'>comparamus,</span> <span class='ocrx_word' id='word_1_165' title='bbox 353 2774 424 2822; x_wconf 87' lang='lat' dir='ltr'>quae</span> <span class='ocrx_word' id='word_1_166' title='bbox 441 2765 551 2809; x_wconf 86' lang='lat' dir='ltr'>exstant</span> <span class='ocrx_word' id='word_1_167' title='bbox 568 2759 625 2823; x_wconf 87' lang='grc' dir='ltr'><strong>ΙΙΙ,</strong></span> <span class='ocrx_word' id='word_1_168' title='bbox 640 2758 675 2810; x_wconf 85' lang='grc'>80</span> 
     </span>
     <span class='ocr_line' id='line_1_29' title="bbox 130 2818 674 2895; baseline -0.009 -15"><span class='ocrx_word' id='word_1_169' title='bbox 130 2838 190 2895; x_wconf 87' lang='lat' dir='ltr'>post</span> <span class='ocrx_word' id='word_1_170' title='bbox 207 2832 270 2879; x_wconf 88' lang='lat' dir='ltr'>init.</span> <span class='ocrx_word' id='word_1_171' title='bbox 284 2826 342 2885; x_wconf 79' lang='grc' dir='ltr'>κῶς</span> <span class='ocrx_word' id='word_1_172' title='bbox 357 2819 387 2876; x_wconf 84' lang='grc' dir='ltr'>δ’</span> <span class='ocrx_word' id='word_1_173' title='bbox 404 2818 442 2876; x_wconf 78' lang='grc' dir='ltr'><strong><em>ἀν</em></strong></span> <span class='ocrx_word' id='word_1_174' title='bbox 458 2825 502 2892; x_wconf 72' lang='grc' dir='ltr'>εἴη</span> <span class='ocrx_word' id='word_1_175' title='bbox 516 2825 610 2892; x_wconf 81' lang='grc' dir='ltr'><strong><em>χρῆμα</em></strong></span> <span class='ocrx_word' id='word_1_176' title='bbox 625 2843 674 2876; x_wconf 84' lang='grc' dir='ltr'><strong><em>κα-</em></strong></span> 
     </span>
     <span class='ocr_line' id='line_1_30' title="bbox 130 2895 673 2963; baseline -0.006 -16"><span class='ocrx_word' id='word_1_177' title='bbox 130 2897 308 2963; x_wconf 84' lang='grc' dir='ltr'><strong><em>τηρτημένον</em></strong></span> <span class='ocrx_word' id='word_1_178' title='bbox 320 2895 481 2963; x_wconf 81' lang='grc' dir='ltr'><strong><em>μουναρχίη</em></strong></span> <span class='ocrx_word' id='word_1_179' title='bbox 498 2914 522 2947; x_wconf 84' lang='grc' dir='ltr'>ιι.</span> <span class='ocrx_word' id='word_1_180' title='bbox 539 2913 562 2948; x_wconf 86' lang='grc' dir='ltr'><strong><em>τ.</em></strong></span> <span class='ocrx_word' id='word_1_181' title='bbox 579 2899 603 2947; x_wconf 87' lang='lat' dir='ltr'>l.</span> <span class='ocrx_word' id='word_1_182' title='bbox 632 2897 673 2946; x_wconf 82' lang='lat' dir='ltr'>Ad</span> 
     </span>
     <span class='ocr_line' id='line_1_31' title="bbox 129 2965 675 3032; baseline -0.011 -12"><span class='ocrx_word' id='word_1_183' title='bbox 129 2985 221 3019; x_wconf 81' lang='lat' dir='ltr'>rocem</span> <span class='ocrx_word' id='word_1_184' title='bbox 234 2966 397 3017; x_wconf 83' lang='grc' dir='ltr'><strong><em>σπουδαῖον</em></strong></span> <span class='ocrx_word' id='word_1_185' title='bbox 418 2965 569 3032; x_wconf 75' lang='lat' dir='ltr'>(eprepium,</span> <span class='ocrx_word' id='word_1_186' title='bbox 589 2968 675 3017; x_wconf 76' lang='lat' dir='ltr'>exrel-</span> 
     </span>
     <span class='ocr_line' id='line_1_32' title="bbox 130 3031 682 3103; baseline -0.007 -16"><span class='ocrx_word' id='word_1_187' title='bbox 130 3039 192 3101; x_wconf 79' lang='lat' dir='ltr'>lens)</span> <span class='ocrx_word' id='word_1_188' title='bbox 206 3037 244 3090; x_wconf 81' lang='lat' dir='ltr'>ef.</span> <span class='ocrx_word' id='word_1_189' title='bbox 262 3038 308 3097; x_wconf 91' lang='lat' dir='ltr'>IV,</span> <span class='ocrx_word' id='word_1_190' title='bbox 329 3037 379 3088; x_wconf 81' lang='lat' dir='ltr'>iss</span> <span class='ocrx_word' id='word_1_191' title='bbox 397 3037 490 3099; x_wconf 79' lang='lat' dir='ltr'>ibique</span> <span class='ocrx_word' id='word_1_192' title='bbox 511 3042 580 3088; x_wconf 90' lang='lat' dir='ltr'>nott.</span> <span class='ocrx_word' id='word_1_193' title='bbox 613 3031 682 3103; x_wconf 75' lang='grc' dir='ltr'>ἰση-1</span> 
     </span>
     <span class='ocr_line' id='line_1_33' title="bbox 128 3104 673 3172; baseline -0.004 -16"><span class='ocrx_word' id='word_1_194' title='bbox 128 3106 228 3172; x_wconf 74' lang='grc' dir='ltr'><strong><em>χοριήν</em></strong></span> <span class='ocrx_word' id='word_1_195' title='bbox 238 3106 375 3157; x_wconf 78' lang='lat' dir='ltr'>Herodoti</span> <span class='ocrx_word' id='word_1_196' title='bbox 386 3104 459 3155; x_wconf 84' lang='lat' dir='ltr'>haud</span> <span class='ocrx_word' id='word_1_197' title='bbox 473 3107 552 3157; x_wconf 85' lang='lat' dir='ltr'>valde</span> <span class='ocrx_word' id='word_1_198' title='bbox 565 3106 673 3156; x_wconf 85' lang='lat' dir='ltr'>differre</span> 
     </span>
     <span class='ocr_line' id='line_1_34' title="bbox 129 3169 672 3243; baseline -0.011 -16"><span class='ocrx_word' id='word_1_199' title='bbox 129 3180 161 3227; x_wconf 88' lang='lat' dir='ltr'>ab</span> <span class='ocrx_word' id='word_1_200' title='bbox 179 3193 221 3239; x_wconf 83' lang='lat' dir='ltr'>es,</span> <span class='ocrx_word' id='word_1_201' title='bbox 235 3193 317 3243; x_wconf 81' lang='lat' dir='ltr'>quem</span> <span class='ocrx_word' id='word_1_202' title='bbox 335 3174 398 3225; x_wconf 88' lang='lat' dir='ltr'>aliis</span> <span class='ocrx_word' id='word_1_203' title='bbox 413 3174 480 3226; x_wconf 86' lang='lat' dir='ltr'>loeis</span> <span class='ocrx_word' id='word_1_204' title='bbox 495 3176 563 3226; x_wconf 81' lang='lat' dir='ltr'>dixit</span> <span class='ocrx_word' id='word_1_205' title='bbox 577 3169 672 3224; x_wconf 80' lang='lat' dir='ltr'>leove-</span> 
     </span>
     <span class='ocr_line' id='line_1_35' title="bbox 127 3245 671 3312; baseline 0 -18"><span class='ocrx_word' id='word_1_206' title='bbox 127 3246 208 3310; x_wconf 88' lang='grc' dir='ltr'><strong><em>μίην,</em></strong></span> <span class='ocrx_word' id='word_1_207' title='bbox 227 3262 283 3312; x_wconf 89' lang='lat' dir='ltr'>qua</span> <span class='ocrx_word' id='word_1_208' title='bbox 296 3253 413 3309; x_wconf 87' lang='lat' dir='ltr'>utraque</span> <span class='ocrx_word' id='word_1_209' title='bbox 433 3245 574 3310; x_wconf 83' lang='lat' dir='ltr'>popularis</span> <span class='ocrx_word' id='word_1_210' title='bbox 588 3246 671 3309; x_wconf 89' lang='lat' dir='ltr'>impe·</span> 
     </span>
     <span class='ocr_line' id='line_1_36' title="bbox 128 3313 671 3367; baseline -0.007 0"><span class='ocrx_word' id='word_1_211' title='bbox 128 3320 161 3367; x_wconf 90' lang='lat' dir='ltr'>rii</span> <span class='ocrx_word' id='word_1_212' title='bbox 175 3318 218 3365; x_wconf 82' lang='lat' dir='ltr'>via</span> <span class='ocrx_word' id='word_1_213' title='bbox 235 3332 268 3365; x_wconf 91' lang='lat' dir='ltr'>ae</span> <span class='ocrx_word' id='word_1_214' title='bbox 282 3317 359 3365; x_wconf 86' lang='lat' dir='ltr'>notio</span> <span class='ocrx_word' id='word_1_215' title='bbox 372 3313 536 3367; x_wconf 84' lang='lat' dir='ltr'>declaratur.</span> <span class='ocrx_word' id='word_1_216' title='bbox 549 3315 602 3364; x_wconf 89' lang='lat' dir='ltr'>iam</span> <span class='ocrx_word' id='word_1_217' title='bbox 616 3329 671 3363; x_wconf 91' lang='lat' dir='ltr'>mo·</span> 
     </span>
     <span class='ocr_line' id='line_1_37' title="bbox 128 3384 672 3447; baseline -0.006 -12"><span class='ocrx_word' id='word_1_218' title='bbox 128 3388 234 3437; x_wconf 87' lang='lat' dir='ltr'>unimus</span> <span class='ocrx_word' id='word_1_219' title='bbox 246 3386 282 3435; x_wconf 82' lang='lat' dir='ltr'>ed</span> <span class='ocrx_word' id='word_1_220' title='bbox 294 3385 348 3440; x_wconf 87' lang='lat'>111.</span> <span class='ocrx_word' id='word_1_221' title='bbox 359 3384 403 3447; x_wconf 87' lang='grc'>82,</span> <span class='ocrx_word' id='word_1_222' title='bbox 415 3385 463 3434; x_wconf 90' lang='lat' dir='ltr'>ubi</span> <span class='ocrx_word' id='word_1_223' title='bbox 475 3386 529 3435; x_wconf 82' lang='lat' dir='ltr'>vid.</span> <span class='ocrx_word' id='word_1_224' title='bbox 544 3389 613 3434; x_wconf 88' lang='lat' dir='ltr'>nott.</span> <span class='ocrx_word' id='word_1_225' title='bbox 628 3384 672 3432; x_wconf 85' lang='lat' dir='ltr'>In-</span> 
     </span>
     <span class='ocr_line' id='line_1_38' title="bbox 127 3453 673 3518; baseline -0.009 -13"><span class='ocrx_word' id='word_1_226' title='bbox 127 3458 218 3507; x_wconf 88' lang='lat' dir='ltr'>dicant</span> <span class='ocrx_word' id='word_1_227' title='bbox 228 3470 295 3505; x_wconf 83' lang='lat' dir='ltr'>vero</span> <span class='ocrx_word' id='word_1_228' title='bbox 310 3453 381 3504; x_wconf 87' lang='lat' dir='ltr'>tales</span> <span class='ocrx_word' id='word_1_229' title='bbox 394 3456 563 3517; x_wconf 80' lang='lat' dir='ltr'>sententiae,</span> <span class='ocrx_word' id='word_1_230' title='bbox 577 3453 673 3518; x_wconf 87' lang='lat' dir='ltr'>quales</span> 
     </span>
     <span class='ocr_line' id='line_1_39' title="bbox 126 3524 671 3589; baseline -0.006 -15"><span class='ocrx_word' id='word_1_231' title='bbox 126 3526 169 3577; x_wconf 87' lang='lat' dir='ltr'>hie</span> <span class='ocrx_word' id='word_1_232' title='bbox 187 3524 245 3576; x_wconf 89' lang='lat' dir='ltr'>illie</span> <span class='ocrx_word' id='word_1_233' title='bbox 267 3541 315 3589; x_wconf 85' lang='lat' dir='ltr'>per</span> <span class='ocrx_word' id='word_1_234' title='bbox 327 3525 468 3574; x_wconf 85' lang='lat' dir='ltr'>Musarum</span> <span class='ocrx_word' id='word_1_235' title='bbox 490 3524 575 3573; x_wconf 89' lang='lat' dir='ltr'>libros</span> <span class='ocrx_word' id='word_1_236' title='bbox 593 3537 671 3586; x_wconf 80' lang='lat' dir='ltr'>spur·</span> 
     </span>
     <span class='ocr_line' id='line_1_40' title="bbox 128 3592 671 3657; baseline -0.006 -14"><span class='ocrx_word' id='word_1_237' title='bbox 128 3612 168 3646; x_wconf 81' lang='lat' dir='ltr'>sas</span> <span class='ocrx_word' id='word_1_238' title='bbox 187 3596 358 3657; x_wconf 81' lang='lat' dir='ltr'>invenimus,</span> <span class='ocrx_word' id='word_1_239' title='bbox 385 3592 526 3657; x_wconf 84' lang='lat' dir='ltr'>seripturis</span> <span class='ocrx_word' id='word_1_240' title='bbox 552 3592 671 3642; x_wconf 84' lang='lat' dir='ltr'>animum</span> 
     </span>
     <span class='ocr_line' id='line_1_41' title="bbox 127 3664 671 3727; baseline -0.009 -13"><span class='ocrx_word' id='word_1_241' title='bbox 127 3667 158 3714; x_wconf 82' lang='lat' dir='ltr'>ab</span> <span class='ocrx_word' id='word_1_242' title='bbox 172 3666 247 3714; x_wconf 89' lang='lat' dir='ltr'>omni</span> <span class='ocrx_word' id='word_1_243' title='bbox 269 3666 429 3713; x_wconf 74' lang='lat' dir='ltr'>sisennius</span> <span class='ocrx_word' id='word_1_244' title='bbox 447 3664 505 3713; x_wconf 84' lang='lat' dir='ltr'>sive</span> <span class='ocrx_word' id='word_1_245' title='bbox 523 3676 671 3727; x_wconf 81' lang='lat' dir='ltr'>paucorum</span> 
     </span>
     <span class='ocr_line' id='line_1_42' title="bbox 127 3732 672 3799; baseline -0.006 -16"><span class='ocrx_word' id='word_1_246' title='bbox 127 3736 355 3799; x_wconf 76' lang='lat' dir='ltr'>optimatiumque</span> <span class='ocrx_word' id='word_1_247' title='bbox 373 3732 487 3797; x_wconf 86' lang='lat' dir='ltr'>imperio</span> <span class='ocrx_word' id='word_1_248' title='bbox 504 3732 621 3782; x_wconf 85' lang='lat' dir='ltr'>alienum</span> <span class='ocrx_word' id='word_1_249' title='bbox 644 3735 672 3780; x_wconf 91' lang='lat' dir='ltr'>et</span> 
     </span>
     <span class='ocr_line' id='line_1_43' title="bbox 126 3799 672 3869; baseline -0.009 -16"><span class='ocrx_word' id='word_1_250' title='bbox 126 3804 248 3869; x_wconf 86' lang='lat' dir='ltr'>populari</span> <span class='ocrx_word' id='word_1_251' title='bbox 275 3804 335 3854; x_wconf 87' lang='lat' dir='ltr'>sive</span> <span class='ocrx_word' id='word_1_252' title='bbox 365 3801 564 3861; x_wconf 81' lang='lat' dir='ltr'>democratieo,</span> <span class='ocrx_word' id='word_1_253' title='bbox 598 3799 672 3867; x_wconf 93' lang='lat' dir='ltr'>quod</span> 
     </span>
     <span class='ocr_line' id='line_1_44' title="bbox 126 3869 673 3939; baseline -0.009 -17"><span class='ocrx_word' id='word_1_254' title='bbox 126 3874 203 3939; x_wconf 76' lang='lat' dir='ltr'>vulgo</span> <span class='ocrx_word' id='word_1_255' title='bbox 217 3874 330 3933; x_wconf 84' lang='lat' dir='ltr'>dieunt,</span> <span class='ocrx_word' id='word_1_256' title='bbox 344 3873 472 3936; x_wconf 81' lang='lat' dir='ltr'>regimini</span> <span class='ocrx_word' id='word_1_257' title='bbox 491 3872 607 3921; x_wconf 77' lang='lat' dir='ltr'>maxime</span> <span class='ocrx_word' id='word_1_258' title='bbox 625 3869 673 3919; x_wconf 83' lang='lat' dir='ltr'>sd-</span> 
     </span>
     <span class='ocr_line' id='line_1_45' title="bbox 127 3942 672 4007; baseline -0.006 -15"><span class='ocrx_word' id='word_1_259' title='bbox 127 3945 236 4006; x_wconf 89' lang='lat' dir='ltr'>dietum,</span> <span class='ocrx_word' id='word_1_260' title='bbox 246 3944 364 4007; x_wconf 85' lang='lat' dir='ltr'>indeque</span> <span class='ocrx_word' id='word_1_261' title='bbox 375 3956 408 3991; x_wconf 90' lang='lat' dir='ltr'>ea</span> <span class='ocrx_word' id='word_1_262' title='bbox 419 3942 590 4002; x_wconf 80' lang='lat' dir='ltr'>scribentem,</span> <span class='ocrx_word' id='word_1_263' title='bbox 602 3954 672 4006; x_wconf 79' lang='lat' dir='ltr'>quse</span> 
     </span>
     <span class='ocr_line' id='line_1_46' title="bbox 127 4010 672 4064; baseline -0.006 -3"><span class='ocrx_word' id='word_1_264' title='bbox 127 4014 195 4064; x_wconf 81' lang='lat' dir='ltr'>haud</span> <span class='ocrx_word' id='word_1_265' title='bbox 210 4014 269 4063; x_wconf 86' lang='lat' dir='ltr'>seio</span> <span class='ocrx_word' id='word_1_266' title='bbox 285 4029 321 4062; x_wconf 87' lang='lat' dir='ltr'>nn</span> <span class='ocrx_word' id='word_1_267' title='bbox 344 4013 446 4061; x_wconf 86' lang='lat' dir='ltr'>iustum</span> <span class='ocrx_word' id='word_1_268' title='bbox 466 4010 573 4060; x_wconf 89' lang='lat' dir='ltr'>modum</span> <span class='ocrx_word' id='word_1_269' title='bbox 595 4025 672 4059; x_wconf 86' lang='lat' dir='ltr'>exee-</span> 
     </span>
     <span class='ocr_line' id='line_1_47' title="bbox 129 4079 672 4139; baseline -0.011 -5"><span class='ocrx_word' id='word_1_270' title='bbox 129 4084 186 4134; x_wconf 85' lang='lat' dir='ltr'>dere</span> <span class='ocrx_word' id='word_1_271' title='bbox 196 4083 361 4134; x_wconf 84' lang='lat' dir='ltr'>videantur:</span> <span class='ocrx_word' id='word_1_272' title='bbox 376 4082 475 4130; x_wconf 87' lang='lat' dir='ltr'>etenim</span> <span class='ocrx_word' id='word_1_273' title='bbox 483 4079 672 4139; x_wconf 82' lang='lat' dir='ltr'>Athenienses,</span> 
     </span>
     <span class='ocr_line' id='line_1_48' title="bbox 129 4149 674 4220; baseline -0.007 -20"><span class='ocrx_word' id='word_1_274' title='bbox 129 4169 236 4209; x_wconf 80' lang='lat' dir='ltr'>quorum</span> <span class='ocrx_word' id='word_1_275' title='bbox 253 4151 409 4220; x_wconf 88' lang='lat' dir='ltr'>potentiam</span> <span class='ocrx_word' id='word_1_276' title='bbox 429 4166 547 4216; x_wconf 88' lang='lat' dir='ltr'>opesque</span> <span class='ocrx_word' id='word_1_277' title='bbox 567 4164 615 4214; x_wconf 87' lang='lat' dir='ltr'>per</span> <span class='ocrx_word' id='word_1_278' title='bbox 629 4149 674 4197; x_wconf 91' lang='lat' dir='ltr'>Pi·</span> 
     </span>
     <span class='ocr_line' id='line_1_49' title="bbox 128 4218 674 4284; baseline -0.013 -11"><span class='ocrx_word' id='word_1_279' title='bbox 128 4223 330 4274; x_wconf 82' lang='lat' dir='ltr'>sistratidurum</span> <span class='ocrx_word' id='word_1_280' title='bbox 343 4225 467 4284; x_wconf 88' lang='lat' dir='ltr'>tempora</span> <span class='ocrx_word' id='word_1_281' title='bbox 485 4218 599 4269; x_wconf 87' lang='lat' dir='ltr'>multum</span> <span class='ocrx_word' id='word_1_282' title='bbox 616 4232 674 4268; x_wconf 88' lang='lat' dir='ltr'>ere·</span> 
     </span>
     <span class='ocr_line' id='line_1_50' title="bbox 128 4288 674 4361; baseline -0.011 -19"><span class='ocrx_word' id='word_1_283' title='bbox 128 4293 195 4344; x_wconf 83' lang='lat' dir='ltr'>risse</span> <span class='ocrx_word' id='word_1_284' title='bbox 210 4294 312 4361; x_wconf 78' lang='lat' dir='ltr'>negari</span> <span class='ocrx_word' id='word_1_285' title='bbox 332 4290 443 4355; x_wconf 90' lang='lat' dir='ltr'>nequit,</span> <span class='ocrx_word' id='word_1_286' title='bbox 462 4305 511 4353; x_wconf 86' lang='lat' dir='ltr'>per</span> <span class='ocrx_word' id='word_1_287' title='bbox 525 4289 594 4339; x_wconf 79' lang='lat' dir='ltr'>haee</span> <span class='ocrx_word' id='word_1_288' title='bbox 614 4288 674 4352; x_wconf 90' lang='lat' dir='ltr'>ipsa</span> 
     </span>
     <span class='ocr_line' id='line_1_51' title="bbox 127 4358 673 4428; baseline -0.015 -15"><span class='ocrx_word' id='word_1_289' title='bbox 127 4368 245 4428; x_wconf 88' lang='lat' dir='ltr'>tempora</span> <span class='ocrx_word' id='word_1_290' title='bbox 257 4362 358 4416; x_wconf 79' lang='lat' dir='ltr'>scribit</span> <span class='ocrx_word' id='word_1_291' title='bbox 372 4359 454 4410; x_wconf 84' lang='lat' dir='ltr'>rebus</span> <span class='ocrx_word' id='word_1_292' title='bbox 463 4359 569 4411; x_wconf 87' lang='lat' dir='ltr'>belliois</span> <span class='ocrx_word' id='word_1_293' title='bbox 582 4358 673 4407; x_wconf 91' lang='lat' dir='ltr'>minus</span> 
     </span>
     <span class='ocr_line' id='line_1_52' title="bbox 126 4425 674 4496; baseline -0.015 -12"><span class='ocrx_word' id='word_1_294' title='bbox 126 4434 293 4496; x_wconf 76' lang='lat' dir='ltr'>excelluisse,</span> <span class='ocrx_word' id='word_1_295' title='bbox 309 4435 338 4482; x_wconf 93' lang='lat' dir='ltr'>et</span> <span class='ocrx_word' id='word_1_296' title='bbox 347 4435 406 4481; x_wconf 86' lang='lat' dir='ltr'>turn</span> <span class='ocrx_word' id='word_1_297' title='bbox 416 4429 523 4479; x_wconf 87' lang='lat' dir='ltr'>demum</span> <span class='ocrx_word' id='word_1_298' title='bbox 534 4425 674 4479; x_wconf 76' lang='lat' dir='ltr'>tortitudi-</span> 
     </span>
    </p>
   </div>
   <div class='ocr_carea' id='block_1_8' title="bbox 720 1440 1296 4488">
    <p class='ocr_par' dir='ltr' id='par_1_8' title="bbox 725 1440 1272 2893">
     <span class='ocr_line' id='line_1_53' title="bbox 730 1440 1272 1502; baseline 0 -12"><span class='ocrx_word' id='word_1_299' title='bbox 730 1457 764 1492; x_wconf 89' lang='lat' dir='ltr'>ne</span> <span class='ocrx_word' id='word_1_300' title='bbox 779 1441 952 1502; x_wconf 72' lang='lat' dir='ltr'>inclaruisse,</span> <span class='ocrx_word' id='word_1_301' title='bbox 976 1457 1035 1492; x_wconf 88' lang='lat' dir='ltr'>oum</span> <span class='ocrx_word' id='word_1_302' title='bbox 1057 1456 1074 1490; x_wconf 90' lang='lat' dir='ltr'>a</span> <span class='ocrx_word' id='word_1_303' title='bbox 1087 1440 1272 1491; x_wconf 87' lang='lat' dir='ltr'>Pisistratidis</span> 
     </span>
     <span class='ocr_line' id='line_1_54' title="bbox 730 1510 1272 1576; baseline -0.006 -15"><span class='ocrx_word' id='word_1_304' title='bbox 730 1516 823 1562; x_wconf 86' lang='lat' dir='ltr'>essent</span> <span class='ocrx_word' id='word_1_305' title='bbox 836 1510 959 1570; x_wconf 82' lang='lat' dir='ltr'>liberati3</span> <span class='ocrx_word' id='word_1_306' title='bbox 980 1511 1013 1561; x_wconf 93' lang='lat' dir='ltr'>de</span> <span class='ocrx_word' id='word_1_307' title='bbox 1027 1526 1081 1576; x_wconf 88' lang='lat' dir='ltr'>qua</span> <span class='ocrx_word' id='word_1_308' title='bbox 1096 1527 1124 1560; x_wconf 90' lang='lat' dir='ltr'>re</span> <span class='ocrx_word' id='word_1_309' title='bbox 1138 1510 1173 1560; x_wconf 83' lang='lat' dir='ltr'>el.</span> <span class='ocrx_word' id='word_1_310' title='bbox 1189 1511 1272 1559; x_wconf 90' lang='lat' dir='ltr'>etiam</span> 
     </span>
     <span class='ocr_line' id='line_1_55' title="bbox 729 1579 1272 1645; baseline -0.002 -15"><span class='ocrx_word' id='word_1_311' title='bbox 729 1596 800 1645; x_wconf 88' lang='lat' dir='ltr'>quae</span> <span class='ocrx_word' id='word_1_312' title='bbox 809 1579 1019 1630; x_wconf 85' lang='lat' dir='ltr'>indieatGrote:</span> <span class='ocrx_word' id='word_1_313' title='bbox 1031 1579 1184 1642; x_wconf 78' lang='lat' dir='ltr'>Historyoi</span> <span class='ocrx_word' id='word_1_314' title='bbox 1191 1579 1272 1629; x_wconf 83' lang='lat' dir='ltr'>Gree-</span> 
     </span>
     <span class='ocr_line' id='line_1_56' title="bbox 729 1649 1270 1714; baseline -0.007 -14"><span class='ocrx_word' id='word_1_315' title='bbox 729 1666 761 1700; x_wconf 89' lang='lat' dir='ltr'>ee</span> <span class='ocrx_word' id='word_1_316' title='bbox 774 1652 822 1700; x_wconf 92' lang='lat' dir='ltr'>lV.</span> <span class='ocrx_word' id='word_1_317' title='bbox 836 1666 861 1714; x_wconf 88' lang='lat' dir='ltr'>p.</span> <span class='ocrx_word' id='word_1_318' title='bbox 874 1651 935 1699; x_wconf 84' lang='grc'><strong>223.</strong></span> <span class='ocrx_word' id='word_1_319' title='bbox 963 1650 1004 1699; x_wconf 85' lang='lat' dir='ltr'>De</span> <span class='ocrx_word' id='word_1_320' title='bbox 1017 1649 1149 1698; x_wconf 88' lang='lat' dir='ltr'>Herodoti</span> <span class='ocrx_word' id='word_1_321' title='bbox 1162 1652 1270 1698; x_wconf 88' lang='lat' dir='ltr'>senteu-</span> 
     </span>
     <span class='ocr_line' id='line_1_57' title="bbox 731 1717 1271 1784; baseline -0.004 -16"><span class='ocrx_word' id='word_1_322' title='bbox 731 1721 780 1778; x_wconf 80' lang='lat' dir='ltr'>tin,</span> <span class='ocrx_word' id='word_1_323' title='bbox 794 1735 873 1784; x_wconf 81' lang='lat' dir='ltr'>quarn</span> <span class='ocrx_word' id='word_1_324' title='bbox 885 1719 958 1768; x_wconf 83' lang='lat' dir='ltr'>infra</span> <span class='ocrx_word' id='word_1_325' title='bbox 968 1734 1029 1783; x_wconf 85' lang='lat' dir='ltr'>enp.</span> <span class='ocrx_word' id='word_1_326' title='bbox 1041 1718 1071 1770; x_wconf 83' lang='lat' dir='ltr'>lll</span> <span class='ocrx_word' id='word_1_327' title='bbox 1089 1719 1129 1768; x_wconf 84' lang='lat' dir='ltr'>ita</span> <span class='ocrx_word' id='word_1_328' title='bbox 1142 1717 1271 1782; x_wconf 92' lang='lat' dir='ltr'>quodam·</span> 
     </span>
     <span class='ocr_line' id='line_1_58' title="bbox 731 1786 1271 1851; baseline -0.006 -14"><span class='ocrx_word' id='word_1_329' title='bbox 731 1789 809 1838; x_wconf 90' lang='lat' dir='ltr'>modo</span> <span class='ocrx_word' id='word_1_330' title='bbox 823 1789 966 1851; x_wconf 84' lang='lat' dir='ltr'>repetitam</span> <span class='ocrx_word' id='word_1_331' title='bbox 981 1788 1147 1848; x_wconf 88' lang='lat' dir='ltr'>invenimus,</span> <span class='ocrx_word' id='word_1_332' title='bbox 1161 1792 1192 1836; x_wconf 88' lang='lat' dir='ltr'>ut</span> <span class='ocrx_word' id='word_1_333' title='bbox 1202 1786 1271 1851; x_wconf 87' lang='lat' dir='ltr'>ipsis</span> 
     </span>
     <span class='ocr_line' id='line_1_59' title="bbox 729 1857 1270 1922; baseline -0.009 -14"><span class='ocrx_word' id='word_1_334' title='bbox 729 1858 870 1922; x_wconf 73' lang='lat' dir='ltr'>Spartanis</span> <span class='ocrx_word' id='word_1_335' title='bbox 882 1858 1026 1916; x_wconf 73' lang='lat' dir='ltr'>trimestris,</span> <span class='ocrx_word' id='word_1_336' title='bbox 1035 1859 1081 1922; x_wconf 89' lang='lat' dir='ltr'>qui</span> <span class='ocrx_word' id='word_1_337' title='bbox 1089 1857 1270 1907; x_wconf 72' lang='lat' dir='ltr'>Athenienses</span> 
     </span>
     <span class='ocr_line' id='line_1_60' title="bbox 728 1923 1271 1992; baseline -0.007 -16"><span class='ocrx_word' id='word_1_338' title='bbox 728 1942 744 1976; x_wconf 95' lang='lat' dir='ltr'>a</span> <span class='ocrx_word' id='word_1_339' title='bbox 757 1929 882 1991; x_wconf 80' lang='lat' dir='ltr'>tyrannis</span> <span class='ocrx_word' id='word_1_340' title='bbox 895 1941 1005 1992; x_wconf 87' lang='lat' dir='ltr'>pressos</span> <span class='ocrx_word' id='word_1_341' title='bbox 1018 1926 1136 1976; x_wconf 82' lang='lat' dir='ltr'>infirmos</span> <span class='ocrx_word' id='word_1_342' title='bbox 1148 1924 1207 1974; x_wconf 86' lang='lat' dir='ltr'>fore</span> <span class='ocrx_word' id='word_1_343' title='bbox 1217 1923 1271 1973; x_wconf 88' lang='lat' dir='ltr'>sibi</span> 
     </span>
     <span class='ocr_line' id='line_1_61' title="bbox 727 1992 1269 2060; baseline -0.009 -14"><span class='ocrx_word' id='word_1_344' title='bbox 727 2000 932 2060; x_wconf 78' lang='lat' dir='ltr'>persuaserant,</span> <span class='ocrx_word' id='word_1_345' title='bbox 948 1996 984 2046; x_wconf 87' lang='lat' dir='ltr'>cl.</span> <span class='ocrx_word' id='word_1_346' title='bbox 997 1997 1080 2045; x_wconf 89' lang='lat' dir='ltr'>etiam</span> <span class='ocrx_word' id='word_1_347' title='bbox 1093 1994 1216 2058; x_wconf 86' lang='lat' dir='ltr'>supraV,</span> <span class='ocrx_word' id='word_1_348' title='bbox 1226 1992 1269 2045; x_wconf 82' lang='grc'>66.</span> 
     </span>
     <span class='ocr_line' id='line_1_62' title="bbox 726 2062 1269 2129; baseline -0.009 -13"><span class='ocrx_word' id='word_1_349' title='bbox 726 2066 770 2117; x_wconf 83' lang='grc'>92.</span> <span class='ocrx_word' id='word_1_350' title='bbox 791 2071 816 2129; x_wconf 74' lang='grc'>5.</span> <span class='ocrx_word' id='word_1_351' title='bbox 841 2069 849 2116; x_wconf 94' lang='lat' dir='ltr'>l</span> <span class='ocrx_word' id='word_1_352' title='bbox 872 2071 900 2115; x_wconf 89' lang='lat' dir='ltr'>et</span> <span class='ocrx_word' id='word_1_353' title='bbox 919 2065 1024 2114; x_wconf 75' lang='lat' dir='ltr'>siberti</span> <span class='ocrx_word' id='word_1_354' title='bbox 1042 2064 1074 2115; x_wconf 91' lang='lat' dir='ltr'>de</span> <span class='ocrx_word' id='word_1_355' title='bbox 1092 2062 1195 2128; x_wconf 78' lang='lat' dir='ltr'>Jongh:</span> <span class='ocrx_word' id='word_1_356' title='bbox 1226 2063 1269 2112; x_wconf 88' lang='lat' dir='ltr'>De</span> 
     </span>
     <span class='ocr_line' id='line_1_63' title="bbox 725 2133 1268 2200; baseline -0.006 -16"><span class='ocrx_word' id='word_1_357' title='bbox 725 2135 861 2184; x_wconf 89' lang='lat' dir='ltr'>Herodoti</span> <span class='ocrx_word' id='word_1_358' title='bbox 883 2133 1035 2200; x_wconf 86' lang='lat' dir='ltr'>philosoph.</span> <span class='ocrx_word' id='word_1_359' title='bbox 1054 2149 1117 2199; x_wconf 85' lang='lat' dir='ltr'>psg.</span> <span class='ocrx_word' id='word_1_360' title='bbox 1141 2133 1190 2183; x_wconf 84' lang='grc'>132</span> <span class='ocrx_word' id='word_1_361' title='bbox 1210 2146 1268 2197; x_wconf 87' lang='lat' dir='ltr'>seq.</span> 
     </span>
     <span class='ocr_line' id='line_1_64' title="bbox 725 2202 1269 2268; baseline -0.009 -14"><span class='ocrx_word' id='word_1_362' title='bbox 725 2205 780 2254; x_wconf 85' lang='lat' dir='ltr'>Hie</span> <span class='ocrx_word' id='word_1_363' title='bbox 790 2203 861 2253; x_wconf 88' lang='lat' dir='ltr'>addo</span> <span class='ocrx_word' id='word_1_364' title='bbox 872 2204 984 2254; x_wconf 86' lang='lat' dir='ltr'>similem</span> <span class='ocrx_word' id='word_1_365' title='bbox 993 2204 1094 2268; x_wconf 81' lang='lat' dir='ltr'>Ephori</span> <span class='ocrx_word' id='word_1_366' title='bbox 1105 2202 1269 2253; x_wconf 87' lang='lat' dir='ltr'>seutentiam</span> 
     </span>
     <span class='ocr_line' id='line_1_65' title="bbox 725 2270 1269 2338; baseline -0.007 -15"><span class='ocrx_word' id='word_1_367' title='bbox 725 2274 799 2338; x_wconf 83' lang='lat' dir='ltr'>opud</span> <span class='ocrx_word' id='word_1_368' title='bbox 812 2273 936 2324; x_wconf 81' lang='lat' dir='ltr'>Strabon.</span> <span class='ocrx_word' id='word_1_369' title='bbox 951 2274 983 2323; x_wconf 82' lang='lat' dir='ltr'>X.</span> <span class='ocrx_word' id='word_1_370' title='bbox 1001 2289 1028 2337; x_wconf 91' lang='lat' dir='ltr'>p.</span> <span class='ocrx_word' id='word_1_371' title='bbox 1041 2272 1093 2323; x_wconf 77' lang='lat'>480</span> <span class='ocrx_word' id='word_1_372' title='bbox 1105 2288 1128 2324; x_wconf 87' lang='lat' dir='ltr'>s.</span> <span class='ocrx_word' id='word_1_373' title='bbox 1144 2270 1195 2322; x_wconf 79' lang='lat'>735</span> <span class='ocrx_word' id='word_1_374' title='bbox 1211 2285 1269 2332; x_wconf 88' lang='lat' dir='ltr'>seq.</span> 
     </span>
     <span class='ocr_line' id='line_1_66' title="bbox 726 2332 1270 2408; baseline -0.02 -11"><span class='ocrx_word' id='word_1_375' title='bbox 726 2343 800 2408; x_wconf 76' lang='lat' dir='ltr'>(pag.</span> <span class='ocrx_word' id='word_1_376' title='bbox 813 2343 860 2394; x_wconf 81' lang='grc'>165</span> <span class='ocrx_word' id='word_1_377' title='bbox 874 2345 981 2408; x_wconf 79' lang='lat' dir='ltr'>Frrgm.</span> <span class='ocrx_word' id='word_1_378' title='bbox 993 2341 1132 2406; x_wconf 81' lang='lat' dir='ltr'>edMarx)</span> <span class='ocrx_word' id='word_1_379' title='bbox 1145 2338 1229 2389; x_wconf 77' lang='grc' dir='ltr'><strong><em>δοκεῖ</em></strong></span> <span class='ocrx_word' id='word_1_380' title='bbox 1237 2332 1270 2387; x_wconf 82' lang='grc' dir='ltr'>δέ</span> 
     </span>
     <span class='ocr_line' id='line_1_67' title="bbox 726 2401 1268 2476; baseline -0.002 -18"><span class='ocrx_word' id='word_1_381' title='bbox 726 2426 815 2476; x_wconf 84' lang='grc' dir='ltr'><strong><em>φησιν</em></strong></span> <span class='ocrx_word' id='word_1_382' title='bbox 835 2405 850 2461; x_wconf 83' lang='grc' dir='ltr'>ὁ</span> <span class='ocrx_word' id='word_1_383' title='bbox 869 2406 1030 2476; x_wconf 80' lang='grc' dir='ltr'><strong><em>νομοθέτης</em></strong></span> <span class='ocrx_word' id='word_1_384' title='bbox 1049 2406 1180 2475; x_wconf 75' lang='grc' dir='ltr'><strong><em>μέγιστον</em></strong></span> <span class='ocrx_word' id='word_1_385' title='bbox 1198 2401 1268 2458; x_wconf 74' lang='grc' dir='ltr'><strong><em>ὑπο-</em></strong></span> 
     </span>
     <span class='ocr_line' id='line_1_68' title="bbox 725 2470 1268 2544; baseline -0.007 -14"><span class='ocrx_word' id='word_1_386' title='bbox 725 2481 834 2530; x_wconf 81' lang='grc' dir='ltr'><strong><em>θέσθαι</em></strong></span> <span class='ocrx_word' id='word_1_387' title='bbox 853 2484 916 2539; x_wconf 83' lang='grc' dir='ltr'><strong><em>ταῑς</em></strong></span> <span class='ocrx_word' id='word_1_388' title='bbox 939 2473 1055 2530; x_wconf 76' lang='grc' dir='ltr'><strong><em>πόλεσιν</em></strong></span> <span class='ocrx_word' id='word_1_389' title='bbox 1081 2471 1195 2544; x_wconf 80' lang='grc' dir='ltr'><strong><em>ἀγαθόν</em></strong></span> <span class='ocrx_word' id='word_1_390' title='bbox 1214 2470 1268 2543; x_wconf 74' lang='grc' dir='ltr'>τὴν</span> 
     </span>
     <span class='ocr_line' id='line_1_69' title="bbox 725 2541 1267 2633; baseline -0.009 -33"><span class='ocrx_word' id='word_1_391' title='bbox 725 2541 906 2613; x_wconf 65' lang='grc' dir='ltr'><strong><em>ἐλευθερίαν·</em></strong></span> <span class='ocrx_word' id='word_1_392' title='bbox 920 2543 1014 2616; x_wconf 83' lang='grc' dir='ltr'><strong><em>μόνην</em></strong></span> <span class='ocrx_word' id='word_1_393' title='bbox 1023 2543 1076 2633; x_wconf 82' lang='grc' dir='ltr'>χάρ</span> <span class='ocrx_word' id='word_1_394' title='bbox 1085 2543 1191 2611; x_wconf 76' lang='grc' dir='ltr'><strong><em>ταύτην</em></strong></span> <span class='ocrx_word' id='word_1_395' title='bbox 1205 2544 1267 2597; x_wconf 78' lang='grc' dir='ltr'><strong><em>ἴδιοι</em></strong></span> 
     </span>
     <span class='ocr_line' id='line_1_70' title="bbox 726 2609 1266 2684; baseline -0.009 -15"><span class='ocrx_word' id='word_1_396' title='bbox 726 2624 821 2670; x_wconf 82' lang='grc' dir='ltr'><strong><em>ποιεῖν</em></strong></span> <span class='ocrx_word' id='word_1_397' title='bbox 836 2619 894 2670; x_wconf 69' lang='grc' dir='ltr'><strong><em>ταῖν</em></strong></span> <span class='ocrx_word' id='word_1_398' title='bbox 907 2634 1089 2684; x_wconf 83' lang='grc' dir='ltr'><strong><em>κτησαμενων</em></strong></span> <span class='ocrx_word' id='word_1_399' title='bbox 1107 2614 1141 2667; x_wconf 77' lang='grc' dir='ltr'><strong><em>τὰ</em></strong></span> <span class='ocrx_word' id='word_1_400' title='bbox 1158 2609 1266 2681; x_wconf 80' lang='grc' dir='ltr'><strong><em>ἀγαθά,</em></strong></span> 
     </span>
     <span class='ocr_line' id='line_1_71' title="bbox 725 2678 1266 2757; baseline -0.009 -19"><span class='ocrx_word' id='word_1_401' title='bbox 725 2684 758 2739; x_wconf 84' lang='grc' dir='ltr'><strong><em>τά</em></strong></span> <span class='ocrx_word' id='word_1_402' title='bbox 769 2689 787 2739; x_wconf 89' lang='grc' dir='ltr'><strong><em>δ</em></strong></span> <span class='ocrx_word' id='word_1_403' title='bbox 793 2681 801 2701; x_wconf 93' lang='lat'><em>&#39;</em></span> <span class='ocrx_word' id='word_1_404' title='bbox 809 2683 838 2738; x_wconf 80' lang='grc' dir='ltr'><strong><em>ἐν</em></strong></span> <span class='ocrx_word' id='word_1_405' title='bbox 850 2688 964 2757; x_wconf 76' lang='grc' dir='ltr'><strong><em>δουλείᾳ</em></strong></span> <span class='ocrx_word' id='word_1_406' title='bbox 975 2687 1032 2739; x_wconf 76' lang='grc' dir='ltr'>τῶν</span> <span class='ocrx_word' id='word_1_407' title='bbox 1042 2681 1197 2754; x_wconf 86' lang='grc' dir='ltr'><strong><em>ἀρχόντων,</em></strong></span> <span class='ocrx_word' id='word_1_408' title='bbox 1205 2678 1266 2735; x_wconf 85' lang='grc' dir='ltr'><strong><em>ἀλλ’</em></strong></span> 
     </span>
     <span class='ocr_line' id='line_1_72' title="bbox 725 2751 1269 2824; baseline 0 -16"><span class='ocrx_word' id='word_1_409' title='bbox 725 2751 789 2824; x_wconf 78' lang='grc' dir='ltr'><strong><em>οόχὶ</em></strong></span> <span class='ocrx_word' id='word_1_410' title='bbox 799 2758 856 2808; x_wconf 77' lang='grc' dir='ltr'>τῶν</span> <span class='ocrx_word' id='word_1_411' title='bbox 866 2751 1029 2824; x_wconf 76' lang='grc' dir='ltr'><strong><em>ἀρχομένων</em></strong></span> <span class='ocrx_word' id='word_1_412' title='bbox 1042 2751 1124 2807; x_wconf 73' lang='grc' dir='ltr'><strong><em>εἶναι.</em></strong></span> <span class='ocrx_word' id='word_1_413' title='bbox 1148 2758 1204 2808; x_wconf 92' lang='lat' dir='ltr'>Ubi</span> <span class='ocrx_word' id='word_1_414' title='bbox 1213 2756 1269 2808; x_wconf 82' lang='lat' dir='ltr'>He·</span> 
     </span>
     <span class='ocr_line' id='line_1_73' title="bbox 725 2829 1266 2893; baseline -0.007 -14"><span class='ocrx_word' id='word_1_415' title='bbox 725 2830 816 2879; x_wconf 89' lang='lat' dir='ltr'>rodoti</span> <span class='ocrx_word' id='word_1_416' title='bbox 826 2829 902 2880; x_wconf 89' lang='lat' dir='ltr'>loeus</span> <span class='ocrx_word' id='word_1_417' title='bbox 921 2845 976 2879; x_wconf 92' lang='lat' dir='ltr'>non</span> <span class='ocrx_word' id='word_1_418' title='bbox 989 2830 1061 2893; x_wconf 77' lang='lat' dir='ltr'>lugIt</span> <span class='ocrx_word' id='word_1_419' title='bbox 1080 2829 1266 2890; x_wconf 87' lang='lat' dir='ltr'>interpretem.</span> 
     </span>
    </p>

    <p class='ocr_par' dir='ltr' id='par_1_9' title="bbox 720 2886 1296 4488">
     <span class='ocr_line' id='line_1_74' title="bbox 760 2886 1269 2961; baseline -0.014 -14"><span class='ocrx_word' id='word_1_420' title='bbox 760 2893 787 2947; x_wconf 82' lang='lat' dir='ltr'>el</span> <span class='ocrx_word' id='word_1_421' title='bbox 800 2895 847 2947; x_wconf 75' lang='grc' dir='ltr'><strong><em>καὶ</em></strong></span> <span class='ocrx_word' id='word_1_422' title='bbox 862 2889 1009 2961; x_wconf 81' lang='grc' dir='ltr'><strong><em>Ἀθηναῖοι</em></strong></span> <span class='ocrx_word' id='word_1_423' title='bbox 1028 2886 1269 2954; x_wconf 72' lang='grc' dir='ltr'><strong><em>τυραννευόμενοι</em></strong></span> 
     </span>
     <span class='ocr_line' id='line_1_75' title="bbox 725 2963 1269 3033; baseline -0.009 -16"><span class='ocrx_word' id='word_1_424' title='bbox 725 2983 751 3022; x_wconf 85' lang='grc' dir='ltr'>ιι.</span> <span class='ocrx_word' id='word_1_425' title='bbox 765 2984 790 3016; x_wconf 90' lang='grc' dir='ltr'>τ.</span> <span class='ocrx_word' id='word_1_426' title='bbox 803 2966 838 3033; x_wconf 87' lang='grc' dir='ltr'>λ.]</span> <span class='ocrx_word' id='word_1_427' title='bbox 867 2969 899 3018; x_wconf 91' lang='lat' dir='ltr'>ln</span> <span class='ocrx_word' id='word_1_428' title='bbox 915 2968 957 3015; x_wconf 94' lang='lat' dir='ltr'>his</span> <span class='ocrx_word' id='word_1_429' title='bbox 974 2981 1033 3015; x_wconf 87' lang='lat' dir='ltr'>enm</span> <span class='ocrx_word' id='word_1_430' title='bbox 1050 2963 1209 3015; x_wconf 89' lang='lat' dir='ltr'>Florentino</span> <span class='ocrx_word' id='word_1_431' title='bbox 1223 2963 1269 3012; x_wconf 87' lang='lat' dir='ltr'>de·</span> 
     </span>
     <span class='ocr_line' id='line_1_76' title="bbox 726 3024 1269 3100; baseline -0.017 -13"><span class='ocrx_word' id='word_1_432' title='bbox 726 3038 754 3087; x_wconf 93' lang='lat' dir='ltr'>di</span> <span class='ocrx_word' id='word_1_433' title='bbox 770 3025 844 3100; x_wconf 81' lang='grc' dir='ltr'><strong><em>ἦσαν</em></strong></span> <span class='ocrx_word' id='word_1_434' title='bbox 861 3052 909 3100; x_wconf 88' lang='lat' dir='ltr'>pro</span> <span class='ocrx_word' id='word_1_435' title='bbox 925 3029 1002 3087; x_wconf 71' lang='grc' dir='ltr'><strong><em>ἕσαν.</em></strong></span> <span class='ocrx_word' id='word_1_436' title='bbox 1034 3034 1076 3082; x_wconf 78' lang='lat' dir='ltr'>sd</span> <span class='ocrx_word' id='word_1_437' title='bbox 1095 3026 1129 3081; x_wconf 86' lang='grc' dir='ltr'><strong><em>τά</em></strong></span> <span class='ocrx_word' id='word_1_438' title='bbox 1148 3024 1269 3090; x_wconf 79' lang='grc' dir='ltr'><strong><em>πολέμια</em></strong></span> 
     </span>
     <span class='ocr_line' id='line_1_77' title="bbox 723 3091 1267 3166; baseline -0.02 -10"><span class='ocrx_word' id='word_1_439' title='bbox 723 3108 759 3157; x_wconf 84' lang='lat' dir='ltr'>el.</span> <span class='ocrx_word' id='word_1_440' title='bbox 774 3110 844 3156; x_wconf 87' lang='lat' dir='ltr'>nott.</span> <span class='ocrx_word' id='word_1_441' title='bbox 859 3105 893 3154; x_wconf 86' lang='lat' dir='ltr'>ad</span> <span class='ocrx_word' id='word_1_442' title='bbox 910 3105 965 3166; x_wconf 90' lang='grc'><strong>111,</strong></span> <span class='ocrx_word' id='word_1_443' title='bbox 983 3105 1000 3153; x_wconf 87' lang='grc'><strong>4</strong></span> <span class='ocrx_word' id='word_1_444' title='bbox 1014 3108 1041 3153; x_wconf 89' lang='lat' dir='ltr'>et</span> <span class='ocrx_word' id='word_1_445' title='bbox 1054 3102 1088 3152; x_wconf 84' lang='lat' dir='ltr'>ad</span> <span class='ocrx_word' id='word_1_446' title='bbox 1106 3091 1192 3157; x_wconf 84' lang='grc' dir='ltr'><strong><em>αότός</em></strong></span> <span class='ocrx_word' id='word_1_447' title='bbox 1204 3095 1267 3149; x_wconf 74' lang='grc' dir='ltr'><strong><em>ἕκα-</em></strong></span> 
     </span>
     <span class='ocr_line' id='line_1_78' title="bbox 723 3163 1267 3235; baseline -0.011 -11"><span class='ocrx_word' id='word_1_448' title='bbox 723 3189 788 3232; x_wconf 89' lang='grc' dir='ltr'><strong><em>στος</em></strong></span> <span class='ocrx_word' id='word_1_449' title='bbox 801 3168 895 3232; x_wconf 72' lang='grc' dir='ltr'><strong><em>ἑωυτῷ</em></strong></span> <span class='ocrx_word' id='word_1_450' title='bbox 905 3174 1009 3234; x_wconf 77' lang='grc' dir='ltr'><strong>ΙΙΙ,82.</strong></span> <span class='ocrx_word' id='word_1_451' title='bbox 1033 3163 1216 3235; x_wconf 83' lang='grc' dir='ltr'><strong><em>κατεχόμενοι</em></strong></span> <span class='ocrx_word' id='word_1_452' title='bbox 1228 3169 1267 3218; x_wconf 91' lang='lat' dir='ltr'>di·</span> 
     </span>
     <span class='ocr_line' id='line_1_79' title="bbox 721 3239 1266 3306; baseline -0.018 -10"><span class='ocrx_word' id='word_1_453' title='bbox 721 3243 820 3296; x_wconf 83' lang='lat' dir='ltr'>eo&#39;ntur</span> <span class='ocrx_word' id='word_1_454' title='bbox 840 3243 1035 3303; x_wconf 87' lang='lat' dir='ltr'>Athenienses,</span> <span class='ocrx_word' id='word_1_455' title='bbox 1059 3239 1168 3306; x_wconf 91' lang='lat' dir='ltr'>quando</span> <span class='ocrx_word' id='word_1_456' title='bbox 1187 3254 1204 3289; x_wconf 89' lang='lat' dir='ltr'>a</span> <span class='ocrx_word' id='word_1_457' title='bbox 1225 3243 1266 3300; x_wconf 79' lang='lat' dir='ltr'>ty·</span> 
     </span>
     <span class='ocr_line' id='line_1_80' title="bbox 722 3313 1266 3374; baseline -0.013 -11"><span class='ocrx_word' id='word_1_458' title='bbox 722 3315 815 3364; x_wconf 79' lang='lat' dir='ltr'>renuis</span> <span class='ocrx_word' id='word_1_459' title='bbox 826 3313 1001 3363; x_wconf 85' lang='lat' dir='ltr'>eontinentur</span> <span class='ocrx_word' id='word_1_460' title='bbox 1014 3317 1042 3363; x_wconf 88' lang='lat' dir='ltr'>et</span> <span class='ocrx_word' id='word_1_461' title='bbox 1050 3314 1208 3374; x_wconf 87' lang='lat' dir='ltr'>premuntur</span> <span class='ocrx_word' id='word_1_462' title='bbox 1216 3323 1266 3357; x_wconf 89' lang='lat' dir='ltr'>nee</span> 
     </span>
     <span class='ocr_line' id='line_1_81' title="bbox 722 3381 1266 3447; baseline -0.015 -14"><span class='ocrx_word' id='word_1_463' title='bbox 722 3385 835 3434; x_wconf 87' lang='lat' dir='ltr'>liberum</span> <span class='ocrx_word' id='word_1_464' title='bbox 849 3383 967 3433; x_wconf 90' lang='lat' dir='ltr'>animum</span> <span class='ocrx_word' id='word_1_465' title='bbox 982 3381 1123 3447; x_wconf 81' lang='lat' dir='ltr'>acquirere</span> <span class='ocrx_word' id='word_1_466' title='bbox 1140 3384 1266 3443; x_wconf 87' lang='lat' dir='ltr'>possunt,</span> 
     </span>
     <span class='ocr_line' id='line_1_82' title="bbox 722 3448 1264 3520; baseline -0.015 -16"><span class='ocrx_word' id='word_1_467' title='bbox 722 3470 775 3520; x_wconf 90' lang='lat' dir='ltr'>quo</span> <span class='ocrx_word' id='word_1_468' title='bbox 797 3454 832 3503; x_wconf 82' lang='lat' dir='ltr'>sd</span> <span class='ocrx_word' id='word_1_469' title='bbox 850 3468 894 3503; x_wconf 87' lang='lat' dir='ltr'>res</span> <span class='ocrx_word' id='word_1_470' title='bbox 912 3453 1020 3501; x_wconf 79' lang='lat' dir='ltr'>fortiter</span> <span class='ocrx_word' id='word_1_471' title='bbox 1045 3449 1178 3516; x_wconf 80' lang='lat' dir='ltr'>gerendas</span> <span class='ocrx_word' id='word_1_472' title='bbox 1196 3448 1264 3497; x_wconf 90' lang='lat' dir='ltr'>inei·</span> 
     </span>
     <span class='ocr_line' id='line_1_83' title="bbox 721 3512 1267 3582; baseline -0.009 -9"><span class='ocrx_word' id='word_1_473' title='bbox 721 3527 827 3574; x_wconf 89' lang='lat' dir='ltr'>tentur:</span> <span class='ocrx_word' id='word_1_474' title='bbox 846 3522 910 3571; x_wconf 92' lang='lat' dir='ltr'>inde</span> <span class='ocrx_word' id='word_1_475' title='bbox 920 3512 1116 3573; x_wconf 69' lang='grc' dir='ltr'><strong><em>ἐθελοκάκεον,</em></strong></span> <span class='ocrx_word' id='word_1_476' title='bbox 1129 3522 1148 3568; x_wconf 88' lang='lat' dir='ltr'>i.</span> <span class='ocrx_word' id='word_1_477' title='bbox 1160 3536 1184 3569; x_wconf 88' lang='lat' dir='ltr'>e.</span> <span class='ocrx_word' id='word_1_478' title='bbox 1195 3522 1267 3582; x_wconf 74' lang='lat' dir='ltr'>ipra·</span> 
     </span>
     <span class='ocr_line' id='line_1_84' title="bbox 721 3589 1265 3655; baseline -0.011 -12"><span class='ocrx_word' id='word_1_479' title='bbox 721 3596 786 3643; x_wconf 79' lang='lat' dir='ltr'>viter</span> <span class='ocrx_word' id='word_1_480' title='bbox 798 3607 840 3642; x_wconf 83' lang='lat' dir='ltr'>res</span> <span class='ocrx_word' id='word_1_481' title='bbox 851 3608 912 3641; x_wconf 84' lang='lat' dir='ltr'>suus</span> <span class='ocrx_word' id='word_1_482' title='bbox 921 3591 1068 3655; x_wconf 74' lang='lat' dir='ltr'>peredeum.</span> <span class='ocrx_word' id='word_1_483' title='bbox 1082 3590 1165 3639; x_wconf 83' lang='lat' dir='ltr'>fortes</span> <span class='ocrx_word' id='word_1_484' title='bbox 1176 3589 1204 3636; x_wconf 90' lang='lat' dir='ltr'>in</span> <span class='ocrx_word' id='word_1_485' title='bbox 1216 3603 1265 3651; x_wconf 86' lang='lat' dir='ltr'>pu·</span> 
     </span>
     <span class='ocr_line' id='line_1_85' title="bbox 721 3659 1264 3728; baseline -0.011 -17"><span class='ocrx_word' id='word_1_486' title='bbox 721 3663 832 3728; x_wconf 66' lang='grc' dir='ltr'><strong><em>ρηοοδο</em></strong></span> <span class='ocrx_word' id='word_1_487' title='bbox 847 3677 875 3711; x_wconf 87' lang='lat' dir='ltr'>se</span> <span class='ocrx_word' id='word_1_488' title='bbox 894 3677 948 3711; x_wconf 89' lang='lat' dir='ltr'>uon</span> <span class='ocrx_word' id='word_1_489' title='bbox 966 3660 1140 3711; x_wconf 82' lang='lat' dir='ltr'>exhibebant.</span> <span class='ocrx_word' id='word_1_490' title='bbox 1175 3659 1264 3722; x_wconf 79' lang='lat' dir='ltr'>Atque</span> 
     </span>
     <span class='ocr_line' id='line_1_86' title="bbox 721 3726 1263 3790; baseline -0.017 -8"><span class='ocrx_word' id='word_1_491' title='bbox 721 3734 808 3782; x_wconf 89' lang='lat' dir='ltr'>utitur</span> <span class='ocrx_word' id='word_1_492' title='bbox 825 3731 876 3781; x_wconf 87' lang='lat' dir='ltr'>hoe</span> <span class='ocrx_word' id='word_1_493' title='bbox 896 3731 979 3781; x_wconf 86' lang='lat' dir='ltr'>verbo</span> <span class='ocrx_word' id='word_1_494' title='bbox 995 3733 1095 3780; x_wconf 88' lang='lat' dir='ltr'>Noster</span> <span class='ocrx_word' id='word_1_495' title='bbox 1115 3726 1178 3777; x_wconf 88' lang='lat' dir='ltr'>aliia</span> <span class='ocrx_word' id='word_1_496' title='bbox 1197 3740 1263 3790; x_wconf 88' lang='lat' dir='ltr'>quo-</span> 
     </span>
     <span class='ocr_line' id='line_1_87' title="bbox 721 3794 1262 3866; baseline -0.011 -15"><span class='ocrx_word' id='word_1_497' title='bbox 721 3818 773 3866; x_wconf 90' lang='lat' dir='ltr'>qne</span> <span class='ocrx_word' id='word_1_498' title='bbox 792 3801 860 3850; x_wconf 86' lang='lat' dir='ltr'>loeis</span> <span class='ocrx_word' id='word_1_499' title='bbox 875 3801 902 3861; x_wconf 89' lang='grc' dir='ltr'>Ι,</span> <span class='ocrx_word' id='word_1_500' title='bbox 918 3800 975 3849; x_wconf 82' lang='grc'>127.</span> <span class='ocrx_word' id='word_1_501' title='bbox 996 3799 1105 3861; x_wconf 80' lang='lat' dir='ltr'>v1,15.</span> <span class='ocrx_word' id='word_1_502' title='bbox 1123 3794 1207 3856; x_wconf 88' lang='lat' dir='ltr'>VIII,</span> <span class='ocrx_word' id='word_1_503' title='bbox 1220 3796 1262 3845; x_wconf 88' lang='grc'>22.</span> 
     </span>
     <span class='ocr_line' id='line_1_88' title="bbox 720 3863 1265 3931; baseline -0.02 -6"><span class='ocrx_word' id='word_1_504' title='bbox 720 3871 764 3925; x_wconf 80' lang='grc'>69.</span> <span class='ocrx_word' id='word_1_505' title='bbox 783 3873 827 3919; x_wconf 72' lang='lat'>85.</span> <span class='ocrx_word' id='word_1_506' title='bbox 848 3869 956 3931; x_wconf 54' lang='lat' dir='ltr'>lxm.</span> <span class='ocrx_word' id='word_1_507' title='bbox 994 3868 1055 3918; x_wconf 79' lang='lat' dir='ltr'>Alie</span> <span class='ocrx_word' id='word_1_508' title='bbox 1073 3867 1149 3916; x_wconf 87' lang='lat' dir='ltr'>dabit</span> <span class='ocrx_word' id='word_1_509' title='bbox 1161 3863 1265 3914; x_wconf 83' lang='lat' dir='ltr'>Grauff.</span> 
     </span>
     <span class='ocr_line' id='line_1_89' title="bbox 721 3934 1265 4002; baseline -0.015 -12"><span class='ocrx_word' id='word_1_510' title='bbox 721 3942 757 3990; x_wconf 82' lang='lat' dir='ltr'>nd</span> <span class='ocrx_word' id='word_1_511' title='bbox 771 3939 888 3989; x_wconf 84' lang='lat' dir='ltr'>Luciani</span> <span class='ocrx_word' id='word_1_512' title='bbox 901 3939 992 3989; x_wconf 88' lang='lat' dir='ltr'>Somn.</span> <span class='ocrx_word' id='word_1_513' title='bbox 1012 3953 1039 4002; x_wconf 89' lang='lat' dir='ltr'>p.</span> <span class='ocrx_word' id='word_1_514' title='bbox 1058 3934 1185 3986; x_wconf 80' lang='grc' dir='ltr'>342οο11,</span> <span class='ocrx_word' id='word_1_515' title='bbox 1201 3935 1265 3982; x_wconf 86' lang='lat' dir='ltr'>Bre-</span> 
     </span>
     <span class='ocr_line' id='line_1_90' title="bbox 722 3996 1266 4073; baseline -0.022 -12"><span class='ocrx_word' id='word_1_516' title='bbox 722 4011 784 4061; x_wconf 84' lang='lat' dir='ltr'>dov.</span> <span class='ocrx_word' id='word_1_517' title='bbox 799 4026 823 4073; x_wconf 87' lang='lat' dir='ltr'>p.</span> <span class='ocrx_word' id='word_1_518' title='bbox 837 4009 897 4059; x_wconf 70' lang='lat'>31⁸.</span> <span class='ocrx_word' id='word_1_519' title='bbox 911 4036 942 4044; x_wconf 93' lang='lat'>-</span> <span class='ocrx_word' id='word_1_520' title='bbox 958 4009 1011 4056; x_wconf 90' lang='lat' dir='ltr'>Pro</span> <span class='ocrx_word' id='word_1_521' title='bbox 1022 4005 1094 4068; x_wconf 82' lang='lat' dir='ltr'>vulg.</span> <span class='ocrx_word' id='word_1_522' title='bbox 1107 3996 1266 4063; x_wconf 82' lang='grc' dir='ltr'><strong><em>προθομέε·</em></strong></span> 
     </span>
     <span class='ocr_line' id='line_1_91' title="bbox 720 4069 1265 4139; baseline -0.017 -11"><span class='ocrx_word' id='word_1_523' title='bbox 720 4094 753 4128; x_wconf 85' lang='grc' dir='ltr'><strong><em>το</em></strong></span> <span class='ocrx_word' id='word_1_524' title='bbox 764 4098 787 4133; x_wconf 82' lang='lat' dir='ltr'>s,</span> <span class='ocrx_word' id='word_1_525' title='bbox 796 4069 993 4139; x_wconf 81' lang='grc' dir='ltr'><strong><em>προόθυμέετο</em></strong></span> <span class='ocrx_word' id='word_1_526' title='bbox 1004 4075 1132 4126; x_wconf 86' lang='lat' dir='ltr'>dedieum</span> <span class='ocrx_word' id='word_1_527' title='bbox 1139 4070 1265 4121; x_wconf 86' lang='lat' dir='ltr'>Bekkero</span> 
     </span>
     <span class='ocr_line' id='line_1_92' title="bbox 721 4140 1263 4221; baseline -0.02 -24"><span class='ocrx_word' id='word_1_528' title='bbox 721 4140 946 4208; x_wconf 86' lang='grc' dir='ltr'><strong><em>προεθυμέετο,</em></strong></span> <span class='ocrx_word' id='word_1_529' title='bbox 962 4145 1095 4208; x_wconf 85' lang='lat' dir='ltr'>probante</span> <span class='ocrx_word' id='word_1_530' title='bbox 1108 4140 1223 4221; x_wconf 62' lang='lat' dir='ltr'>qudov.</span> <span class='ocrx_word' id='word_1_531' title='bbox 1235 4154 1263 4203; x_wconf 85' lang='lat' dir='ltr'>p.</span> 
     </span>
     <span class='ocr_line' id='line_1_93' title="bbox 722 4204 1265 4278; baseline -0.022 -9"><span class='ocrx_word' id='word_1_532' title='bbox 722 4219 783 4269; x_wconf 80' lang='grc'><strong>288.</strong></span> <span class='ocrx_word' id='word_1_533' title='bbox 820 4218 887 4267; x_wconf 85' lang='lat' dir='ltr'>Cum</span> <span class='ocrx_word' id='word_1_534' title='bbox 904 4215 995 4265; x_wconf 84' lang='lat' dir='ltr'>verbis</span> <span class='ocrx_word' id='word_1_535' title='bbox 1018 4228 1093 4278; x_wconf 85' lang='lat' dir='ltr'>seqq.</span> <span class='ocrx_word' id='word_1_536' title='bbox 1114 4223 1194 4260; x_wconf 86' lang='grc' dir='ltr'><strong><em>ουτοι</em></strong></span> <span class='ocrx_word' id='word_1_537' title='bbox 1214 4204 1265 4272; x_wconf 77' lang='grc' dir='ltr'><strong><em>μέν</em></strong></span> 
     </span>
     <span class='ocr_line' id='line_1_94' title="bbox 723 4278 1296 4349; baseline -0.014 -13"><span class='ocrx_word' id='word_1_538' title='bbox 723 4302 776 4336; x_wconf 90' lang='grc' dir='ltr'>νυν</span> <span class='ocrx_word' id='word_1_539' title='bbox 792 4282 880 4334; x_wconf 79' lang='grc' dir='ltr'><strong><em>ταῦτα</em></strong></span> <span class='ocrx_word' id='word_1_540' title='bbox 894 4279 1038 4349; x_wconf 74' lang='grc' dir='ltr'><strong><em>ἔπρησσον</em></strong></span> <span class='ocrx_word' id='word_1_541' title='bbox 1057 4295 1213 4346; x_wconf 80' lang='lat' dir='ltr'>comparere</span> <span class='ocrx_word' id='word_1_542' title='bbox 1234 4278 1265 4329; x_wconf 93' lang='lat' dir='ltr'>li-</span> <span class='ocrx_word' id='word_1_543' title='bbox 1293 4288 1296 4296; x_wconf 62' lang='lat'><strong>⁴</strong></span> 
     </span>
     <span class='ocr_line' id='line_1_95' title="bbox 723 4343 1266 4419; baseline -0.02 -11"><span class='ocrx_word' id='word_1_544' title='bbox 723 4364 767 4408; x_wconf 89' lang='lat' dir='ltr'>eet</span> <span class='ocrx_word' id='word_1_545' title='bbox 781 4357 836 4419; x_wconf 86' lang='lat' dir='ltr'>Ill,</span> <span class='ocrx_word' id='word_1_546' title='bbox 850 4358 883 4403; x_wconf 69' lang='lat'>25</span> <span class='ocrx_word' id='word_1_547' title='bbox 895 4355 942 4405; x_wconf 90' lang='lat' dir='ltr'>fin.</span> <span class='ocrx_word' id='word_1_548' title='bbox 963 4345 1042 4415; x_wconf 71' lang='grc' dir='ltr'><strong><em>ὁμὲν</em></strong></span> <span class='ocrx_word' id='word_1_549' title='bbox 1059 4343 1104 4402; x_wconf 74' lang='grc' dir='ltr'>ἐπ’</span> <span class='ocrx_word' id='word_1_550' title='bbox 1122 4344 1266 4406; x_wconf 81' lang='grc' dir='ltr'><strong><em>Αἰθίοπας</em></strong></span> 
     </span>
     <span class='ocr_line' id='line_1_96' title="bbox 723 4415 1033 4488; baseline -0.006 -12"><span class='ocrx_word' id='word_1_551' title='bbox 723 4415 907 4482; x_wconf 64' lang='lat' dir='ltr'>extinguite</span> <span class='ocrx_word' id='word_1_552' title='bbox 921 4417 1033 4488; x_wconf 75' lang='grc' dir='ltr'><strong><em>ἔπρηξε.</em></strong></span> 
     </span>
    </p>
   </div>
   <div class='ocr_carea' id='block_1_9' title="bbox 0 0 1554 5175">
    <p class='ocr_par' dir='ltr' id='par_1_10' title="bbox 0 0 1554 5175">
     <span class='ocr_line' id='line_1_97' title="bbox 0 0 1554 5175; baseline 0 4"><span class='ocrx_word' id='word_1_553' title='bbox 0 0 1554 5175; x_wconf 95' lang='lat' dir='ltr'> </span> 
     </span>
    </p>
   </div>
  </div>
 </body>
</html>
