3100 5175
291 397 353 464 580

721 398 989 464 HERODOTI

290 583 431 647 auidum
447 583 643 664 παρείχοντο
657 577 753 661 νέος,
774 571 978 665 ὡπλισμένοι
994 571 1038 655 οἱς
1048 571 1217 664 Ἕλληνες.
1257 576 1314 642 καὶ
1327 562 1439 674 ’τοῦτο

290 679 505 767 Πελασγικὸν
520 687 637 762 ἔθνος,
659 675 854 767 ὕστερονδὲ
877 677 1025 748 Ἰοννικόν
1040 679 1167 767 ἐκλήθη
1188 676 1271 747 κατὰ
1289 675 1426 747 triousi-

290 785 351 855 τὸν
365 785 466 871 λόγον
480 784 535 853 ναὶ
549 787 584 852 oi
596 783 865 863 δυωδεκαπόλιες
873 781 984 864 Ἴωνες
997 787 1032 852 oi
1041 777 1100 851 ἄπ’
1119 781 1300 869 Ἀθηνέων.
1338 787 1476 854 Aio-ott

292 986 345 1035 iam
362 983 397 1035 ad
409 984 449 1047 V,
470 984 503 1033 30
521 983 565 1033 fin.
587 984 755 1037 notavimus.
792 983 833 1031 Ex

244 1083 247 1087 .
293 1072 345 1121 quo
361 1054 453 1104 eodem
470 1051 603 1102 Herodoti
623 1052 682 1102 loco
703 1050 766 1103 coll.
785 1051 832 1109 VI,

293 1126 327 1175 stt
357 1124 501 1184 discimus,
533 1121 583 1171 has
615 1121 718 1172 insulas
747 1122 833 1171 Dario

293 1210 392 1260 aquam
411 1199 439 1244 et
460 1198 559 1241 terram
580 1194 682 1257 petenti
700 1192 831 1256 paruisse.

294 1265 396 1313 Ilurum
401 1277 477 1328 vero
497 1261 649 1311 insularum
669 1261 773 1311 incolas
793 1260 835 1309 lo·

293 1336 413 1383 nicaea.
431 1332 540 1381 Atticae
559 1332 654 1395 stirpis
674 1331 760 1380 luisse
779 1330 833 1379 He-

294 1402 383 1453 rodoti
398 1400 497 1462 verba,
516 1416 586 1465 quae
602 1407 768 1464 sequuntur,
789 1413 833 1447 sa·

293 1472 480 1522 tisindicant:
500 1464 644 1518 καὶτοῦτο
658 1460 834 1546 Πελασγικὸν

294 1536 396 1622 ἔθνος,
401 1528 572 1621 νοτερονδὲ
581 1529 833 1619 Ἰωνικὸνέκλήθη

293 1606 365 1660 κατὰ
378 1606 429 1659 τὸν
448 1603 538 1658 αυτὸν
555 1601 639 1683 λόγον
654 1603 702 1688 παὶ
723 1621 749 1655 οι
742 1601 835 1654 δυω-

294 1668 834 1739 δεκαπόλιες”1ωνεςο1οὶπ’Ἀθηνίωνι

295 1744 834 1829 quibusverbisNostersiguilicarernlt,

294 1837 341 1870 eoa
354 1835 461 1885 quoquc
470 1819 603 1880 Graecos,
616 1833 665 1898 qur
655 1814 777 1866 ‘insulas
787 1814 835 1864 ha-

294 1889 398 1950 bitant,
411 1889 475 1938 olim
485 1887 713 1953 Pelasgostuisse
719 1892 835 1949 ,postea

295 1965 387 2009 autem
398 1959 479 2008 lones
491 1962 605 2006 vocatos
619 1971 679 2006 esse
694 1962 781 2038 aequa
796 1959 836 2002 at-

295 2044 348 2093 que
365 2043 428 2090 eoa,
450 2027 494 2091 qui
514 2043 547 2077 ex
562 2025 702 2074 Athenis'
693 2040 722 2074 ιο
740 2025 834 2073 Asiam

294 2098 410 2163 profecti
426 2104 523 2162 postea
534 2096 614 2145 Iones
628 2093 758 2160 appellati
777 2094 836 2142 lue·

294 2171 364 2226 rint,
388 2181 449 2217 cum
469 2164 531 2214 olim
549 2164 657 2229 Pelasgi
682 2160 836 2227 (Aegialeo-

295 2238 350 2299 ses)
364 2237 528 2287 dicerentur.
561 2232 710 2299 Cycladum
729 2231 834 2282 incolas

294 2306 329 2355 ad
345 2306 420 2355 Ionis
433 2310 557 2369 posteros
570 2318 676 2367 quoque
690 2302 772 2351 refert
782 2302 836 2350 Eu·

293 2374 421 2448 ripides
415 2390 441 2422 ιο
457 2374 514 2422 lon.
533 2373 595 2421 1581
612 2388 668 2437 seq.
691 2363 734 2434 (oi
745 2368 835 2419 τῶνδε

296 2441 322 2491 δ’
340 2459 376 2491 uo
395 2440 495 2521 παῖδες
512 2437 658 2503 γενόμενοι
673 2438 725 2489 οὐν
741 2435 835 2505 χρόνῳ

295 2506 469 2586 πεπρωμένῳ
484 2504 635 2565 Κυκλάδας
650 2489 834 2573 incentionem

294 2578 415 2646 νησαίας
429 2571 558 2636 nitrien.
570 2594 593 2628 τ.
603 2578 676 2643 1.)ο1
686 2578 833 2630 Scholiast

295 2652 329 2701 ad
344 2654 453 2716 Diome
469 2653 601 2714 Perleget.
614 2651 665 2699 520
668 2650 835 2732 ,eodemque

295 2723 378 2772 etiam
395 2723 495 2772 reterre
516 2720 581 2769 licet
594 2689 754 2768 Herodoti
748 2720 835 2783 ipsius

295 2791 369 2842 locos
381 2792 459 2848 Vlll,
472 2791 514 2839 ro.
527 2791 574 2849 483
591 2789 664 2839 conl.
681 2789 837 2838 Raoul-Ro·

295 2863 400 2912 clrette:
420 2861 535 2912 Histoir.
550 2860 583 2908 de
598 2857 739 2908 l'dtabliss.
754 2857 781 2909 d.
792 2873 836 2907 oo-

295 2931 351 2982 lon.
366 2930 450 2980 (ireos
464 2929 516 2979 lll.
530 2944 591 2993 pag.
607 2929 640 2977 111
653 2944 711 2993 aeq.
739 2927 836 2990 Cycla-

294 3001 357 3050 dum
372 3001 454 3064 igitur
467 2999 570 3048 incolas
585 2999 607 3048 si
619 2997 669 3048 hoc
679 2998 834 3047 Herodoteo

294 3069 354 3119 loco
367 3069 516 3133 significari
531 3068 681 3128 credimus,
701 3068 747 3131 qui
762 3068 835 3116 sede·

294 3142 339 3189 cim
353 3154 436 3188 naves
449 3139 531 3187 Xerxi
546 3137 726 3196 exhibuerint,
742 3136 835 3186 obstat

294 3206 491 3274 quodammodo
509 3205 621 3256 Diodori
640 3206 715 3256 locus
732 3206 786 3267 XI,
807 3206 833 3266 3,

295 3278 342 3343 qui
357 3278 390 3326 ab
405 3277 499 3327 iisdem
512 3275 645 3326 insulanis
656 3242 835 3341 prriupuapluta

295 3361 379 3396 naves
392 3345 527 3395 exhibitas
543 3345 652 3404 scribit,
674 3344 715 3393 bis
731 3344 834 3394 additis

294 3415 398 3464 verbisr
423 3407 473 3470 τὰς
492 3406 545 3478 γὰρ
562 3407 667 3476 νήσους
686 3406 737 3470 τὰς
754 3405 834 3470 ἐντὸς

295 3477 431 3533 Κυανέων
455 3480 503 3531 aul
524 3480 665 3562 Τριοπίου
689 3481 737 3532 καὶ
761 3482 833 3532 Σοο-

295 3551 361 3601 νιου
384 3545 577 3615 προσηνμένος
598 3537 666 3615 rivi
687 3549 832 3617 βασιλεύοι

295 3638 435 3688 quaecum
445 3618 608 3671 Herodoteis
626 3623 670 3671 vix
682 3622 709 3670 in
723 3637 833 3684 concor-

294 3693 368 3742 diam
382 3691 468 3756 redigi
487 3694 623 3755 poterunt.
655 3695 692 3741 Ac
708 3695 732 3741 si
751 3708 832 3757 quae·

293 3778 354 3824 raa,
368 3777 500 3827 quasnam
514 3759 617 3810 insulas
627 3760 801 3812 Herodotus
794 3778 833 3811 ιιι-

293 3831 429 3883 telleacrit
443 3832 541 3881 Persae
559 3845 643 3881 naves
661 3832 832 3896 praebentes,

294 3901 447 3951 Larcberua
465 3899 564 3950 referre
582 3899 634 3950 buc
650 3900 737 3951 voluit
751 3903 832 3962 Ceam,

294 3973 405 4034 Νοοινο,
419 3969 543 4033 Siplmum,
559 3968 695 4034 Seriphum,
711 3972 833 4033 Andrum,

298 4041 396 4092 Tenum.
427 4041 459 4090 In
483 4054 536 4105 quo
559 4041 653 4090 merito
675 4040 832 4106 obloquitur

293 4110 398 4160 Leuke:
429 4111 481 4160 Die
501 4110 604 4159 Demen
625 4110 744 4162 Attika's
769 4127 832 4176 pag.

295 4181 343 4230 171
358 4196 413 4243 seq.
429 4197 443 4230 e
458 4195 527 4230 vers.
543 4181 757 4238 Westernmnni3
777 4188 832 4230 ete·

293 4251 348 4299 nim
370 4250 480 4307 Naxus,
507 4247 624 4312 Siphnos
649 4256 677 4299 et
702 4249 833 4314 Seriphos

293 4332 357 4368 suas
376 4334 459 4367 nares
472 4318 636 4367 Graecorum
656 4318 740 4369 classi
754 4319 832 4370 addi-

293 4387 366 4436 disse
377 4388 503 4436 dicuntur
513 4386 547 4436 ab
557 4387 696 4438 Herodoto
709 4389 788 4452 Vlll,
798 4388 832 4439 46

292 4462 320 4510 et
336 4457 384 4515 483
408 4457 514 4506 Andrus
535 4462 563 4507 et
579 4457 671 4508 Tenus
688 4459 831 4524 postmodo

884 986 992 1036 demum
1010 982 1044 1032 ad
1057 983 1202 1033 Persarum
1223 997 1315 1046 regem
1334 996 1428 1031 acees-

885 1059 991 1110 aerunt,
1008 1057 1039 1101 ut
1059 1051 1220 1115 intelligitur
1237 1067 1270 1101 ex
1292 1051 1426 1101 Herodot.

885 1125 962 1185 Vlll,
972 1126 1006 1173 uo
1015 1122 1077 1173 coll.
1089 1122 1132 1172 82.
1151 1121 1234 1170 Ceum
1244 1121 1362 1185 denique
1372 1121 1428 1169 Do·

884 1193 958 1243 ribus
973 1208 990 1241 a
999 1190 1122 1241 Diodoro
1135 1190 1253 1241 adscribi
1267 1189 1387 1239 vidimus
1400 1190 1427 1238 in

885 1269 954 1312 nott.
968 1261 1004 1311 ad
1017 1259 1080 1320 Vll
1092 1262 1134 1311 113
1161 1259 1427 1340 ItaqueLcnmrrmet

883 1332 991 1382 Imbrum
1001 1331 1052 1380 hoc
1066 1330 1126 1383 loco
1141 1332 1312 1413 potissimum
1327 1329 1427 1393 respici

884 1407 965 1469 putat
976 1401 1080 1450 Leuke:
1099 1400 1153 1449 uisi
1166 1403 1219 1449 utr'
1213 1414 1308 1467 rusque
1321 1398 1427 1449 inarrlae

884 1488 968 1521 naves
980 1472 1013 1519 iis
1025 1470 1116 1534 potius
1127 1483 1258 1519 accensas
1269 1468 1356 1518 fuisse
1368 1482 1426 1517 ere·

885 1541 950 1601 das,
970 1554 1037 1605 quas
1049 1538 1162 1600 Aeoles,
1185 1539 1231 1603 qui
1245 1538 1299 1587 et'
1292 1538 1346 1601 rpsi
1362 1538 1426 1588 olim

886 1609 994 1675 Pelasgi
1004 1609 1181 1670 vocabantur,
1195 1612 1265 1658 teste
1276 1607 1426 1666 Herodoto,

885 1678 1065 1730 exhibuerant
1077 1682 1212 1741 sexnpinta
1224 1692 1351 1735 numero,
1366 1691 1425 1726 cnm
1504 1696 1511 1711 ·

885 1748 1022 1798 Diodorus
1033 1747 1050 1796 1.
1059 1747 1076 1796 l.
1085 1746 1215 1797 Aeolibus
1225 1762 1281 1797 uua
1291 1761 1352 1796 eum
1363 1747 1427 1796 Les-

885 1818 939 1867 biis
953 1823 982 1868 et
993 1817 1121 1867 Tenediis
1135 1819 1308 1882 quudrupr'nta
1320 1822 1424 1865 tantum

886 1903 971 1938 naves
993 1887 1110 1942 tribuat,
1139 1884 1336 1950 Hellespontiis
1361 1900 1425 1935 uero

885 1972 1009 2008 unacum
1020 1957 1101 2007 Ponti
1111 1955 1213 2006 accolis
1222 1958 1358 2020 cerepum,
1370 1954 1426 2019 qui·

886 2027 935 2075 bus
956 2025 1050 2077 iisdem
1074 2036 1168 2075 ceruina
1190 2039 1275 2074 naves
1296 2024 1426 2074 adscribit

884 2095 1049 2146 Herodotus.
1079 2096 1155 2158 Quae
1167 2111 1227 2145 cum
1239 2095 1282 2144 ita
1294 2096 1366 2155 sint,
1379 2108 1426 2157 νη-

886 2163 997 2225 σιῶται,
1026 2165 1072 2230 qui
1096 2165 1214 2216 sedecim
1237 2179 1323 2214 naves
1344 2164 1425 2214 Xerxi

886 2234 1028 2291 exhibent,
1042 2235 1088 2284 vix
1105 2235 1154 2284 alii
1166 2249 1227 2285 esse
1241 2239 1372 2299 poterunt
1385 2238 1425 2282 at·

885 2320 937 2370 que
966 2302 1072 2354 incolae
1103 2303 1251 2354 insularum
1281 2318 1423 2369 parvarum

885 2373 1067 2439 quarundam,
1087 2389 1156 2438 quae
1170 2374 1205 2424 ad
1221 2372 1355 2438 Cyclades
1368 2389 1424 2438 per·

885 2445 986 2505 tinent,
1008 2458 1078 2507 quae
1092 2459 1156 2493 vero
1168 2443 1310 2493 Herodoto
1324 2443 1370 2493 vix
1388 2442 1424 2492 di·

884 2528 956 2578 gnae
966 2514 1042 2562 risse
1053 2521 1126 2575 sunt,
1143 2529 1211 2578 quas
1221 2514 1380 2563 accuratius
1388 2512 1424 2561 in·

885 2583 999 2639 dicaret,
1008 2598 1067 2632 oum
1076 2583 1168 2634 Persia
1180 2584 1341 2649 obsequium
1351 2598 1426 2648 prae·

885 2653 1033 2705 stitissent.

921 2717 967 2770 nul
988 2713 1018 2768 οί
1037 2712 1219 2769 ovetensem
1208 2718 1274 2786 1ιες]
1302 2720 1349 2771 lta
1367 2735 1424 2769 eum

886 2790 1049 2856 Schweigb.,
1060 2790 1147 2842 Gaisi.
1164 2796 1192 2840 et
1209 2806 1278 2841 r.ecc
1294 2790 1356 2841 edd.
1376 2790 1423 2854 (ei.
1437 2851 1440 2855 Δ

884 2862 1000 2911 Bredov.
1023 2876 1085 2937 pag
1101 2860 1164 2924 ’2118)
1186 2862 1356 2933 reposuimus
1377 2875 1424 2924 pro

884 2929 956 2995 vulg
971 2924 1003 2978 αἴ
1021 2923 1151 2979 δυώδεκα
1168 2923 1280 2990 πόλιες,
1303 2946 1358 2995 qua
1372 2945 1425 2979 me-

884 3002 938 3050 rito
961 2998 1078 3051 offensus
1091 2997 1290 3050 Valckenarius
1313 3000 1424 3079 primum

884 3085 965 3119 voces
945 3084 1051 3149 seqq
1060 3071 1100 3119 ita
1112 3069 1242 3152 constitui
1255 3068 1359 3119 soluit:
1369 3059 1427 3117 '·iu

885 3153 931 3196 νες
942 3151 1020 3187 coes
1034 3133 1170 3203 (proci)’
1153 3155 1193 3187 απ
1192 3128 1371 3202 ’Ἀθηνέωνε
1384 3139 1425 3188 1ο-

884 3223 928 3257 uer
938 3216 996 3257 arent
1006 3211 1062 3273 quir·
1063 3224 1144 3274 esuque
1152 3208 1184 3258 nb
1195 3208 1300 3258 Athenis
1309 3211 1426 3273 eripiam

883 3278 1000 3339 trullraent,
1022 3283 1052 3327 ut
1072 3276 1143 3342 apud
1163 3277 1293 3328 llerodot.
1315 3279 1343 3338 1,
1365 3277 1425 3329 lli:

884 3347 981 3397 deinde
991 3362 1055 3398 vero
1068 3347 1117 3398 bas
1128 3348 1235 3398 easdem
1246 3363 1344 3408 voces,
1358 3346 1425 3396 male

885 3417 911 3465 in
924 3423 1028 3467 textum
1037 3423 1206 3482 assumptas,
1223 3417 1356 3468 delendas
1366 3432 1425 3467 ceu·

884 3487 953 3536 suit:
980 3487 1006 3534 in
1027 3503 1080 3552 quo
1100 3490 1248 3538 assentitur
1264 3486 1424 3537 Larcberus.

884 3557 944 3618 Quo
957 3562 1052 3606 neutro
1063 3572 1146 3621 opus,
1162 3557 1186 3607 si
1196 3573 1270 3618 eam,
1288 3572 1369 3622 quum
1382 3572 1425 3607 ex·

884 3625 961 3675 hibui
968 3628 1114 3690 aequaris
1124 3626 1283 3688 lectionem
1298 3625 1423 3708 adquam

884 3695 1001 3745 ducebat
1012 3696 1091 3746 Pasa.
1096 3696 1166 3746 liber
1175 3696 1306 3747 exbibens
1318 3710 1345 3744 οι
1338 3689 1372 3743 d
1376 3710 1425 3742 uu

884 3759 1003 3812 δεκαπό
1010 3778 1052 3821 erc
1067 3770 1095 3815 et
1108 3766 1283 3815 Florentinus
1297 3764 1381 3827 liber,
1398 3766 1423 3812 1ο

885 3849 937 3898 qno
951 3840 1041 3884 exstat
1054 3849 1081 3882 οι
1074 3829 1206 3883 δώδεκα
1219 3830 1328 3891 molere.
1360 3835 1423 3885 Sen-

884 3904 972 3954 tentia
992 3905 1052 3968 ipsa
1072 3903 1145 3954 haud
1168 3906 1298 3956 obscura:
1326 3905 1423 3954 atenim

862 4010 870 4023 .
883 3974 1003 4023 insulani
1017 3974 1130 4038 Graeci,
1151 3976 1198 4040 qui
1211 3973 1329 4025 sedecim
1342 3986 1424 4024 naves

884 4044 1027 4093 Persarum
1038 4044 1097 4107 regi
1107 4043 1287 4095 exbibuerunt
1297 4045 1328 4106 (i.
1341 4059 1364 4093 e.
1376 4043 1425 4107 Cy·
1523 4065 1524 4082 ι

872 4111 1424 4178 ¹cladumincolae),dicnnturetipaiolim

883 4182 990 4248 Pelasgi
1003 4183 1103 4245 luisse,
1123 4190 1220 4247 postea
1240 4188 1332 4234 autom
1346 4184 1429 4232 lones⁴

883 4253 976 4301 vocati
1003 4252 1037 4302 ad
1062 4253 1174 4303 eandem
1197 4255 1347 4315 rationem,
1372 4267 1425 4318 qua

883 4322 964 4371 etiam
980 4322 1122 4372 duodecim
1141 4322 1287 4373 civitatum
1304 4321 1424 4388 (lonica-

882 4405 939 4440 rum
952 4392 980 4440 in
995 4391 1061 4441 Asia
1073 4389 1236 4456 continenti)
1247 4390 1364 4452 incolae,
1379 4391 1424 4456 qui

882 4460 917 4510 ab
927 4460 1041 4512 Athenis
1049 4460 1157 4512 oriundi
1166 4467 1239 4527 srrnt,
1250 4462 1330 4512 lones
1339 4460 1425 4527 (post-
