3100 5175
251 399 310 462 164

671 395 949 461 <unisonum

247 574 310 663 τὴν
324 574 361 643 δὲ
375 576 500 661 ἐσθῆτα
513 574 696 661 μετέβαλον
710 569 840 643 αὐτέων
854 576 887 653 ἐς
900 570 961 661 τὴν
974 568 1080 641 Ἰάδα·
1111 570 1253 659 ἐφόρεον
1267 566 1331 657 γὰρ
1345 566 1390 656 δὴ

226 760 229 767 ἱ
248 676 314 767 πρὸ
334 682 394 746 τοῦ
414 682 451 745 al
467 680 535 744 των
554 673 744 764 Ἀθηναίων
765 693 923 764 γυναῖκες
944 679 1070 764 ἐσθῆτα
1085 680 1241 762 Δωρίδα,
1265 700 1304 761 τη
1319 678 1388 739 Κο-

249 789 366 871 ρινθίη
380 779 718 869 παραπλησιωτάτην·
740 784 924 869 μετέβαλον
938 769 987 848 οἷν
1000 782 1033 859 ἐς
1046 776 1105 846 τὸν
1118 786 1232 847 λίνεον
1244 779 1388 861 κιθῶνα,

250 983 319 1033 itum
343 996 376 1032 ex
391 980 524 1030 indirecta
539 979 567 1028 in
585 977 718 1031 directam
731 994 792 1029 ora·

249 1049 365 1101 tionem:
383 1043 456 1116 ἄλλῳ
475 1043 527 1112 μὲν
548 1040 584 1111 δὴ
599 1041 651 1097 οὐκ
671 1043 744 1112 ἔχειν
757 1074 792 1085 -

248 1113 301 1184 τὴν
321 1113 352 1168 δὲ
371 1109 480 1181 ἐσθῆτα
492 1113 668 1183 μετέβαλλον.
689 1120 743 1168 Pro
756 1118 793 1183 τῇ

249 1185 412 1253 Κορινθίῃ,
436 1187 508 1253 quod
529 1187 650 1253 plerique
673 1187 733 1237 libri
754 1192 793 1236 te·

250 1266 325 1320 nent,
337 1257 438 1307 Aldina
452 1255 629 1317 Κορινθίων.
658 1257 740 1322 chq.
756 1258 795 1306 ci·

251 1333 294 1377 tat
307 1326 435 1377 Eustath.
452 1326 485 1375 ad
499 1325 543 1376 lli.
561 1340 624 1390 pag.
638 1326 706 1389 567,
720 1327 754 1376 37
770 1341 792 1375 s.

249 1394 456 1457 431‚4et456,
475 1394 539 1446 10³.
554 1393 615 1457 311,
630 1394 655 1444 l).
684 1395 742 1444 lam
758 1395 794 1445 sd

250 1468 337 1517 totius
349 1465 404 1515 loci
416 1468 605 1529 argumentum
624 1463 722 1514 melius
734 1480 795 1529 per-

251 1535 422 1601 spiciendum
437 1533 505 1583 haec
518 1534 606 1583 teneri
620 1533 713 1583 velim.
738 1535 796 1583 Du·

250 1607 313 1671 plex
327 1604 491 1654 Graecarum
504 1602 644 1652 mulierum
659 1603 795 1667 distingui

251 1676 332 1726 debet
345 1674 550 1732 vestimentum,
565 1672 695 1722 Doricum
709 1679 795 1737 atque

251 1745 387 1802 lonicum,
409 1742 477 1792 illud
505 1742 646 1807 antiquius
671 1740 795 1805 adeoque

250 1829 332 1864 unum
353 1813 477 1862 omnibus
500 1813 564 1861 olim
584 1812 695 1862 Graecis
715 1812 796 1860 Dori·

250 1884 303 1932 bus
321 1897 406 1947 aeque
427 1881 632 1947 stquelonibns
651 1881 794 1943 usitatum,

251 1950 302 2002 hoc
314 1968 347 2003 ex
360 1952 440 2014 Asia,
461 1953 509 2001 ubi
524 1952 604 2001 lones
624 1951 739 2014 primum
751 1964 797 1999 as·

251 2025 432 2086 sumpserunt,
441 2022 467 2068 in
478 2023 614 2085 Europam
630 2019 691 2069 inde
705 2018 741 2068 ad
752 2020 797 2069 Ie·

251 2090 331 2140 nicae
343 2089 437 2152 stirpis
455 2095 550 2153 gentes
565 2089 729 2138 traductum.
759 2088 796 2137 Il·

250 2159 298 2210 lnd
310 2174 343 2210 ea
355 2157 419 2206 lana
433 2164 559 2222 paratum
575 2158 722 2222 etquidem
738 2173 793 2208 uuo

252 2244 285 2278 ex
297 2228 449 2292 fragmento
469 2243 518 2278 nec
538 2226 662 2291 pluribus
682 2228 796 2291 eparti-

250 2298 302 2347 bns
316 2302 470 2359 consutum,
485 2297 545 2346 slve
560 2297 688 2358 manicis,
703 2298 730 2345 in
745 2296 795 2346 hn-

251 2368 333 2416 meris
345 2370 452 2414 tantum
467 2380 575 2429 unoque
593 2365 679 2414 latere
697 2380 797 2416 conne-

251 2433 799 2498 amfibuli,alterolatereapertum(un·

252 2505 286 2555 de
298 2497 410 2567 σχιστὸς
422 2496 530 2566 χιτών),
544 2504 584 2552 ita
597 2507 704 2566 tamen,
721 2510 752 2553 ut
765 2505 796 2553 li-

252 2573 323 2625 bulis
351 2590 374 2625 s.
403 2573 505 2624 acubus
531 2572 710 2637 probabiliter
730 2590 796 2625 con-

253 2643 352 2708 stringi
367 2648 469 2707 posset,
483 2659 517 2692 ne
530 2642 588 2693 scil.
605 2643 693 2693 nudas
709 2659 739 2693 se
749 2642 797 2693 da-

251 2719 314 2763 rent
328 2712 469 2775 mulieres,
487 2712 611 2776 idemque
626 2713 710 2763 etiam
724 2713 796 2764 solvi

252 2786 361 2848 posset,
382 2785 405 2832 si
424 2782 535 2833 liberior
558 2784 680 2848 corporis
704 2787 795 2833 motus

254 2850 297 2916 (ut
309 2868 335 2905 v.
356 2866 380 2903 c.
401 2853 429 2901 in
446 2851 534 2911 ludis,
556 2852 653 2915 quibus
672 2856 700 2901 et
719 2853 795 2917 ipsas

252 2921 380 2972 mulieres
404 2920 561 2972 interfuisse
584 2921 721 2985 norimus)
743 2921 796 2970 hoc

251 2992 417 3055 requireret,
437 2992 485 3040 nbi
507 2996 624 3054 utraque
644 2992 747 3041 lacinia
761 2990 797 3040 ab

252 3065 370 3124 utroque
381 3060 467 3110 latere
483 3061 682 3124 explicaretur,
703 3061 798 3111 inleri-

253 3143 367 3191 oresque
384 3130 506 3193 corporis
527 3137 633 3192 partes,
656 3135 687 3179 nt
704 3129 797 3195 pedes,

253 3213 334 3246 crura
344 3202 517 3262 apparerent.
539 3197 618 3246 Unde
628 3198 799 3261 φαινομηρί·

254 3262 307 3321 δας
323 3266 450 3315 mulieres
463 3266 613 3329 Spartanae
630 3270 713 3330 po'eta
726 3268 800 3328 dixit

253 3334 363 3396 Ibycus.
404 3335 443 3383 Ac
466 3334 621 3398 plerumque
645 3351 678 3385 nc
700 3351 798 3386 sonem

254 3402 363 3468 quidem
381 3401 444 3451 hnic
469 3403 583 3451 amictui
606 3404 679 3453 infra
700 3410 799 3469 pectus

254 3471 403 3520 addebant.
424 3469 490 3519 Tale
502 3475 593 3521 eutem
603 3473 797 3524 vestimentum

253 3538 384 3590 muliebre
396 3539 483 3590 fibulis
506 3540 668 3591 adstrictum
681 3549 798 3594 vocatur

254 3609 369 3660 Graecis
388 3605 558 3671 περονητρλς
579 3616 606 3658 et
623 3605 798 3676 καταπτνχὲς

254 3671 436 3741 ἔμπερόναμα
454 3677 496 3743 (nt
510 3684 602 3730 monet
612 3678 744 3732 Valckmr.
759 3682 796 3732 ad

254 3748 280 3797 lr.
296 3747 315 3797 1.
332 3747 430 3799 etalio
449 3749 537 3799 citans
556 3755 584 3798 et
596 3749 742 3813 Spanhem.
761 3751 796 3800 ad

254 3817 457 3868 CallimachiH.
464 3818 491 3866 in
499 3816 642 3885 apelles)
653 3820 713 3870 sive
723 3836 796 3871 cern·

254 3889 328 3937 muni
340 3887 526 3952 appellatione
538 3888 624 3950 χιτών
638 3895 720 3953 atque
732 3882 796 3953 1ροὶ-

253 3970 330 4019 τιον;
350 3957 416 4006 illud
429 3958 538 4017 rectius,
549 3962 579 4007 ut
592 3959 655 4022 ipsa
665 3960 733 4009 artis
747 3959 795 4009 do-

253 4033 317 4078 cent
329 4033 517 4088 monumenta;
536 4027 588 4077 hoc
604 4027 666 4078 inde
678 4029 795 4080 fortasse

254 4097 371 4147 invaluit
382 4112 488 4157 nomen,
502 4097 575 4159 quod
588 4098 612 4146 si
625 4114 686 4148 curn
697 4100 795 4149 Ionum

253 4166 363 4217 chitone
377 4174 590 4232 compararetur,
602 4183 668 4219 sane
681 4161 795 4232 [μα’τιον

255 4251 314 4286 esse
330 4236 470 4287 videretur
485 4252 517 4287 ac
535 4252 630 4288 revera
648 4237 689 4288 sic
703 4238 797 4303 appel-

254 4303 307 4353 lari
321 4310 423 4367 posset.
448 4305 543 4356 Adhuc
557 4307 586 4356 in
600 4308 686 4357 variis
702 4322 795 4357 monu-

254 4374 363 4433 mentis,
375 4389 444 4437 qnae
456 4381 577 4425 nostram
588 4374 708 4426 tulerunt
719 4381 795 4427 aeta·

254 4445 319 4511 tem,
330 4443 535 4508 conspiciuntur
544 4444 669 4496 mulieres
675 4447 795 4498 Doricae

843 979 895 1028 hac
920 981 996 1030 veste
1021 977 1134 1027 indutae
1156 977 1280 1040 adeoque
1308 975 1389 1040 ipsae

844 1049 920 1109 deae,
931 1053 962 1097 ut
973 1047 1064 1096 Diana
1075 1084 1081 1109 ,
1095 1047 1184 1106 aliae;
1204 1048 1270 1110 quin
1280 1059 1313 1094 ea
1325 1047 1388 1108 ipss

843 1125 920 1170 veste
930 1116 1114 1168 Athenienses
1133 1117 1197 1166 olim
1212 1130 1280 1165 usae
1300 1113 1388 1163 luisse

843 1188 980 1248 dicuntur,
994 1186 1081 1235 donec
1095 1186 1205 1235 Ιοοίοαω
1219 1188 1389 1235 assumerent

843 1264 960 1320 vestem,
975 1270 1045 1321 quae
1058 1255 1148 1320 qualis
1162 1254 1259 1314 fuerit,
1272 1269 1305 1303 ex
1319 1254 1389 1302 artis

845 1327 1026 1376 monumentis
1040 1340 1126 1389 aeque
1141 1324 1271 1389 cognosci
1286 1326 1389 1387 potest,

845 1413 861 1460 e
872 1396 983 1445 dearum
997 1394 1160 1458 simulacris,
1175 1394 1237 1443 aliis
1250 1393 1278 1442 id
1291 1406 1388 1457 genus.

844 1467 966 1530 Namque
975 1465 1113 1513 manicata
1121 1464 1310 1513 amiciebatur.
1325 1462 1391 1510 Lin-

845 1540 891 1585 tea
904 1540 964 1584 erat
972 1534 1074 1596 tunica,
1086 1538 1145 1583 tota
1157 1537 1283 1594 consuta,
1295 1532 1323 1579 in
1334 1544 1390 1594 qua

844 1603 934 1654 fibulis
948 1602 1037 1653 nullus
1052 1601 1129 1653 locus
1158 1602 1272 1651 manicis
1288 1603 1390 1649 instru-

845 1679 890 1723 cta
905 1672 987 1737 (unde
1002 1639 1165 1734 χειριδωτ3ς
1179 1662 1274 1734 χιτών)
1286 1706 1293 1731 ,
1305 1667 1390 1732 longa

844 1743 880 1792 ad
892 1742 975 1807 pedes
990 1742 1115 1805 talosque
1128 1756 1213 1806 usque
1229 1739 1348 1790 deducta
1362 1744 1391 1786 et

845 1819 931 1862 totum
943 1827 1043 1876 corpus
1054 1812 1194 1875 obtegens,
1205 1809 1267 1858 hinc
1275 1809 1391 1857 sinuosa

845 1886 873 1932 et
890 1880 1062 1943 complicata.
1100 1880 1177 1941 Quae
1192 1879 1284 1929 omnia
1302 1877 1392 1927 orien-

846 1951 942 2000 talium
952 1948 1216 1999 hominnmrelerunt
1223 1949 1353 1997 amictum
1360 1950 1390 1995 et

847 2020 978 2070 advitam
992 2021 1138 2083 pertinent,
1150 2018 1255 2083 qualem
1269 2031 1318 2081 per
1328 2015 1390 2065 Ori-

846 2096 934 2139 entem
949 2104 1032 2154 agere
1041 2086 1130 2138 solent
1142 2088 1281 2137 mulieres:
1302 2091 1334 2135 nt
1347 2101 1392 2135 sa-

845 2175 879 2210 ne
895 2174 928 2208 eo
947 2159 1057 2223 probari
1076 2159 1216 2218 videatur,
1236 2154 1309 2220 quod
1327 2170 1390 2219 cap.

846 2244 903 2293 seq.
918 2230 1018 2278 Noster
1031 2227 1126 2289 tradit,
1140 2227 1211 2276 hanc
1222 2231 1336 2286 vestem,
1347 2225 1391 2274 lo-

846 2300 917 2347 nicis
937 2299 1082 2357 usitatam,
1108 2297 1216 2362 proprie
1233 2310 1288 2345 non
1304 2295 1392 2345 fuisse

845 2367 1151 2431 lonicumsedcancam,
1166 2366 1201 2415 ab
1213 2365 1325 2414 Asianis
1340 2366 1392 2428 igi-

844 2443 891 2487 tur
902 2436 1009 2501 populis
1019 2442 1166 2500 receptam.
1184 2434 1263 2498 Quod
1277 2441 1334 2483 tum
1349 2434 1391 2481 sa-

847 2513 919 2556 ctum
936 2521 996 2555 esse
1014 2507 1154 2555 existimat
1173 2504 1203 2554 C.
1217 2504 1251 2553 0.
1266 2501 1392 2554 Mueller.

845 2576 982 2641 Aeginett.
1001 2592 1026 2640 p.
1041 2577 1090 2640 72,
1108 2591 1169 2625 cum
1189 2574 1290 2624 Milesii
1310 2572 1392 2638 priml

845 2647 945 2696 Carum
964 2645 1079 2696 seminas
1094 2649 1222 2710 raperent
1242 2648 1270 2693 et
1289 2642 1317 2693 in
1335 2657 1394 2691 ms-

845 2716 1003 2765 trimeuium
1019 2716 1150 2765 ducerent
1171 2714 1221 2778 (cl.
1239 2712 1344 2762 Herod.
1367 2712 1391 2773 l,

849 2784 924 2849 146),
939 2785 979 2833 ita
992 2790 1022 2834 ut
1037 2799 1115 2834 omne
1128 2784 1180 2835 hoc
1193 2781 1331 2834 vestiendi
1344 2797 1392 2846 ge·

845 2870 897 2904 nus
911 2869 925 2903 e
941 2854 1035 2904 Mileto
1051 2853 1202 2917 proiectam
1219 2852 1254 2901 ad
1270 2851 1392 2916 reliques

847 2924 928 2973 lones
945 2928 973 2973 et
985 2924 1124 2973 Asiaticos
1138 2927 1166 2972 et
1179 2924 1338 2985 Europaeos
1352 2922 1393 2969 in·

846 2994 879 3042 de
902 2992 1056 3043 traductum
1079 2993 1167 3042 rideri
1188 2996 1281 3056 queat.
1317 2990 1390 3040 Add.

847 3060 995 3126 quaehanc
1003 3063 1029 3112 in
1037 3077 1092 3111 rem
1101 3060 1293 3126 disputavitG.
1301 3061 1390 3125 Mnys:

847 3131 1045 3181 Griechenlanrl
1068 3147 1094 3180 u.
1109 3131 1157 3182 der
1170 3131 1267 3181 Orient
1288 3146 1316 3195 p.
1338 3128 1392 3180 203

848 3205 876 3250 et
887 3201 947 3252 204.
970 3202 1012 3250 De
1022 3201 1131 3251 diversa
1141 3202 1243 3250 Dorum
1253 3204 1337 3264 atque
1346 3198 1391 3247 lc-

846 3285 911 3320 nnm
926 3277 1003 3321 reste
1021 3270 1099 3334 plura
1116 3270 1146 3321 C.
1161 3270 1194 3320 Ο.
1210 3266 1325 3319 Mueller
1349 3272 1392 3316 st

848 3339 972 3389 tulitin:
999 3339 1108 3389 Handb.
1128 3339 1155 3389 d.
1168 3338 1347 3403 Archaeolog.
1365 3338 1392 3399 §-

846 3409 899 3459 339
914 3409 975 3461 coll.
990 3410 1128 3474 Aeginett.
1147 3425 1174 3474 p.
1193 3410 1224 3458 71
1241 3423 1298 3471 seq.
1321 3407 1391 3456 Der.

847 3477 885 3526 11.
906 3492 968 3543 pag.
988 3479 1039 3529 263
1058 3494 1134 3543 seqq.
1163 3479 1264 3543 Attigit
1282 3491 1392 3542 queque

846 3547 997 3612 Boettiger.
1016 3548 1044 3596 iu
1058 3544 1156 3596 annal.
1170 3548 1268 3597 Vienn.
1285 3544 1390 3611 (1830)

847 3615 880 3664 Τ.
892 3617 990 3666 XLIX.
1012 3633 1038 3682 p.
1052 3619 1069 3666 4
1081 3616 1251 3682 Αοαοίροὶτλ,
1271 3618 1393 3679 itemque

846 3684 1025 3738 Brocndsted.
1042 3687 1069 3735 in
1081 3686 1177 3737 Itiner.
1191 3687 1223 3736 Τ.
1238 3686 1275 3738 ΙΙ,
1295 3700 1321 3749 p.
1336 3682 1390 3733 233

846 3757 889 3815 et,
905 3755 953 3819 qui
973 3771 990 3804 a
1003 3758 1053 3806 Gr.
1072 3754 1210 3817 laudetur,
1223 3753 1391 3805 Reoul-Ro-

845 3823 936 3874 chette
949 3824 992 3875 in:
1008 3823 1161 3876 Achilleide
1173 3824 1286 3890 pag.83.
1295 3821 1390 3884 note,

846 3896 874 3942 et
893 3893 1090 3958 Stackelberg:
1114 3895 1169 3943 Der
1189 3891 1391 3958 Apollotempel
1405 3936 1422 3971 ’

846 3976 880 4011 zu
895 3964 999 4013 Bassae
1015 3979 1077 4028 pag.
1095 3964 1138 4013 77.
1164 3964 1216 4013 His
1235 3963 1305 4014 adde
1317 3960 1391 4012 Bek-

845 4031 940 4081 kernm
961 4034 989 4082 in
1009 4031 1125 4082 Charicl.
1139 4033 1192 4087 ΙΙΙ,
1214 4048 1240 4097 p.
1265 4032 1313 4083 176
1330 4046 1390 4095 seq.

847 4100 888 4151 ed.
902 4101 931 4154 C.
948 4103 979 4153 F.
995 4103 1144 4152 Hermann.

880 4168 917 4235 τῇ
931 4169 1077 4236 Κορινθίῃ
1099 4159 1389 4235 παραπλησιωτάτην]

846 4239 925 4291 Unde
938 4241 990 4291 hoc
1003 4245 1076 4292 certe
1091 4240 1185 4307 colligi
1197 4244 1302 4307 potest,
1317 4238 1393 4303 quod

846 4310 929 4359 etium
950 4311 1058 4362 aliunde
1077 4312 1220 4377 probatur.
1234 4309 1393 4362 Corinthio·

845 4394 903 4428 rum
912 4382 1113 4444 vestimentum,
1124 4380 1249 4445 quamvis
1262 4385 1289 4431 et
1301 4381 1393 4444 ipsum

845 4448 975 4501 Doricum
990 4467 1007 4501 a
1017 4450 1183 4517 reliquorum
1192 4451 1297 4500 Dorum
1306 4448 1393 4500 vesti·
