<?xml version="1.0" encoding="UTF-8"?>
<!DOCTYPE html PUBLIC "-//W3C//DTD XHTML 1.0 Transitional//EN"
    "http://www.w3.org/TR/xhtml1/DTD/xhtml1-transitional.dtd">
<html xmlns="http://www.w3.org/1999/xhtml" xml:lang="en" lang="en">
 <head>
  <title>
</title>
<meta http-equiv="Content-Type" content="text/html;charset=utf-8" />
  <meta name='ocr-system' content='tesseract 3.04.00' />
  <meta name='ocr-capabilities' content='ocr_page ocr_carea ocr_par ocr_line ocrx_word'/>
</head>
<body>
  <div class='ocr_page' id='page_1' title='image "./herodotihalicar01unkngoog_0209.png"; bbox 0 0 3100 5175; ppageno 0'>
   <div class='ocr_carea' id='block_1_1' title="bbox 462 316 1319 400">
    <p class='ocr_par' dir='ltr' id='par_1_1' title="bbox 462 316 1319 400">
     <span class='ocr_line' id='line_1_1' title="bbox 462 316 1319 400; baseline 0.001 -7"><span class='ocrx_word' id='word_1_1' title='bbox 462 316 831 395; x_wconf 76' lang='lat' dir='ltr'><strong>TERPSIOHO&#39;RE.</strong></span> <span class='ocrx_word' id='word_1_2' title='bbox 854 335 890 396; x_wconf 88' lang='lat' dir='ltr'><strong>v.</strong></span> <span class='ocrx_word' id='word_1_3' title='bbox 914 343 958 400; x_wconf 78' lang='grc' dir='ltr'><strong><em>οε.</em></strong></span> <span class='ocrx_word' id='word_1_4' title='bbox 980 344 1023 400; x_wconf 80' lang='grc' dir='ltr'><strong>οι.</strong></span> <span class='ocrx_word' id='word_1_5' title='bbox 1252 333 1319 394; x_wconf 83' lang='lat'>197·</span> 
     </span>
    </p>
   </div>
   <div class='ocr_carea' id='block_1_2' title="bbox 165 504 1310 1221">
    <p class='ocr_par' dir='ltr' id='par_1_2' title="bbox 165 504 1310 1221">
     <span class='ocr_line' id='line_1_2' title="bbox 170 504 1310 597; baseline 0.003 -21"><span class='ocrx_word' id='word_1_6' title='bbox 170 516 279 591; x_wconf 81' lang='grc' dir='ltr'><strong><em>ζουσι,</em></strong></span> <span class='ocrx_word' id='word_1_7' title='bbox 302 504 457 588; x_wconf 78' lang='grc' dir='ltr'><strong><em>εὐπετέες</em></strong></span> <span class='ocrx_word' id='word_1_8' title='bbox 471 534 507 576; x_wconf 90' lang='grc' dir='ltr'><strong><em>τε</em></strong></span> <span class='ocrx_word' id='word_1_9' title='bbox 519 515 727 597; x_wconf 76' lang='grc' dir='ltr'><em>χειρωθῆναι</em></span> <span class='ocrx_word' id='word_1_10' title='bbox 743 520 870 597; x_wconf 74' lang='grc' dir='ltr'><strong><em>εἴησαν.</em></strong></span> <span class='ocrx_word' id='word_1_11' title='bbox 902 507 1008 578; x_wconf 74' lang='grc' dir='ltr'><strong><em>ταῦτα</em></strong></span> <span class='ocrx_word' id='word_1_12' title='bbox 1025 536 1060 578; x_wconf 92' lang='grc' dir='ltr'><strong><em>τε</em></strong></span> <span class='ocrx_word' id='word_1_13' title='bbox 1083 506 1125 597; x_wconf 77' lang='grc' dir='ltr'><strong>δὴ</strong></span> <span class='ocrx_word' id='word_1_14' title='bbox 1146 517 1240 597; x_wconf 78' lang='grc' dir='ltr'><strong><em>ἔλεγε</em></strong></span> <span class='ocrx_word' id='word_1_15' title='bbox 1254 512 1310 579; x_wconf 84' lang='grc' dir='ltr'><strong>καὶ</strong></span> 
     </span>
     <span class='ocr_line' id='line_1_3' title="bbox 170 607 1309 713; baseline 0.004 -33"><span class='ocrx_word' id='word_1_16' title='bbox 170 609 252 713; x_wconf 70' lang='grc' dir='ltr'><strong><em>πρὸς</em></strong></span> <span class='ocrx_word' id='word_1_17' title='bbox 271 626 358 679; x_wconf 88' lang='grc' dir='ltr'><strong><em>τοῖσι</em></strong></span> <span class='ocrx_word' id='word_1_18' title='bbox 379 610 476 696; x_wconf 80' lang='grc' dir='ltr'><strong><em>τάδε,</em></strong></span> <span class='ocrx_word' id='word_1_19' title='bbox 501 607 545 691; x_wconf 75' lang='grc' dir='ltr'><strong><em>ὥς</em></strong></span> <span class='ocrx_word' id='word_1_20' title='bbox 559 616 594 682; x_wconf 77' lang='grc' dir='ltr'><strong>οἱ</strong></span> <span class='ocrx_word' id='word_1_21' title='bbox 605 611 766 701; x_wconf 82' lang='grc' dir='ltr'><strong><em>Μιλήσιοι</em></strong></span> <span class='ocrx_word' id='word_1_22' title='bbox 786 618 854 682; x_wconf 76' lang='grc' dir='ltr'><strong>τῶν</strong></span> <span class='ocrx_word' id='word_1_23' title='bbox 871 610 1063 702; x_wconf 78' lang='grc' dir='ltr'><strong><em>Ἀθηναίων</em></strong></span> <span class='ocrx_word' id='word_1_24' title='bbox 1086 615 1150 683; x_wconf 78' lang='grc' dir='ltr'><strong><em>εἰσὶ</em></strong></span> <span class='ocrx_word' id='word_1_25' title='bbox 1165 610 1309 702; x_wconf 80' lang='grc' dir='ltr'><strong><em>δποικοι,</em></strong></span> 
     </span>
     <span class='ocr_line' id='line_1_4' title="bbox 169 713 1309 805; baseline 0.004 -22"><span class='ocrx_word' id='word_1_26' title='bbox 169 718 222 784; x_wconf 76' lang='grc' dir='ltr'><strong>καὶ</strong></span> <span class='ocrx_word' id='word_1_27' title='bbox 238 714 330 794; x_wconf 84' lang='grc' dir='ltr'><strong><em>οἰκός</em></strong></span> <span class='ocrx_word' id='word_1_28' title='bbox 345 735 451 801; x_wconf 75' lang='grc' dir='ltr'><strong><em>σφεας</em></strong></span> <span class='ocrx_word' id='word_1_29' title='bbox 467 725 518 803; x_wconf 77' lang='grc' dir='ltr'><strong><em>εἴη</em></strong></span> <span class='ocrx_word' id='word_1_30' title='bbox 532 715 676 801; x_wconf 78' lang='grc' dir='ltr'><strong><em>ῥύεσθαι</em></strong></span> <span class='ocrx_word' id='word_1_31' title='bbox 699 718 909 803; x_wconf 78' lang='grc' dir='ltr'><strong><em>δυναμένους</em></strong></span> <span class='ocrx_word' id='word_1_32' title='bbox 923 719 1024 805; x_wconf 80' lang='grc' dir='ltr'><strong><em>μέγα·</em></strong></span> <span class='ocrx_word' id='word_1_33' title='bbox 1040 719 1108 787; x_wconf 72' lang='grc' dir='ltr'><strong>καὶ</strong></span> <span class='ocrx_word' id='word_1_34' title='bbox 1122 713 1224 787; x_wconf 69' lang='grc' dir='ltr'><strong><em>οὐδὲν</em></strong></span> <span class='ocrx_word' id='word_1_35' title='bbox 1245 715 1264 786; x_wconf 83' lang='grc' dir='ltr'><strong><em>δ</em></strong></span> <span class='ocrx_word' id='word_1_36' title='bbox 1277 744 1309 787; x_wconf 93' lang='grc' dir='ltr'><strong>τι</strong></span> 
     </span>
     <span class='ocr_line' id='line_1_5' title="bbox 169 813 1307 909; baseline 0.003 -21"><span class='ocrx_word' id='word_1_37' title='bbox 169 817 230 888; x_wconf 83' lang='grc' dir='ltr'><strong>οὐκ</strong></span> <span class='ocrx_word' id='word_1_38' title='bbox 244 813 424 905; x_wconf 79' lang='grc' dir='ltr'><strong><em>ὑπίσχετο,</em></strong></span> <span class='ocrx_word' id='word_1_39' title='bbox 445 813 499 887; x_wconf 84' lang='grc' dir='ltr'><strong>οἷα</strong></span> <span class='ocrx_word' id='word_1_40' title='bbox 513 815 618 906; x_wconf 82' lang='grc' dir='ltr'><strong><em>κιῖρτα</em></strong></span> <span class='ocrx_word' id='word_1_41' title='bbox 633 819 806 908; x_wconf 87' lang='grc' dir='ltr'><strong><em>δεόμενος·</em></strong></span> <span class='ocrx_word' id='word_1_42' title='bbox 825 823 858 901; x_wconf 79' lang='grc' dir='ltr'><strong><em>ἐς</em></strong></span> <span class='ocrx_word' id='word_1_43' title='bbox 872 816 892 888; x_wconf 90' lang='grc' dir='ltr'><strong><em>δ</em></strong></span> <span class='ocrx_word' id='word_1_44' title='bbox 905 818 1064 890; x_wconf 70' lang='grc' dir='ltr'><strong><em>ἀνέπεισέ</em></strong></span> <span class='ocrx_word' id='word_1_45' title='bbox 1074 842 1190 909; x_wconf 84' lang='grc' dir='ltr'><strong><em>σφεας.</em></strong></span> <span class='ocrx_word' id='word_1_46' title='bbox 1217 830 1307 891; x_wconf 89' lang='grc' dir='ltr'><strong><em>Πολ-</em></strong></span> 
     </span>
     <span class='ocr_line' id='line_1_6' title="bbox 169 919 1306 1015; baseline 0.004 -23"><span class='ocrx_word' id='word_1_47' title='bbox 169 921 247 1002; x_wconf 85' lang='grc' dir='ltr'><strong><em>λούς</em></strong></span> <span class='ocrx_word' id='word_1_48' title='bbox 264 920 330 1010; x_wconf 77' lang='grc' dir='ltr'><strong>γὰρ</strong></span> <span class='ocrx_word' id='word_1_49' title='bbox 352 920 424 990; x_wconf 83' lang='grc' dir='ltr'><strong><em>οἶκε</em></strong></span> <span class='ocrx_word' id='word_1_50' title='bbox 446 921 532 991; x_wconf 82' lang='grc' dir='ltr'><strong><em>εἶναι</em></strong></span> <span class='ocrx_word' id='word_1_51' title='bbox 547 919 787 1013; x_wconf 76' lang='grc' dir='ltr'><strong><em>εὐπετέστερον</em></strong></span> <span class='ocrx_word' id='word_1_52' title='bbox 801 923 998 1011; x_wconf 75' lang='grc' dir='ltr'><strong><em>διαβάλλειν</em></strong></span> <span class='ocrx_word' id='word_1_53' title='bbox 1016 920 1127 1015; x_wconf 58' lang='lat' dir='ltr'><strong>diva,</strong></span> <span class='ocrx_word' id='word_1_54' title='bbox 1155 931 1186 994; x_wconf 77' lang='lat' dir='ltr'><strong>el</strong></span> <span class='ocrx_word' id='word_1_55' title='bbox 1199 934 1306 996; x_wconf 85' lang='grc' dir='ltr'><strong><em>Κλεο-</em></strong></span> 
     </span>
     <span class='ocr_line' id='line_1_7' title="bbox 166 1023 1305 1116; baseline 0.003 -21"><span class='ocrx_word' id='word_1_56' title='bbox 166 1030 268 1115; x_wconf 84' lang='grc' dir='ltr'><strong><em>μένεα</em></strong></span> <span class='ocrx_word' id='word_1_57' title='bbox 289 1025 353 1114; x_wconf 76' lang='grc' dir='ltr'><strong>μὲν</strong></span> <span class='ocrx_word' id='word_1_58' title='bbox 366 1023 425 1094; x_wconf 84' lang='grc' dir='ltr'><strong>τὸν</strong></span> <span class='ocrx_word' id='word_1_59' title='bbox 438 1026 707 1114; x_wconf 83' lang='grc' dir='ltr'><strong><em>Λακεδαιμόνιον</em></strong></span> <span class='ocrx_word' id='word_1_60' title='bbox 726 1033 855 1116; x_wconf 83' lang='grc' dir='ltr'><strong><em>μοῦνον</em></strong></span> <span class='ocrx_word' id='word_1_61' title='bbox 875 1025 936 1097; x_wconf 84' lang='grc' dir='ltr'><strong>οὐκ</strong></span> <span class='ocrx_word' id='word_1_62' title='bbox 950 1024 1018 1108; x_wconf 85' lang='grc' dir='ltr'><strong><em>οἷός</em></strong></span> <span class='ocrx_word' id='word_1_63' title='bbox 1036 1057 1070 1096; x_wconf 84' lang='grc' dir='ltr'><strong><em>τε</em></strong></span> <span class='ocrx_word' id='word_1_64' title='bbox 1086 1030 1218 1116; x_wconf 77' lang='grc' dir='ltr'><strong><em>ἐγένετο</em></strong></span> <span class='ocrx_word' id='word_1_65' title='bbox 1233 1035 1305 1098; x_wconf 90' lang='grc' dir='ltr'><strong><em>δια-</em></strong></span> 
     </span>
     <span class='ocr_line' id='line_1_8' title="bbox 165 1129 1306 1221; baseline 0.003 -23"><span class='ocrx_word' id='word_1_66' title='bbox 165 1130 316 1219; x_wconf 76' lang='grc' dir='ltr'><strong><em>βάλλειν,</em></strong></span> <span class='ocrx_word' id='word_1_67' title='bbox 329 1143 419 1217; x_wconf 82' lang='grc' dir='ltr'><strong><em>τρεῖς</em></strong></span> <span class='ocrx_word' id='word_1_68' title='bbox 431 1129 467 1199; x_wconf 76' lang='grc' dir='ltr'><strong>δὲ</strong></span> <span class='ocrx_word' id='word_1_69' title='bbox 476 1130 641 1220; x_wconf 76' lang='grc' dir='ltr'><strong><em>μυριάδας</em></strong></span> <span class='ocrx_word' id='word_1_70' title='bbox 653 1130 843 1221; x_wconf 77' lang='grc' dir='ltr'><strong><em>Ἀθηναίων</em></strong></span> <span class='ocrx_word' id='word_1_71' title='bbox 852 1134 986 1220; x_wconf 75' lang='grc' dir='ltr'><strong><em>ἐποίησε</em></strong></span> <span class='ocrx_word' id='word_1_72' title='bbox 995 1137 1101 1201; x_wconf 79' lang='grc' dir='ltr'><strong><em>τουτο.</em></strong></span> <span class='ocrx_word' id='word_1_73' title='bbox 1132 1130 1306 1221; x_wconf 81' lang='grc' dir='ltr'><strong><em>Ἀθηναῖοι</em></strong></span> 
     </span>
    </p>
   </div>
   <div class='ocr_carea' id='block_1_3' title="bbox 95 1329 1304 1606">
    <p class='ocr_par' dir='ltr' id='par_1_3' title="bbox 95 1329 1304 1606">
     <span class='ocr_line' id='line_1_9' title="bbox 164 1329 1304 1398; baseline 0.004 -18"><span class='ocrx_word' id='word_1_74' title='bbox 164 1329 255 1396; x_wconf 76' lang='grc' dir='ltr'><strong><em>ζουσι]</em></strong></span> <span class='ocrx_word' id='word_1_75' title='bbox 277 1331 294 1379; x_wconf 92' lang='lat' dir='ltr'><strong>i.</strong></span> <span class='ocrx_word' id='word_1_76' title='bbox 311 1347 335 1380; x_wconf 93' lang='lat' dir='ltr'><strong>e</strong></span> <span class='ocrx_word' id='word_1_77' title='bbox 353 1346 400 1380; x_wconf 81' lang='lat' dir='ltr'><strong>uec</strong></span> <span class='ocrx_word' id='word_1_78' title='bbox 417 1340 489 1383; x_wconf 79' lang='lat' dir='ltr'><strong>acuto</strong></span> <span class='ocrx_word' id='word_1_79' title='bbox 506 1348 552 1382; x_wconf 84' lang='lat' dir='ltr'><strong>uec</strong></span> <span class='ocrx_word' id='word_1_80' title='bbox 570 1331 645 1383; x_wconf 74' lang='lat' dir='ltr'><strong>tastu</strong></span> <span class='ocrx_word' id='word_1_81' title='bbox 668 1349 711 1383; x_wconf 78' lang='lat' dir='ltr'><strong>eos</strong></span> <span class='ocrx_word' id='word_1_82' title='bbox 760 1333 889 1396; x_wconf 76' lang='lat' dir='ltr'><strong>graviora</strong></span> <span class='ocrx_word' id='word_1_83' title='bbox 917 1336 1009 1383; x_wconf 88' lang='lat' dir='ltr'><strong>essent</strong></span> <span class='ocrx_word' id='word_1_84' title='bbox 1035 1333 1120 1384; x_wconf 77' lang='lat' dir='ltr'><strong>rerba</strong></span> <span class='ocrx_word' id='word_1_85' title='bbox 1143 1349 1193 1384; x_wconf 90' lang='lat' dir='ltr'><strong>sua</strong></span> <span class='ocrx_word' id='word_1_86' title='bbox 1218 1336 1304 1398; x_wconf 86' lang='lat' dir='ltr'><strong>ipsos·</strong></span> 
     </span>
     <span class='ocr_line' id='line_1_10' title="bbox 163 1403 1303 1467; baseline 0 -14"><span class='ocrx_word' id='word_1_87' title='bbox 163 1406 200 1453; x_wconf 83' lang='lat' dir='ltr'><strong>uti</strong></span> <span class='ocrx_word' id='word_1_88' title='bbox 210 1403 342 1466; x_wconf 69' lang='lat' dir='ltr'><strong>facileque</strong></span> <span class='ocrx_word' id='word_1_89' title='bbox 353 1404 474 1462; x_wconf 82' lang='lat' dir='ltr'><strong>superori</strong></span> <span class='ocrx_word' id='word_1_90' title='bbox 484 1417 569 1464; x_wconf 81' lang='lat' dir='ltr'><strong>posse.</strong></span> <span class='ocrx_word' id='word_1_91' title='bbox 597 1404 641 1453; x_wconf 88' lang='lat' dir='ltr'><strong>De</strong></span> <span class='ocrx_word' id='word_1_92' title='bbox 651 1419 711 1452; x_wconf 84' lang='lat' dir='ltr'><strong>rer·</strong></span> <span class='ocrx_word' id='word_1_93' title='bbox 762 1418 813 1467; x_wconf 91' lang='lat' dir='ltr'><strong>que</strong></span> <span class='ocrx_word' id='word_1_94' title='bbox 827 1403 1008 1454; x_wconf 74' lang='lat' dir='ltr'><strong>Athenienses</strong></span> <span class='ocrx_word' id='word_1_95' title='bbox 1026 1406 1139 1467; x_wconf 81' lang='lat' dir='ltr'><strong>gravius</strong></span> <span class='ocrx_word' id='word_1_96' title='bbox 1155 1410 1303 1464; x_wconf 81' lang='lat' dir='ltr'><strong>moverent,</strong></span> 
     </span>
     <span class='ocr_line' id='line_1_11' title="bbox 95 1467 1302 1538; baseline 0.001 -17"><span class='ocrx_word' id='word_1_97' title='bbox 95 1505 98 1510; x_wconf 90' lang='lat'><em>-</em></span> <span class='ocrx_word' id='word_1_98' title='bbox 164 1472 200 1521; x_wconf 93' lang='lat' dir='ltr'><strong>bo</strong></span> <span class='ocrx_word' id='word_1_99' title='bbox 220 1467 346 1535; x_wconf 76' lang='grc' dir='ltr'><strong><em>νομίζειν</em></strong></span> <span class='ocrx_word' id='word_1_100' title='bbox 364 1470 438 1520; x_wconf 82' lang='lat' dir='ltr'><strong>conl</strong></span> <span class='ocrx_word' id='word_1_101' title='bbox 453 1475 522 1521; x_wconf 87' lang='lat' dir='ltr'><strong>nott.</strong></span> <span class='ocrx_word' id='word_1_102' title='bbox 540 1472 577 1522; x_wconf 90' lang='lat' dir='ltr'><strong>ad</strong></span> <span class='ocrx_word' id='word_1_103' title='bbox 590 1473 643 1534; x_wconf 93' lang='lat' dir='ltr'><strong>IV</strong></span> <span class='ocrx_word' id='word_1_104' title='bbox 659 1472 708 1524; x_wconf 88' lang='grc'><strong>183</strong></span> <span class='ocrx_word' id='word_1_105' title='bbox 760 1488 909 1537; x_wconf 80' lang='lat' dir='ltr'><strong>sumpsisse</strong></span> <span class='ocrx_word' id='word_1_106' title='bbox 923 1488 1068 1522; x_wconf 82' lang='lat' dir='ltr'><strong>maximnm</strong></span> <span class='ocrx_word' id='word_1_107' title='bbox 1072 1488 1139 1538; x_wconf 89' lang='lat' dir='ltr'><strong>qur</strong></span> <span class='ocrx_word' id='word_1_108' title='bbox 1154 1472 1302 1536; x_wconf 80' lang='lat' dir='ltr'><strong>ferebatur</strong></span> 
     </span>
     <span class='ocr_line' id='line_1_12' title="bbox 164 1538 1302 1606; baseline 0.001 -16"><span class='ocrx_word' id='word_1_109' title='bbox 164 1542 209 1593; x_wconf 86' lang='lat' dir='ltr'><strong>fin.</strong></span> <span class='ocrx_word' id='word_1_110' title='bbox 222 1545 250 1591; x_wconf 87' lang='lat' dir='ltr'><strong>et</strong></span> <span class='ocrx_word' id='word_1_111' title='bbox 265 1540 298 1590; x_wconf 90' lang='lat' dir='ltr'><strong>de</strong></span> <span class='ocrx_word' id='word_1_112' title='bbox 312 1538 455 1605; x_wconf 77' lang='lat' dir='ltr'><strong>particulis</strong></span> <span class='ocrx_word' id='word_1_113' title='bbox 471 1554 623 1590; x_wconf 85' lang='grc' dir='ltr'><strong><em>ουτε-τε</em></strong></span> <span class='ocrx_word' id='word_1_114' title='bbox 636 1547 707 1592; x_wconf 86' lang='lat' dir='ltr'><strong>nott</strong></span> <span class='ocrx_word' id='word_1_115' title='bbox 759 1557 901 1591; x_wconf 87' lang='lat' dir='ltr'><strong>numerum</strong></span> <span class='ocrx_word' id='word_1_116' title='bbox 935 1544 1039 1606; x_wconf 64' lang='lat' dir='ltr'><strong>triptota</strong></span> <span class='ocrx_word' id='word_1_117' title='bbox 1067 1544 1155 1592; x_wconf 82' lang='lat' dir='ltr'><strong>mitium</strong></span> <span class='ocrx_word' id='word_1_118' title='bbox 1186 1543 1302 1604; x_wconf 76' lang='lat' dir='ltr'><strong>civium,</strong></span> 
     </span>
    </p>
   </div>
   <div class='ocr_carea' id='block_1_4' title="bbox 163 1605 1302 1677">
    <p class='ocr_par' dir='ltr' id='par_1_4' title="bbox 163 1605 1302 1677">
     <span class='ocr_line' id='line_1_13' title="bbox 163 1605 1302 1677; baseline 0 -16"><span class='ocrx_word' id='word_1_119' title='bbox 163 1610 266 1668; x_wconf 85' lang='lat' dir='ltr'><strong>adVl,</strong></span> <span class='ocrx_word' id='word_1_120' title='bbox 282 1611 306 1659; x_wconf 88' lang='lat'><strong>1.</strong></span> <span class='ocrx_word' id='word_1_121' title='bbox 342 1610 384 1659; x_wconf 81' lang='lat' dir='ltr'><strong>Ad</strong></span> <span class='ocrx_word' id='word_1_122' title='bbox 400 1610 563 1662; x_wconf 83' lang='lat' dir='ltr'><strong>locutionem</strong></span> <span class='ocrx_word' id='word_1_123' title='bbox 581 1605 710 1669; x_wconf 69' lang='grc' dir='ltr'><strong><em>εὐπετέες</em></strong></span> <span class='ocrx_word' id='word_1_124' title='bbox 759 1615 891 1677; x_wconf 87' lang='lat' dir='ltr'><strong>quantum</strong></span> <span class='ocrx_word' id='word_1_125' title='bbox 905 1612 1012 1676; x_wconf 80' lang='lat' dir='ltr'><strong>quidem</strong></span> <span class='ocrx_word' id='word_1_126' title='bbox 1023 1626 1151 1677; x_wconf 88' lang='lat' dir='ltr'><strong>umquam</strong></span> <span class='ocrx_word' id='word_1_127' title='bbox 1163 1613 1302 1662; x_wconf 78' lang='lat' dir='ltr'><strong>exstitisse</strong></span> 
     </span>
    </p>
   </div>
   <div class='ocr_carea' id='block_1_5' title="bbox 154 1647 707 4470">
    <p class='ocr_par' dir='ltr' id='par_1_5' title="bbox 161 1647 707 2372">
     <span class='ocr_line' id='line_1_14' title="bbox 163 1647 707 1747; baseline 0.004 -17"><span class='ocrx_word' id='word_1_128' title='bbox 163 1647 342 1745; x_wconf 74' lang='grc' dir='ltr'><strong><em>χειρωδήναι</em></strong></span> <span class='ocrx_word' id='word_1_129' title='bbox 364 1680 436 1732; x_wconf 79' lang='lat' dir='ltr'><strong>conf.</strong></span> <span class='ocrx_word' id='word_1_130' title='bbox 457 1697 568 1747; x_wconf 86' lang='lat' dir='ltr'><strong>prorsus</strong></span> <span class='ocrx_word' id='word_1_131' title='bbox 598 1682 707 1744; x_wconf 84' lang='lat' dir='ltr'><strong>similia,</strong></span> 
     </span>
     <span class='ocr_line' id='line_1_15' title="bbox 164 1749 706 1816; baseline 0 -15"><span class='ocrx_word' id='word_1_132' title='bbox 164 1766 234 1814; x_wconf 83' lang='lat' dir='ltr'><strong>quae</strong></span> <span class='ocrx_word' id='word_1_133' title='bbox 246 1749 375 1816; x_wconf 79' lang='lat' dir='ltr'><strong>leguntur</strong></span> <span class='ocrx_word' id='word_1_134' title='bbox 387 1750 440 1811; x_wconf 86' lang='grc' dir='ltr'>ΙΙΙ,</span> <span class='ocrx_word' id='word_1_135' title='bbox 456 1751 514 1802; x_wconf 78' lang='lat'>120.</span> <span class='ocrx_word' id='word_1_136' title='bbox 533 1752 581 1801; x_wconf 90' lang='grc'><strong>145</strong></span> <span class='ocrx_word' id='word_1_137' title='bbox 595 1751 654 1803; x_wconf 84' lang='lat' dir='ltr'><strong>coll</strong></span> <span class='ocrx_word' id='word_1_138' title='bbox 670 1752 706 1814; x_wconf 91' lang='grc' dir='ltr'><strong>ΙΙ,</strong></span> 
     </span>
     <span class='ocr_line' id='line_1_16' title="bbox 162 1819 707 1885; baseline 0.004 -16"><span class='ocrx_word' id='word_1_139' title='bbox 162 1821 205 1871; x_wconf 76' lang='lat'><strong>70.</strong></span> <span class='ocrx_word' id='word_1_140' title='bbox 229 1820 272 1869; x_wconf 90' lang='lat' dir='ltr'><strong>De</strong></span> <span class='ocrx_word' id='word_1_141' title='bbox 283 1820 424 1869; x_wconf 88' lang='lat' dir='ltr'><strong>modorum</strong></span> <span class='ocrx_word' id='word_1_142' title='bbox 435 1822 542 1871; x_wconf 87' lang='lat' dir='ltr'><strong>ratione</strong></span> <span class='ocrx_word' id='word_1_143' title='bbox 555 1819 601 1872; x_wconf 84' lang='lat' dir='ltr'><strong>vel</strong></span> <span class='ocrx_word' id='word_1_144' title='bbox 614 1823 707 1885; x_wconf 89' lang='lat' dir='ltr'><strong>potius</strong></span> 
     </span>
     <span class='ocr_line' id='line_1_17' title="bbox 162 1880 704 1970; baseline 0 -31"><span class='ocrx_word' id='word_1_145' title='bbox 162 1888 243 1940; x_wconf 84' lang='lat' dir='ltr'><strong>celeri</strong></span> <span class='ocrx_word' id='word_1_146' title='bbox 255 1905 349 1940; x_wconf 85' lang='lat' dir='ltr'><strong>earum</strong></span> <span class='ocrx_word' id='word_1_147' title='bbox 365 1891 484 1940; x_wconf 86' lang='lat' dir='ltr'><strong>transitu</strong></span> <span class='ocrx_word' id='word_1_148' title='bbox 498 1880 548 1970; x_wconf 82' lang='grc' dir='ltr'><strong><em>(ιδς</em></strong></span> <span class='ocrx_word' id='word_1_149' title='bbox 560 1889 704 1952; x_wconf 68' lang='grc' dir='ltr'><strong><em>νομιζουσι</em></strong></span> 
     </span>
     <span class='ocr_line' id='line_1_18' title="bbox 162 1949 706 2023; baseline 0 -15"><span class='ocrx_word' id='word_1_150' title='bbox 162 1957 325 2023; x_wconf 81' lang='grc' dir='ltr'><strong><em>-εΙησαν,</em></strong></span> <span class='ocrx_word' id='word_1_151' title='bbox 347 1964 375 2008; x_wconf 89' lang='lat' dir='ltr'><strong>et</strong></span> <span class='ocrx_word' id='word_1_152' title='bbox 393 1975 470 2009; x_wconf 83' lang='lat' dir='ltr'><strong>mor</strong></span> <span class='ocrx_word' id='word_1_153' title='bbox 495 1949 575 2016; x_wconf 82' lang='grc' dir='ltr'><strong><em>ιδς-</em></strong></span> <span class='ocrx_word' id='word_1_154' title='bbox 542 1955 640 2009; x_wconf 79' lang='grc' dir='ltr'><strong><em>εἰσὶ</em></strong></span> <span class='ocrx_word' id='word_1_155' title='bbox 657 1955 706 2008; x_wconf 78' lang='grc' dir='ltr'><strong>παλ</strong></span> 
     </span>
     <span class='ocr_line' id='line_1_19' title="bbox 161 2023 704 2093; baseline 0.006 -17"><span class='ocrx_word' id='word_1_156' title='bbox 161 2023 285 2085; x_wconf 82' lang='grc' dir='ltr'><strong><em>οἰκὸς-</em></strong></span> <span class='ocrx_word' id='word_1_157' title='bbox 296 2027 354 2090; x_wconf 72' lang='lat' dir='ltr'><strong>adq)</strong></span> <span class='ocrx_word' id='word_1_158' title='bbox 373 2030 445 2078; x_wconf 83' lang='lat' dir='ltr'><strong>cont</strong></span> <span class='ocrx_word' id='word_1_159' title='bbox 465 2033 534 2079; x_wconf 89' lang='lat' dir='ltr'><strong>nott.</strong></span> <span class='ocrx_word' id='word_1_160' title='bbox 549 2030 584 2079; x_wconf 87' lang='lat' dir='ltr'><strong>ad</strong></span> <span class='ocrx_word' id='word_1_161' title='bbox 603 2032 642 2093; x_wconf 95' lang='lat' dir='ltr'><strong>V,</strong></span> <span class='ocrx_word' id='word_1_162' title='bbox 659 2030 704 2090; x_wconf 86' lang='grc'><strong>13;</strong></span> 
     </span>
     <span class='ocr_line' id='line_1_20' title="bbox 161 2067 704 2163; baseline 0 -15"><span class='ocrx_word' id='word_1_163' title='bbox 161 2100 196 2148; x_wconf 86' lang='lat' dir='ltr'><strong>ad</strong></span> <span class='ocrx_word' id='word_1_164' title='bbox 213 2099 296 2148; x_wconf 87' lang='lat' dir='ltr'><strong>verba</strong></span> <span class='ocrx_word' id='word_1_165' title='bbox 313 2087 439 2146; x_wconf 71' lang='lat' dir='ltr'><strong>orldin‘⁷</strong></span> <span class='ocrx_word' id='word_1_166' title='bbox 422 2113 437 2147; x_wconf 91' lang='lat' dir='ltr'><strong>o</strong></span> <span class='ocrx_word' id='word_1_167' title='bbox 454 2113 480 2146; x_wconf 90' lang='grc' dir='ltr'><strong>τι</strong></span> <span class='ocrx_word' id='word_1_168' title='bbox 499 2087 551 2146; x_wconf 74' lang='grc' dir='ltr'><strong>οὐκ</strong></span> <span class='ocrx_word' id='word_1_169' title='bbox 569 2067 704 2163; x_wconf 79' lang='grc' dir='ltr'><strong><em>ὑπίσχετδ</em></strong></span> 
     </span>
     <span class='ocr_line' id='line_1_21' title="bbox 161 2168 704 2230; baseline -0.002 -12"><span class='ocrx_word' id='word_1_170' title='bbox 161 2168 233 2218; x_wconf 81' lang='lat' dir='ltr'><strong>coni.</strong></span> <span class='ocrx_word' id='word_1_171' title='bbox 256 2173 325 2218; x_wconf 87' lang='lat' dir='ltr'><strong>nott.</strong></span> <span class='ocrx_word' id='word_1_172' title='bbox 343 2168 378 2217; x_wconf 87' lang='lat' dir='ltr'><strong>ad</strong></span> <span class='ocrx_word' id='word_1_173' title='bbox 397 2168 465 2230; x_wconf 93' lang='lat' dir='ltr'>VII,</span> <span class='ocrx_word' id='word_1_174' title='bbox 489 2168 544 2220; x_wconf 77' lang='lat'>145.</span> <span class='ocrx_word' id='word_1_175' title='bbox 587 2170 704 2219; x_wconf 84' lang='lat' dir='ltr'>Verbum</span> 
     </span>
     <span class='ocr_line' id='line_1_22' title="bbox 161 2229 704 2302; baseline 0.007 -16"><span class='ocrx_word' id='word_1_176' title='bbox 161 2229 324 2302; x_wconf 85' lang='grc' dir='ltr'><strong><em>διαβαλλειν</em></strong></span> <span class='ocrx_word' id='word_1_177' title='bbox 346 2239 566 2295; x_wconf 74' lang='lat' dir='ltr'><strong>cirumveniendi.</strong></span> <span class='ocrx_word' id='word_1_178' title='bbox 592 2240 704 2300; x_wconf 78' lang='lat' dir='ltr'><strong>fallendi</strong></span> 
     </span>
     <span class='ocr_line' id='line_1_23' title="bbox 162 2307 582 2372; baseline 0.002 -15"><span class='ocrx_word' id='word_1_179' title='bbox 162 2310 272 2358; x_wconf 88' lang='lat' dir='ltr'><strong>notione</strong></span> <span class='ocrx_word' id='word_1_180' title='bbox 287 2308 430 2372; x_wconf 80' lang='lat' dir='ltr'><strong>attigimus</strong></span> <span class='ocrx_word' id='word_1_181' title='bbox 444 2308 479 2357; x_wconf 85' lang='lat' dir='ltr'><strong>ad</strong></span> <span class='ocrx_word' id='word_1_182' title='bbox 493 2308 528 2371; x_wconf 92' lang='lat' dir='ltr'><strong>V,</strong></span> <span class='ocrx_word' id='word_1_183' title='bbox 539 2307 582 2358; x_wconf 87' lang='grc'><strong>50</strong></span> 
     </span>
    </p>

    <p class='ocr_par' dir='ltr' id='par_1_6' title="bbox 154 2345 703 4470">
     <span class='ocr_line' id='line_1_24' title="bbox 206 2345 703 2465; baseline 0 -39"><span class='ocrx_word' id='word_1_184' title='bbox 206 2392 282 2465; x_wconf 68' lang='lat' dir='ltr'><strong>rpus</strong></span> <span class='ocrx_word' id='word_1_185' title='bbox 312 2373 344 2426; x_wconf 78' lang='grc' dir='ltr'><strong>δὲ</strong></span> <span class='ocrx_word' id='word_1_186' title='bbox 374 2345 528 2438; x_wconf 77' lang='grc' dir='ltr'><strong><em>μυριάδας</em></strong></span> <span class='ocrx_word' id='word_1_187' title='bbox 541 2368 703 2440; x_wconf 77' lang='grc' dir='ltr'><strong><em>Ἀθηναίων</em></strong></span> 
     </span>
     <span class='ocr_line' id='line_1_25' title="bbox 160 2437 703 2511; baseline 0 -15"><span class='ocrx_word' id='word_1_188' title='bbox 160 2437 276 2511; x_wconf 80' lang='grc' dir='ltr'><strong><em>ἔποιησε</em></strong></span> <span class='ocrx_word' id='word_1_189' title='bbox 287 2444 384 2511; x_wconf 81' lang='grc' dir='ltr'><strong><em>τοῦτο]</em></strong></span> <span class='ocrx_word' id='word_1_190' title='bbox 403 2447 483 2496; x_wconf 85' lang='lat' dir='ltr'><strong>Hune</strong></span> <span class='ocrx_word' id='word_1_191' title='bbox 495 2462 634 2496; x_wconf 88' lang='lat' dir='ltr'><strong>numerum</strong></span> <span class='ocrx_word' id='word_1_192' title='bbox 648 2453 703 2497; x_wconf 89' lang='lat' dir='ltr'><strong>ter·</strong></span> 
     </span>
     <span class='ocr_line' id='line_1_26' title="bbox 161 2515 701 2581; baseline 0 -14"><span class='ocrx_word' id='word_1_193' title='bbox 161 2519 201 2568; x_wconf 78' lang='lat' dir='ltr'><strong>tia</strong></span> <span class='ocrx_word' id='word_1_194' title='bbox 217 2521 295 2581; x_wconf 88' lang='lat' dir='ltr'><strong>parte</strong></span> <span class='ocrx_word' id='word_1_195' title='bbox 310 2521 421 2567; x_wconf 85' lang='lat' dir='ltr'><strong>auctum</strong></span> <span class='ocrx_word' id='word_1_196' title='bbox 435 2516 518 2566; x_wconf 89' lang='lat' dir='ltr'><strong>habet</strong></span> <span class='ocrx_word' id='word_1_197' title='bbox 534 2515 701 2571; x_wconf 86' lang='lat' dir='ltr'><strong>Dahlmann</strong></span> 
     </span>
     <span class='ocr_line' id='line_1_27' title="bbox 158 2588 701 2653; baseline -0.002 -16"><span class='ocrx_word' id='word_1_198' title='bbox 158 2589 259 2639; x_wconf 85' lang='lat' dir='ltr'><strong>Herod.</strong></span> <span class='ocrx_word' id='word_1_199' title='bbox 274 2603 337 2653; x_wconf 77' lang='lat' dir='ltr'><strong>pag.</strong></span> <span class='ocrx_word' id='word_1_200' title='bbox 349 2588 396 2650; x_wconf 86' lang='grc'><strong>58,</strong></span> <span class='ocrx_word' id='word_1_201' title='bbox 413 2603 574 2652; x_wconf 82' lang='lat' dir='ltr'><strong>quamquam</strong></span> <span class='ocrx_word' id='word_1_202' title='bbox 589 2588 639 2637; x_wconf 87' lang='lat' dir='ltr'><strong>hoc</strong></span> <span class='ocrx_word' id='word_1_203' title='bbox 653 2589 701 2637; x_wconf 91' lang='lat' dir='ltr'><strong>mi-</strong></span> 
     </span>
     <span class='ocr_line' id='line_1_28' title="bbox 159 2657 700 2721; baseline 0 -14"><span class='ocrx_word' id='word_1_204' title='bbox 159 2660 228 2709; x_wconf 88' lang='lat' dir='ltr'><strong>nime</strong></span> <span class='ocrx_word' id='word_1_205' title='bbox 238 2657 375 2707; x_wconf 74' lang='lat' dir='ltr'><strong>Herodoti</strong></span> <span class='ocrx_word' id='word_1_206' title='bbox 388 2657 467 2721; x_wconf 75' lang='lat' dir='ltr'><strong>eulpa</strong></span> <span class='ocrx_word' id='word_1_207' title='bbox 479 2657 582 2707; x_wconf 80' lang='lat' dir='ltr'><strong>laetum</strong></span> <span class='ocrx_word' id='word_1_208' title='bbox 598 2664 700 2720; x_wconf 81' lang='lat' dir='ltr'><strong>censet,</strong></span> 
     </span>
     <span class='ocr_line' id='line_1_29' title="bbox 160 2725 702 2792; baseline -0.002 -14"><span class='ocrx_word' id='word_1_209' title='bbox 160 2729 206 2779; x_wconf 84' lang='lat' dir='ltr'><strong>sed</strong></span> <span class='ocrx_word' id='word_1_210' title='bbox 225 2743 333 2789; x_wconf 89' lang='lat' dir='ltr'><strong>eorum,</strong></span> <span class='ocrx_word' id='word_1_211' title='bbox 357 2743 425 2792; x_wconf 86' lang='lat' dir='ltr'><strong>qnos</strong></span> <span class='ocrx_word' id='word_1_212' title='bbox 445 2725 489 2777; x_wconf 91' lang='lat' dir='ltr'><strong>ille</strong></span> <span class='ocrx_word' id='word_1_213' title='bbox 508 2728 622 2791; x_wconf 84' lang='lat' dir='ltr'><strong>adierit,</strong></span> <span class='ocrx_word' id='word_1_214' title='bbox 644 2728 702 2778; x_wconf 90' lang='lat' dir='ltr'><strong>vul-</strong></span> 
     </span>
     <span class='ocr_line' id='line_1_30' title="bbox 158 2798 702 2863; baseline 0 -16"><span class='ocrx_word' id='word_1_215' title='bbox 158 2814 250 2863; x_wconf 80' lang='lat' dir='ltr'><strong>garem</strong></span> <span class='ocrx_word' id='word_1_216' title='bbox 264 2798 365 2847; x_wconf 82' lang='lat' dir='ltr'><strong>lamam</strong></span> <span class='ocrx_word' id='word_1_217' title='bbox 379 2812 484 2861; x_wconf 84' lang='lat' dir='ltr'><strong>semper</strong></span> <span class='ocrx_word' id='word_1_218' title='bbox 495 2802 613 2848; x_wconf 83' lang='lat' dir='ltr'><strong>secutus.</strong></span> <span class='ocrx_word' id='word_1_219' title='bbox 630 2800 702 2848; x_wconf 90' lang='lat' dir='ltr'><strong>Nam</strong></span> 
     </span>
     <span class='ocr_line' id='line_1_31' title="bbox 158 2866 703 2933; baseline 0.002 -17"><span class='ocrx_word' id='word_1_220' title='bbox 158 2867 316 2933; x_wconf 88' lang='lat' dir='ltr'><strong>plerumque</strong></span> <span class='ocrx_word' id='word_1_221' title='bbox 339 2866 373 2915; x_wconf 92' lang='lat' dir='ltr'><strong>oh</strong></span> <span class='ocrx_word' id='word_1_222' title='bbox 399 2872 520 2917; x_wconf 87' lang='lat' dir='ltr'><strong>veterum</strong></span> <span class='ocrx_word' id='word_1_223' title='bbox 545 2869 703 2917; x_wconf 83' lang='lat' dir='ltr'><strong>testimonia</strong></span> 
     </span>
     <span class='ocr_line' id='line_1_32' title="bbox 159 2934 700 3001; baseline 0 -14"><span class='ocrx_word' id='word_1_224' title='bbox 159 2937 292 3001; x_wconf 82' lang='lat' dir='ltr'><strong>quaedam</strong></span> <span class='ocrx_word' id='word_1_225' title='bbox 308 2934 377 3000; x_wconf 86' lang='lat' dir='ltr'><strong>(vid.</strong></span> <span class='ocrx_word' id='word_1_226' title='bbox 389 2937 489 2986; x_wconf 88' lang='lat' dir='ltr'><strong>Meurs.</strong></span> <span class='ocrx_word' id='word_1_227' title='bbox 501 2938 592 2989; x_wconf 88' lang='lat' dir='ltr'><strong>Leett.</strong></span> <span class='ocrx_word' id='word_1_228' title='bbox 607 2938 664 2987; x_wconf 83' lang='lat' dir='ltr'><strong>Att.</strong></span> <span class='ocrx_word' id='word_1_229' title='bbox 677 2938 700 3000; x_wconf 90' lang='lat' dir='ltr'><strong>I,</strong></span> 
     </span>
     <span class='ocr_line' id='line_1_33' title="bbox 162 3006 700 3058; baseline -0.002 0"><span class='ocrx_word' id='word_1_230' title='bbox 162 3009 184 3058; x_wconf 96' lang='grc'><strong>1.</strong></span> <span class='ocrx_word' id='word_1_231' title='bbox 208 3009 286 3056; x_wconf 85' lang='lat' dir='ltr'><strong>Fert.</strong></span> <span class='ocrx_word' id='word_1_232' title='bbox 307 3006 390 3056; x_wconf 85' lang='lat' dir='ltr'><strong>Attio.</strong></span> <span class='ocrx_word' id='word_1_233' title='bbox 411 3008 436 3055; x_wconf 91' lang='grc'><strong>4.</strong></span> <span class='ocrx_word' id='word_1_234' title='bbox 470 3010 594 3057; x_wconf 87' lang='lat' dir='ltr'><strong>hluseum</strong></span> <span class='ocrx_word' id='word_1_235' title='bbox 613 3008 700 3057; x_wconf 81' lang='lat' dir='ltr'><strong>critic.</strong></span> 
     </span>
     <span class='ocr_line' id='line_1_34' title="bbox 159 3075 700 3141; baseline -0.004 -14"><span class='ocrx_word' id='word_1_236' title='bbox 159 3077 318 3141; x_wconf 73' lang='lat' dir='ltr'><strong>cantabrig.</strong></span> <span class='ocrx_word' id='word_1_237' title='bbox 332 3076 354 3126; x_wconf 90' lang='lat'><strong>1.</strong></span> <span class='ocrx_word' id='word_1_238' title='bbox 371 3091 434 3140; x_wconf 82' lang='lat' dir='ltr'><strong>pag.</strong></span> <span class='ocrx_word' id='word_1_239' title='bbox 446 3075 506 3127; x_wconf 87' lang='grc'><strong>541.</strong></span> <span class='ocrx_word' id='word_1_240' title='bbox 516 3076 553 3130; x_wconf 91' lang='grc' dir='ltr'><strong>ΙΙ,</strong></span> <span class='ocrx_word' id='word_1_241' title='bbox 562 3092 623 3141; x_wconf 81' lang='lat' dir='ltr'><strong>pag.</strong></span> <span class='ocrx_word' id='word_1_242' title='bbox 637 3076 700 3139; x_wconf 81' lang='grc'><strong>215)</strong></span> 
     </span>
     <span class='ocr_line' id='line_1_35' title="bbox 159 3144 700 3211; baseline 0.002 -15"><span class='ocrx_word' id='word_1_243' title='bbox 159 3149 244 3211; x_wconf 77' lang='grc' dir='ltr'><strong><em>οἰμίηιι·</em></strong></span> <span class='ocrx_word' id='word_1_244' title='bbox 253 3148 321 3196; x_wconf 85' lang='lat' dir='ltr'><strong>milia</strong></span> <span class='ocrx_word' id='word_1_245' title='bbox 333 3144 420 3207; x_wconf 74' lang='lat' dir='ltr'><strong>luisse</strong></span> <span class='ocrx_word' id='word_1_246' title='bbox 434 3145 534 3195; x_wconf 83' lang='lat' dir='ltr'><strong>civium</strong></span> <span class='ocrx_word' id='word_1_247' title='bbox 548 3146 700 3197; x_wconf 83' lang='lat' dir='ltr'><strong>Atticorum</strong></span> 
     </span>
     <span class='ocr_line' id='line_1_36' title="bbox 158 3213 701 3281; baseline -0.002 -15"><span class='ocrx_word' id='word_1_248' title='bbox 158 3221 282 3274; x_wconf 68' lang='lat' dir='ltr'><strong>sumunt,</strong></span> <span class='ocrx_word' id='word_1_249' title='bbox 301 3215 373 3265; x_wconf 90' lang='lat' dir='ltr'><strong>unde</strong></span> <span class='ocrx_word' id='word_1_250' title='bbox 385 3213 429 3266; x_wconf 86' lang='lat' dir='ltr'><strong>vel</strong></span> <span class='ocrx_word' id='word_1_251' title='bbox 440 3215 637 3278; x_wconf 83' lang='lat' dir='ltr'><strong>Valckenario,</strong></span> <span class='ocrx_word' id='word_1_252' title='bbox 655 3217 701 3281; x_wconf 90' lang='lat' dir='ltr'><strong>qui</strong></span> 
     </span>
     <span class='ocr_line' id='line_1_37' title="bbox 159 3283 701 3347; baseline 0 -12"><span class='ocrx_word' id='word_1_253' title='bbox 159 3287 193 3335; x_wconf 80' lang='lat' dir='ltr'><strong>ab</strong></span> <span class='ocrx_word' id='word_1_254' title='bbox 201 3283 344 3337; x_wconf 86' lang='lat' dir='ltr'><strong>Herodoto</strong></span> <span class='ocrx_word' id='word_1_255' title='bbox 358 3285 493 3334; x_wconf 81' lang='lat' dir='ltr'><strong>indicatur</strong></span> <span class='ocrx_word' id='word_1_256' title='bbox 506 3301 642 3347; x_wconf 84' lang='lat' dir='ltr'><strong>numerus,</strong></span> <span class='ocrx_word' id='word_1_257' title='bbox 656 3301 701 3335; x_wconf 89' lang='lat' dir='ltr'><strong>au-</strong></span> 
     </span>
     <span class='ocr_line' id='line_1_38' title="bbox 159 3355 699 3422; baseline -0.002 -17"><span class='ocrx_word' id='word_1_258' title='bbox 159 3372 207 3422; x_wconf 88' lang='lat' dir='ltr'><strong>pra</strong></span> <span class='ocrx_word' id='word_1_259' title='bbox 229 3355 340 3405; x_wconf 88' lang='lat' dir='ltr'><strong>modum</strong></span> <span class='ocrx_word' id='word_1_260' title='bbox 368 3360 466 3405; x_wconf 86' lang='lat' dir='ltr'><strong>anetus</strong></span> <span class='ocrx_word' id='word_1_261' title='bbox 489 3355 606 3409; x_wconf 80' lang='lat' dir='ltr'><strong>videtur.</strong></span> <span class='ocrx_word' id='word_1_262' title='bbox 645 3356 699 3405; x_wconf 85' lang='lat' dir='ltr'><strong>Ne-</strong></span> 
     </span>
     <span class='ocr_line' id='line_1_39' title="bbox 159 3425 701 3492; baseline -0.006 -16"><span class='ocrx_word' id='word_1_263' title='bbox 159 3442 208 3492; x_wconf 85' lang='lat' dir='ltr'><strong>que</strong></span> <span class='ocrx_word' id='word_1_264' title='bbox 225 3431 318 3475; x_wconf 89' lang='lat' dir='ltr'><strong>tamen</strong></span> <span class='ocrx_word' id='word_1_265' title='bbox 336 3425 364 3474; x_wconf 90' lang='lat' dir='ltr'><strong>in</strong></span> <span class='ocrx_word' id='word_1_266' title='bbox 381 3430 457 3474; x_wconf 77' lang='lat' dir='ltr'><strong>textu</strong></span> <span class='ocrx_word' id='word_1_267' title='bbox 476 3425 624 3489; x_wconf 84' lang='lat' dir='ltr'><strong>quidquem</strong></span> <span class='ocrx_word' id='word_1_268' title='bbox 640 3440 701 3475; x_wconf 83' lang='lat' dir='ltr'><strong>esse</strong></span> 
     </span>
     <span class='ocr_line' id='line_1_40' title="bbox 157 3494 700 3560; baseline -0.006 -15"><span class='ocrx_word' id='word_1_269' title='bbox 157 3495 330 3555; x_wconf 83' lang='lat' dir='ltr'><strong>mutandum,</strong></span> <span class='ocrx_word' id='word_1_270' title='bbox 352 3500 461 3560; x_wconf 87' lang='lat' dir='ltr'><strong>praeter</strong></span> <span class='ocrx_word' id='word_1_271' title='bbox 480 3497 600 3558; x_wconf 83' lang='lat' dir='ltr'><strong>ipsorum</strong></span> <span class='ocrx_word' id='word_1_272' title='bbox 620 3494 700 3544; x_wconf 82' lang='lat' dir='ltr'><strong>codd.</strong></span> 
     </span>
     <span class='ocr_line' id='line_1_41' title="bbox 156 3564 703 3627; baseline -0.004 -13"><span class='ocrx_word' id='word_1_273' title='bbox 156 3566 350 3617; x_wconf 81' lang='lat' dir='ltr'><strong>auctoritatem</strong></span> <span class='ocrx_word' id='word_1_274' title='bbox 358 3564 400 3614; x_wconf 87' lang='lat' dir='ltr'><strong>vel</strong></span> <span class='ocrx_word' id='word_1_275' title='bbox 410 3564 601 3627; x_wconf 85' lang='lat' dir='ltr'><strong>Aristophanis</strong></span> <span class='ocrx_word' id='word_1_276' title='bbox 611 3569 703 3613; x_wconf 86' lang='lat' dir='ltr'><strong>osten-</strong></span> 
     </span>
     <span class='ocr_line' id='line_1_42' title="bbox 155 3633 700 3685; baseline 0 -2"><span class='ocrx_word' id='word_1_277' title='bbox 155 3636 196 3685; x_wconf 87' lang='lat' dir='ltr'><strong>dit</strong></span> <span class='ocrx_word' id='word_1_278' title='bbox 215 3636 292 3685; x_wconf 84' lang='lat' dir='ltr'><strong>locus</strong></span> <span class='ocrx_word' id='word_1_279' title='bbox 311 3636 339 3682; x_wconf 89' lang='lat' dir='ltr'><strong>in</strong></span> <span class='ocrx_word' id='word_1_280' title='bbox 357 3633 506 3684; x_wconf 68' lang='lat' dir='ltr'><strong>Ecclesiae.</strong></span> <span class='ocrx_word' id='word_1_281' title='bbox 523 3635 587 3684; x_wconf 86' lang='grc'><strong>1124</strong></span> <span class='ocrx_word' id='word_1_282' title='bbox 601 3634 636 3683; x_wconf 84' lang='lat' dir='ltr'><strong>ab</strong></span> <span class='ocrx_word' id='word_1_283' title='bbox 656 3650 700 3683; x_wconf 90' lang='lat' dir='ltr'><strong>eo·</strong></span> 
     </span>
     <span class='ocr_line' id='line_1_43' title="bbox 155 3702 700 3767; baseline -0.006 -12"><span class='ocrx_word' id='word_1_284' title='bbox 155 3706 214 3755; x_wconf 87' lang='lat' dir='ltr'><strong>dem</strong></span> <span class='ocrx_word' id='word_1_285' title='bbox 225 3703 359 3754; x_wconf 84' lang='lat' dir='ltr'><strong>Valcken.</strong></span> <span class='ocrx_word' id='word_1_286' title='bbox 370 3704 438 3753; x_wconf 84' lang='lat' dir='ltr'><strong>bene</strong></span> <span class='ocrx_word' id='word_1_287' title='bbox 450 3702 558 3767; x_wconf 81' lang='lat' dir='ltr'><strong>allatus,</strong></span> <span class='ocrx_word' id='word_1_288' title='bbox 572 3704 618 3752; x_wconf 89' lang='lat' dir='ltr'><strong>ubi</strong></span> <span class='ocrx_word' id='word_1_289' title='bbox 630 3702 700 3752; x_wconf 90' lang='lat' dir='ltr'><strong>idem</strong></span> 
     </span>
     <span class='ocr_line' id='line_1_44' title="bbox 154 3770 700 3838; baseline -0.005 -14"><span class='ocrx_word' id='word_1_290' title='bbox 154 3790 283 3826; x_wconf 88' lang='lat' dir='ltr'><strong>numerus</strong></span> <span class='ocrx_word' id='word_1_291' title='bbox 300 3774 399 3822; x_wconf 81' lang='lat' dir='ltr'><strong>civium</strong></span> <span class='ocrx_word' id='word_1_292' title='bbox 420 3773 538 3822; x_wconf 86' lang='lat' dir='ltr'><strong>traditur</strong></span> <span class='ocrx_word' id='word_1_293' title='bbox 564 3770 700 3838; x_wconf 73' lang='grc' dir='ltr'><strong><em>(πολιτῶν</em></strong></span> 
     </span>
     <span class='ocr_line' id='line_1_45' title="bbox 155 3831 698 3907; baseline 0 -14"><span class='ocrx_word' id='word_1_294' title='bbox 155 3844 255 3893; x_wconf 83' lang='grc' dir='ltr'><strong><em>πλεῖον</em></strong></span> <span class='ocrx_word' id='word_1_295' title='bbox 274 3831 294 3906; x_wconf 75' lang='grc' dir='ltr'><em>ἢ</em></span> <span class='ocrx_word' id='word_1_296' title='bbox 311 3839 484 3907; x_wconf 70' lang='grc' dir='ltr'><strong><em>τρισμυρίων</em></strong></span> <span class='ocrx_word' id='word_1_297' title='bbox 499 3833 614 3906; x_wconf 81' lang='grc' dir='ltr'><strong><em>ὄντων).</em></strong></span> <span class='ocrx_word' id='word_1_298' title='bbox 643 3844 698 3893; x_wconf 86' lang='lat' dir='ltr'><strong>No·</strong></span> 
     </span>
     <span class='ocr_line' id='line_1_46' title="bbox 155 3911 698 3978; baseline -0.004 -14"><span class='ocrx_word' id='word_1_299' title='bbox 155 3919 212 3965; x_wconf 83' lang='lat' dir='ltr'><strong>stra</strong></span> <span class='ocrx_word' id='word_1_300' title='bbox 224 3917 318 3964; x_wconf 83' lang='lat' dir='ltr'><strong>aetate</strong></span> <span class='ocrx_word' id='word_1_301' title='bbox 329 3913 486 3962; x_wconf 78' lang='lat' dir='ltr'><strong>accuratius</strong></span> <span class='ocrx_word' id='word_1_302' title='bbox 495 3914 524 3961; x_wconf 90' lang='lat' dir='ltr'><strong>in</strong></span> <span class='ocrx_word' id='word_1_303' title='bbox 532 3911 601 3962; x_wconf 85' lang='lat' dir='ltr'><strong>baec</strong></span> <span class='ocrx_word' id='word_1_304' title='bbox 610 3914 698 3978; x_wconf 88' lang='lat' dir='ltr'><strong>inqui-</strong></span> 
     </span>
     <span class='ocr_line' id='line_1_47' title="bbox 155 3981 699 4047; baseline -0.007 -13"><span class='ocrx_word' id='word_1_305' title='bbox 155 3985 221 4034; x_wconf 82' lang='lat' dir='ltr'><strong>sivit</strong></span> <span class='ocrx_word' id='word_1_306' title='bbox 240 3982 366 4034; x_wconf 88' lang='lat' dir='ltr'><strong>Boeekh:</strong></span> <span class='ocrx_word' id='word_1_307' title='bbox 392 3981 625 4032; x_wconf 79' lang='lat' dir='ltr'><strong>Staatshauslralt.</strong></span> <span class='ocrx_word' id='word_1_308' title='bbox 646 3983 699 4047; x_wconf 52' lang='lat' dir='ltr'><strong>,der</strong></span> 
     </span>
     <span class='ocr_line' id='line_1_48' title="bbox 155 4050 699 4118; baseline -0.002 -15"><span class='ocrx_word' id='word_1_309' title='bbox 155 4054 253 4104; x_wconf 82' lang='lat' dir='ltr'><strong>Athen.</strong></span> <span class='ocrx_word' id='word_1_310' title='bbox 268 4055 292 4103; x_wconf 94' lang='grc' dir='ltr'>Ι.</span> <span class='ocrx_word' id='word_1_311' title='bbox 307 4067 371 4117; x_wconf 77' lang='lat' dir='ltr'><strong>pag.</strong></span> <span class='ocrx_word' id='word_1_312' title='bbox 388 4050 422 4101; x_wconf 84' lang='grc'><strong>35</strong></span> <span class='ocrx_word' id='word_1_313' title='bbox 437 4068 512 4117; x_wconf 84' lang='lat' dir='ltr'><strong>seqq.</strong></span> <span class='ocrx_word' id='word_1_314' title='bbox 532 4050 565 4115; x_wconf 89' lang='lat' dir='ltr'><strong>(s.</strong></span> <span class='ocrx_word' id='word_1_315' title='bbox 584 4068 647 4118; x_wconf 82' lang='lat' dir='ltr'><strong>pag.</strong></span> <span class='ocrx_word' id='word_1_316' title='bbox 665 4052 699 4102; x_wconf 84' lang='grc'><strong>50</strong></span> 
     </span>
     <span class='ocr_line' id='line_1_49' title="bbox 156 4122 698 4189; baseline -0.006 -15"><span class='ocrx_word' id='word_1_317' title='bbox 156 4124 198 4174; x_wconf 86' lang='lat' dir='ltr'><strong>ed.</strong></span> <span class='ocrx_word' id='word_1_318' title='bbox 211 4122 296 4189; x_wconf 73' lang='lat' dir='ltr'><strong>see),</strong></span> <span class='ocrx_word' id='word_1_319' title='bbox 312 4123 392 4172; x_wconf 82' lang='lat' dir='ltr'><strong>varia</strong></span> <span class='ocrx_word' id='word_1_320' title='bbox 404 4126 527 4171; x_wconf 84' lang='lat' dir='ltr'><strong>veterum</strong></span> <span class='ocrx_word' id='word_1_321' title='bbox 541 4124 698 4173; x_wconf 86' lang='lat' dir='ltr'><strong>testimonia</strong></span> 
     </span>
     <span class='ocr_line' id='line_1_50' title="bbox 155 4193 700 4253; baseline -0.004 -10"><span class='ocrx_word' id='word_1_322' title='bbox 155 4195 301 4245; x_wconf 82' lang='lat' dir='ltr'><strong>desirium</strong></span> <span class='ocrx_word' id='word_1_323' title='bbox 314 4193 470 4242; x_wconf 87' lang='lat' dir='ltr'><strong>Atticorum</strong></span> <span class='ocrx_word' id='word_1_324' title='bbox 482 4207 592 4253; x_wconf 84' lang='lat' dir='ltr'><strong>numero</strong></span> <span class='ocrx_word' id='word_1_325' title='bbox 605 4207 700 4243; x_wconf 85' lang='lat' dir='ltr'><strong>seeun-</strong></span> 
     </span>
     <span class='ocr_line' id='line_1_51' title="bbox 157 4261 700 4328; baseline -0.002 -15"><span class='ocrx_word' id='word_1_326' title='bbox 157 4264 217 4313; x_wconf 85' lang='lat' dir='ltr'><strong>dum</strong></span> <span class='ocrx_word' id='word_1_327' title='bbox 228 4263 360 4328; x_wconf 83' lang='lat' dir='ltr'><strong>temporie</strong></span> <span class='ocrx_word' id='word_1_328' title='bbox 370 4262 492 4312; x_wconf 88' lang='lat' dir='ltr'><strong>rationes</strong></span> <span class='ocrx_word' id='word_1_329' title='bbox 502 4261 649 4327; x_wconf 82' lang='lat' dir='ltr'><strong>disponens</strong></span> <span class='ocrx_word' id='word_1_330' title='bbox 660 4279 700 4313; x_wconf 86' lang='lat' dir='ltr'><strong>re-</strong></span> 
     </span>
     <span class='ocr_line' id='line_1_52' title="bbox 157 4331 699 4398; baseline -0.006 -15"><span class='ocrx_word' id='word_1_331' title='bbox 157 4339 254 4398; x_wconf 87' lang='lat' dir='ltr'><strong>cteqne</strong></span> <span class='ocrx_word' id='word_1_332' title='bbox 274 4348 401 4392; x_wconf 84' lang='lat' dir='ltr'><strong>monens,</strong></span> <span class='ocrx_word' id='word_1_333' title='bbox 423 4333 495 4396; x_wconf 89' lang='lat' dir='ltr'><strong>quod</strong></span> <span class='ocrx_word' id='word_1_334' title='bbox 513 4331 545 4381; x_wconf 87' lang='lat' dir='ltr'><strong>ad</strong></span> <span class='ocrx_word' id='word_1_335' title='bbox 565 4332 699 4383; x_wconf 79' lang='lat' dir='ltr'><strong>Herodoti</strong></span> 
     </span>
     <span class='ocr_line' id='line_1_53' title="bbox 156 4402 699 4470; baseline 0.002 -18"><span class='ocrx_word' id='word_1_336' title='bbox 156 4402 242 4456; x_wconf 80' lang='lat' dir='ltr'><strong>locum</strong></span> <span class='ocrx_word' id='word_1_337' title='bbox 260 4404 397 4470; x_wconf 84' lang='lat' dir='ltr'><strong>pertinet,</strong></span> <span class='ocrx_word' id='word_1_338' title='bbox 420 4402 625 4469; x_wconf 81' lang='lat' dir='ltr'><strong>Aristagoram,</strong></span> <span class='ocrx_word' id='word_1_339' title='bbox 646 4418 699 4469; x_wconf 89' lang='lat' dir='ltr'><strong>quo</strong></span> 
     </span>
    </p>
   </div>
   <div class='ocr_carea' id='block_1_6' title="bbox 748 1680 1380 4470">
    <p class='ocr_par' dir='ltr' id='par_1_7' title="bbox 750 1680 1380 3767">
     <span class='ocr_line' id='line_1_54' title="bbox 758 1680 1302 1732; baseline -0.002 0"><span class='ocrx_word' id='word_1_340' title='bbox 758 1682 802 1732; x_wconf 83' lang='lat' dir='ltr'><strong>rel</strong></span> <span class='ocrx_word' id='word_1_341' title='bbox 827 1682 943 1732; x_wconf 82' lang='lat' dir='ltr'><strong>maxime</strong></span> <span class='ocrx_word' id='word_1_342' title='bbox 970 1682 1130 1732; x_wconf 83' lang='lat' dir='ltr'><strong>florentibus</strong></span> <span class='ocrx_word' id='word_1_343' title='bbox 1156 1680 1302 1732; x_wconf 83' lang='lat' dir='ltr'><strong>Athenien·</strong></span> 
     </span>
     <span class='ocr_line' id='line_1_55' title="bbox 758 1750 1302 1815; baseline 0.004 -16"><span class='ocrx_word' id='word_1_344' title='bbox 758 1752 828 1801; x_wconf 88' lang='lat' dir='ltr'><strong>sium</strong></span> <span class='ocrx_word' id='word_1_345' title='bbox 839 1752 920 1801; x_wconf 85' lang='lat' dir='ltr'><strong>rebus</strong></span> <span class='ocrx_word' id='word_1_346' title='bbox 931 1751 977 1800; x_wconf 81' lang='lat' dir='ltr'><strong>rix</strong></span> <span class='ocrx_word' id='word_1_347' title='bbox 989 1750 1127 1813; x_wconf 76' lang='lat' dir='ltr'><strong>credibile,</strong></span> <span class='ocrx_word' id='word_1_348' title='bbox 1140 1766 1211 1815; x_wconf 85' lang='lat' dir='ltr'><strong>oum,</strong></span> <span class='ocrx_word' id='word_1_349' title='bbox 1222 1768 1302 1802; x_wconf 83' lang='lat' dir='ltr'><strong>aecu-</strong></span> 
     </span>
     <span class='ocr_line' id='line_1_56' title="bbox 757 1789 1300 1872; baseline 0.004 -3"><span class='ocrx_word' id='word_1_350' title='bbox 757 1821 861 1871; x_wconf 90' lang='lat' dir='ltr'><strong>ratiora</strong></span> <span class='ocrx_word' id='word_1_351' title='bbox 872 1826 994 1872; x_wconf 82' lang='lat' dir='ltr'><strong>veterum</strong></span> <span class='ocrx_word' id='word_1_352' title='bbox 1007 1820 1040 1870; x_wconf 89' lang='lat' dir='ltr'><strong>de</strong></span> <span class='ocrx_word' id='word_1_353' title='bbox 1053 1821 1095 1871; x_wconf 87' lang='lat' dir='ltr'><strong>his</strong></span> <span class='ocrx_word' id='word_1_354' title='bbox 1107 1789 1298 1871; x_wconf 71' lang='lat' dir='ltr'><strong>testimlmia&#39;</strong></span> <span class='ocrx_word' id='word_1_355' title='bbox 1276 1839 1300 1871; x_wconf 86' lang='grc' dir='ltr'><strong><em>ει</em></strong></span> 
     </span>
     <span class='ocr_line' id='line_1_57' title="bbox 756 1890 1302 1956; baseline 0.005 -18"><span class='ocrx_word' id='word_1_356' title='bbox 756 1891 952 1954; x_wconf 81' lang='lat' dir='ltr'><strong>respiciamus,</strong></span> <span class='ocrx_word' id='word_1_357' title='bbox 976 1890 1068 1940; x_wconf 87' lang='lat' dir='ltr'><strong>inille</strong></span> <span class='ocrx_word' id='word_1_358' title='bbox 1086 1906 1197 1940; x_wconf 89' lang='lat' dir='ltr'><strong>numero</strong></span> <span class='ocrx_word' id='word_1_359' title='bbox 1215 1893 1302 1956; x_wconf 78' lang='grc' dir='ltr'><strong><em>υἰμίνιί</em></strong></span> 
     </span>
     <span class='ocr_line' id='line_1_58' title="bbox 755 1960 1300 2025; baseline 0.002 -16"><span class='ocrx_word' id='word_1_360' title='bbox 755 1963 844 2011; x_wconf 68' lang='lat' dir='ltr'><strong>militam</strong></span> <span class='ocrx_word' id='word_1_361' title='bbox 851 1962 951 2011; x_wconf 84' lang='lat' dir='ltr'><strong>uirium</strong></span> <span class='ocrx_word' id='word_1_362' title='bbox 961 1960 1186 2025; x_wconf 82' lang='lat' dir='ltr'><strong>acquiescendum</strong></span> <span class='ocrx_word' id='word_1_363' title='bbox 1195 1976 1254 2010; x_wconf 86' lang='lat' dir='ltr'><strong>esse</strong></span> <span class='ocrx_word' id='word_1_364' title='bbox 1263 1962 1300 2010; x_wconf 84' lang='lat' dir='ltr'><strong>ri·</strong></span> 
     </span>
     <span class='ocr_line' id='line_1_59' title="bbox 756 2030 1298 2096; baseline 0.006 -19"><span class='ocrx_word' id='word_1_365' title='bbox 756 2030 863 2084; x_wconf 81' lang='lat' dir='ltr'><strong>deutur.</strong></span> <span class='ocrx_word' id='word_1_366' title='bbox 889 2031 969 2081; x_wconf 89' lang='lat' dir='ltr'><strong>Unde</strong></span> <span class='ocrx_word' id='word_1_367' title='bbox 981 2046 1051 2096; x_wconf 88' lang='lat' dir='ltr'><strong>quae</strong></span> <span class='ocrx_word' id='word_1_368' title='bbox 1062 2030 1180 2080; x_wconf 88' lang='lat' dir='ltr'><strong>omnium</strong></span> <span class='ocrx_word' id='word_1_369' title='bbox 1189 2031 1298 2081; x_wconf 83' lang='lat' dir='ltr'><strong>Atticae</strong></span> 
     </span>
     <span class='ocr_line' id='line_1_60' title="bbox 754 2099 1299 2165; baseline 0.006 -17"><span class='ocrx_word' id='word_1_370' title='bbox 754 2100 905 2150; x_wconf 84' lang='lat' dir='ltr'><strong>incolarum</strong></span> <span class='ocrx_word' id='word_1_371' title='bbox 916 2099 997 2150; x_wconf 87' lang='lat' dir='ltr'><strong>fuerit</strong></span> <span class='ocrx_word' id='word_1_372' title='bbox 1007 2100 1102 2165; x_wconf 87' lang='lat' dir='ltr'><strong>copia,</strong></span> <span class='ocrx_word' id='word_1_373' title='bbox 1118 2099 1299 2164; x_wconf 86' lang='lat' dir='ltr'><strong>probabiliter</strong></span> 
     </span>
     <span class='ocr_line' id='line_1_61' title="bbox 754 2169 1296 2221; baseline 0.004 -2"><span class='ocrx_word' id='word_1_374' title='bbox 754 2169 825 2220; x_wconf 90' lang='lat' dir='ltr'><strong>idem</strong></span> <span class='ocrx_word' id='word_1_375' title='bbox 844 2169 964 2220; x_wconf 85' lang='lat' dir='ltr'><strong>Boeekh.</strong></span> <span class='ocrx_word' id='word_1_376' title='bbox 984 2170 1152 2221; x_wconf 85' lang='lat' dir='ltr'><strong>constituere</strong></span> <span class='ocrx_word' id='word_1_377' title='bbox 1176 2171 1296 2221; x_wconf 80' lang='lat' dir='ltr'><strong>studuit:</strong></span> 
     </span>
     <span class='ocr_line' id='line_1_62' title="bbox 754 2241 1298 2303; baseline 0.004 -15"><span class='ocrx_word' id='word_1_378' title='bbox 754 2255 835 2303; x_wconf 89' lang='lat' dir='ltr'><strong>quam</strong></span> <span class='ocrx_word' id='word_1_379' title='bbox 848 2241 961 2290; x_wconf 88' lang='lat' dir='ltr'><strong>eandem</strong></span> <span class='ocrx_word' id='word_1_380' title='bbox 975 2257 1031 2291; x_wconf 87' lang='lat' dir='ltr'><strong>rem</strong></span> <span class='ocrx_word' id='word_1_381' title='bbox 1043 2243 1235 2290; x_wconf 83' lang='lat' dir='ltr'><strong>tractaverunt</strong></span> <span class='ocrx_word' id='word_1_382' title='bbox 1247 2241 1298 2290; x_wconf 94' lang='lat' dir='ltr'><strong>Le-</strong></span> 
     </span>
     <span class='ocr_line' id='line_1_63' title="bbox 753 2309 1294 2374; baseline 0.004 -16"><span class='ocrx_word' id='word_1_383' title='bbox 753 2313 851 2359; x_wconf 87' lang='lat' dir='ltr'><strong>troune</strong></span> <span class='ocrx_word' id='word_1_384' title='bbox 859 2311 903 2359; x_wconf 89' lang='lat' dir='ltr'><strong>in:</strong></span> <span class='ocrx_word' id='word_1_385' title='bbox 915 2310 996 2361; x_wconf 86' lang='lat' dir='ltr'><strong>Me&#39;m.</strong></span> <span class='ocrx_word' id='word_1_386' title='bbox 1007 2309 1040 2360; x_wconf 84' lang='lat' dir='ltr'><strong>do</strong></span> <span class='ocrx_word' id='word_1_387' title='bbox 1052 2310 1196 2361; x_wconf 82' lang='lat' dir='ltr'><strong>l’Institnt.</strong></span> <span class='ocrx_word' id='word_1_388' title='bbox 1207 2310 1294 2374; x_wconf 85' lang='lat' dir='ltr'><strong>royal.</strong></span> 
     </span>
     <span class='ocr_line' id='line_1_64' title="bbox 754 2380 1295 2445; baseline -0.002 -16"><span class='ocrx_word' id='word_1_389' title='bbox 754 2384 806 2429; x_wconf 84' lang='lat' dir='ltr'><strong>ete</strong></span> <span class='ocrx_word' id='word_1_390' title='bbox 827 2381 859 2432; x_wconf 87' lang='lat' dir='ltr'><strong>T.</strong></span> <span class='ocrx_word' id='word_1_391' title='bbox 880 2381 929 2429; x_wconf 91' lang='lat' dir='ltr'><strong>Vl.</strong></span> <span class='ocrx_word' id='word_1_392' title='bbox 954 2396 982 2443; x_wconf 89' lang='lat' dir='ltr'><strong>p.</strong></span> <span class='ocrx_word' id='word_1_393' title='bbox 1004 2380 1052 2430; x_wconf 84' lang='grc'><strong>165</strong></span> <span class='ocrx_word' id='word_1_394' title='bbox 1070 2395 1145 2445; x_wconf 89' lang='lat' dir='ltr'><strong>seqq.</strong></span> <span class='ocrx_word' id='word_1_395' title='bbox 1168 2380 1217 2431; x_wconf 82' lang='lat'><strong>169</strong></span> <span class='ocrx_word' id='word_1_396' title='bbox 1237 2395 1295 2445; x_wconf 84' lang='lat' dir='ltr'><strong>seq.</strong></span> 
     </span>
     <span class='ocr_line' id='line_1_65' title="bbox 753 2450 1297 2515; baseline 0.004 -18"><span class='ocrx_word' id='word_1_397' title='bbox 753 2450 982 2514; x_wconf 73' lang='lat' dir='ltr'><strong>itemqueheake:</strong></span> <span class='ocrx_word' id='word_1_398' title='bbox 993 2450 1199 2515; x_wconf 80' lang='lat' dir='ltr'><strong>Topograph.r.</strong></span> <span class='ocrx_word' id='word_1_399' title='bbox 1207 2450 1297 2500; x_wconf 81' lang='lat' dir='ltr'><strong>Athen</strong></span> 
     </span>
     <span class='ocr_line' id='line_1_66' title="bbox 753 2519 1296 2584; baseline 0.004 -16"><span class='ocrx_word' id='word_1_400' title='bbox 753 2522 806 2569; x_wconf 84' lang='lat' dir='ltr'><strong>ete.</strong></span> <span class='ocrx_word' id='word_1_401' title='bbox 825 2534 888 2584; x_wconf 83' lang='lat' dir='ltr'><strong>pag.</strong></span> <span class='ocrx_word' id='word_1_402' title='bbox 902 2519 954 2569; x_wconf 82' lang='grc'><strong>462</strong></span> <span class='ocrx_word' id='word_1_403' title='bbox 968 2535 1059 2584; x_wconf 85' lang='lat' dir='ltr'><strong>seqq,</strong></span> <span class='ocrx_word' id='word_1_404' title='bbox 1075 2519 1117 2570; x_wconf 85' lang='lat' dir='ltr'><strong>Al.</strong></span> <span class='ocrx_word' id='word_1_405' title='bbox 1130 2520 1242 2569; x_wconf 85' lang='lat' dir='ltr'><strong>Moreau</strong></span> <span class='ocrx_word' id='word_1_406' title='bbox 1262 2520 1296 2570; x_wconf 84' lang='lat' dir='ltr'><strong>de</strong></span> 
     </span>
     <span class='ocr_line' id='line_1_67' title="bbox 752 2589 1296 2655; baseline 0.002 -17"><span class='ocrx_word' id='word_1_407' title='bbox 752 2590 866 2639; x_wconf 84' lang='lat' dir='ltr'><strong>lennes:</strong></span> <span class='ocrx_word' id='word_1_408' title='bbox 887 2590 1070 2655; x_wconf 81' lang='lat' dir='ltr'><strong>„Stetistique</strong></span> <span class='ocrx_word' id='word_1_409' title='bbox 1080 2589 1127 2639; x_wconf 90' lang='lat' dir='ltr'><strong>des</strong></span> <span class='ocrx_word' id='word_1_410' title='bbox 1139 2590 1250 2654; x_wconf 88' lang='lat' dir='ltr'><strong>peuples</strong></span> <span class='ocrx_word' id='word_1_411' title='bbox 1263 2590 1296 2639; x_wconf 88' lang='lat' dir='ltr'><strong>de</strong></span> 
     </span>
     <span class='ocr_line' id='line_1_68' title="bbox 750 2658 1296 2723; baseline 0.002 -15"><span class='ocrx_word' id='word_1_412' title='bbox 750 2658 929 2723; x_wconf 84' lang='lat' dir='ltr'><strong>l&#39;Antiquite&#39;s</strong></span> <span class='ocrx_word' id='word_1_413' title='bbox 943 2661 963 2708; x_wconf 91' lang='lat'><strong>1.</strong></span> <span class='ocrx_word' id='word_1_414' title='bbox 978 2675 1039 2721; x_wconf 74' lang='lat' dir='ltr'><strong>pau.</strong></span> <span class='ocrx_word' id='word_1_415' title='bbox 1058 2660 1106 2709; x_wconf 87' lang='grc'><strong>175</strong></span> <span class='ocrx_word' id='word_1_416' title='bbox 1120 2674 1194 2723; x_wconf 81' lang='lat' dir='ltr'><strong>seqq.</strong></span> <span class='ocrx_word' id='word_1_417' title='bbox 1226 2659 1296 2709; x_wconf 87' lang='lat' dir='ltr'><strong>Con-</strong></span> 
     </span>
     <span class='ocr_line' id='line_1_69' title="bbox 754 2728 1296 2793; baseline 0 -16"><span class='ocrx_word' id='word_1_418' title='bbox 754 2729 829 2780; x_wconf 80' lang='lat' dir='ltr'><strong>fer-us</strong></span> <span class='ocrx_word' id='word_1_419' title='bbox 846 2731 926 2778; x_wconf 89' lang='lat' dir='ltr'><strong>etiam</strong></span> <span class='ocrx_word' id='word_1_420' title='bbox 946 2744 962 2777; x_wconf 92' lang='lat' dir='ltr'><strong>a</strong></span> <span class='ocrx_word' id='word_1_421' title='bbox 975 2728 1004 2777; x_wconf 86' lang='lat' dir='ltr'><strong>C.</strong></span> <span class='ocrx_word' id='word_1_422' title='bbox 1017 2730 1048 2778; x_wconf 81' lang='lat' dir='ltr'><strong>F.</strong></span> <span class='ocrx_word' id='word_1_423' title='bbox 1062 2729 1221 2778; x_wconf 87' lang='lat' dir='ltr'><strong>Hermanno</strong></span> <span class='ocrx_word' id='word_1_424' title='bbox 1234 2745 1296 2793; x_wconf 90' lang='lat' dir='ltr'><strong>pro-</strong></span> 
     </span>
     <span class='ocr_line' id='line_1_70' title="bbox 752 2797 1293 2859; baseline 0 -13"><span class='ocrx_word' id='word_1_425' title='bbox 752 2798 811 2848; x_wconf 89' lang='lat' dir='ltr'><strong>lata</strong></span> <span class='ocrx_word' id='word_1_426' title='bbox 825 2800 864 2848; x_wconf 93' lang='lat' dir='ltr'><strong>in:</strong></span> <span class='ocrx_word' id='word_1_427' title='bbox 876 2797 982 2848; x_wconf 83' lang='lat' dir='ltr'><strong>Grieclr.</strong></span> <span class='ocrx_word' id='word_1_428' title='bbox 997 2797 1201 2848; x_wconf 80' lang='lat' dir='ltr'><strong>Staatsalterth.</strong></span> <span class='ocrx_word' id='word_1_429' title='bbox 1215 2798 1238 2859; x_wconf 71' lang='lat'><strong>§-</strong></span> <span class='ocrx_word' id='word_1_430' title='bbox 1250 2798 1293 2849; x_wconf 69' lang='lat'><strong>98.</strong></span> 
     </span>
     <span class='ocr_line' id='line_1_71' title="bbox 752 2867 1296 2919; baseline -0.004 -2"><span class='ocrx_word' id='word_1_431' title='bbox 752 2874 809 2917; x_wconf 92' lang='lat' dir='ltr'><strong>not.</strong></span> <span class='ocrx_word' id='word_1_432' title='bbox 829 2869 853 2919; x_wconf 83' lang='lat'><strong>6.</strong></span> <span class='ocrx_word' id='word_1_433' title='bbox 891 2868 944 2918; x_wconf 88' lang='lat' dir='ltr'><strong>Sed</strong></span> <span class='ocrx_word' id='word_1_434' title='bbox 968 2868 1035 2917; x_wconf 87' lang='lat' dir='ltr'><strong>haee</strong></span> <span class='ocrx_word' id='word_1_435' title='bbox 1060 2874 1182 2917; x_wconf 85' lang='lat' dir='ltr'><strong>nostrum</strong></span> <span class='ocrx_word' id='word_1_436' title='bbox 1205 2867 1296 2917; x_wconf 84' lang='lat' dir='ltr'><strong>locum</strong></span> 
     </span>
     <span class='ocr_line' id='line_1_72' title="bbox 752 2938 1295 3001; baseline -0.002 -15"><span class='ocrx_word' id='word_1_437' title='bbox 752 2938 841 2987; x_wconf 90' lang='lat' dir='ltr'><strong>minus</strong></span> <span class='ocrx_word' id='word_1_438' title='bbox 855 2942 985 2998; x_wconf 73' lang='lat' dir='ltr'><strong>tangunt,</strong></span> <span class='ocrx_word' id='word_1_439' title='bbox 1005 2938 1033 2985; x_wconf 93' lang='lat' dir='ltr'><strong>in</strong></span> <span class='ocrx_word' id='word_1_440' title='bbox 1047 2952 1099 3001; x_wconf 90' lang='lat' dir='ltr'><strong>quo</strong></span> <span class='ocrx_word' id='word_1_441' title='bbox 1111 2940 1159 3001; x_wconf 89' lang='lat' dir='ltr'><strong>qui</strong></span> <span class='ocrx_word' id='word_1_442' title='bbox 1168 2951 1295 2986; x_wconf 87' lang='lat' dir='ltr'><strong>numerus</strong></span> 
     </span>
     <span class='ocr_line' id='line_1_73' title="bbox 751 3007 1295 3066; baseline -0.006 -8"><span class='ocrx_word' id='word_1_443' title='bbox 751 3008 852 3058; x_wconf 87' lang='lat' dir='ltr'><strong>civium</strong></span> <span class='ocrx_word' id='word_1_444' title='bbox 872 3007 1025 3066; x_wconf 85' lang='lat' dir='ltr'><strong>indicatur,</strong></span> <span class='ocrx_word' id='word_1_445' title='bbox 1052 3007 1076 3055; x_wconf 86' lang='lat' dir='ltr'><strong>is</strong></span> <span class='ocrx_word' id='word_1_446' title='bbox 1094 3010 1168 3055; x_wconf 87' lang='lat' dir='ltr'><strong>certe</strong></span> <span class='ocrx_word' id='word_1_447' title='bbox 1185 3022 1239 3055; x_wconf 93' lang='lat' dir='ltr'><strong>non</strong></span> <span class='ocrx_word' id='word_1_448' title='bbox 1256 3007 1295 3055; x_wconf 92' lang='lat' dir='ltr'><strong>ni-</strong></span> 
     </span>
     <span class='ocr_line' id='line_1_74' title="bbox 752 3074 1295 3139; baseline 0.002 -14"><span class='ocrx_word' id='word_1_449' title='bbox 752 3079 823 3127; x_wconf 83' lang='lat' dir='ltr'><strong>mius</strong></span> <span class='ocrx_word' id='word_1_450' title='bbox 841 3077 949 3125; x_wconf 84' lang='lat' dir='ltr'><strong>videtur</strong></span> <span class='ocrx_word' id='word_1_451' title='bbox 965 3075 1070 3125; x_wconf 81' lang='lat' dir='ltr'><strong>Lealrio</strong></span> <span class='ocrx_word' id='word_1_452' title='bbox 1090 3074 1108 3124; x_wconf 90' lang='grc'><strong>1.</strong></span> <span class='ocrx_word' id='word_1_453' title='bbox 1126 3075 1144 3125; x_wconf 90' lang='grc' dir='ltr'>Ι.</span> <span class='ocrx_word' id='word_1_454' title='bbox 1166 3091 1228 3139; x_wconf 79' lang='lat' dir='ltr'><strong>pag.</strong></span> <span class='ocrx_word' id='word_1_455' title='bbox 1243 3075 1295 3126; x_wconf 80' lang='grc'><strong>433</strong></span> 
     </span>
     <span class='ocr_line' id='line_1_75' title="bbox 751 3144 1295 3209; baseline -0.007 -13"><span class='ocrx_word' id='word_1_456' title='bbox 751 3151 780 3196; x_wconf 91' lang='lat' dir='ltr'><strong>et</strong></span> <span class='ocrx_word' id='word_1_457' title='bbox 791 3147 825 3196; x_wconf 88' lang='lat' dir='ltr'><strong>ad</strong></span> <span class='ocrx_word' id='word_1_458' title='bbox 836 3147 980 3196; x_wconf 87' lang='lat' dir='ltr'><strong>veritatem</strong></span> <span class='ocrx_word' id='word_1_459' title='bbox 992 3145 1133 3204; x_wconf 79' lang='lat' dir='ltr'><strong>aoeeder03</strong></span> <span class='ocrx_word' id='word_1_460' title='bbox 1146 3160 1233 3209; x_wconf 88' lang='lat' dir='ltr'><strong>neque</strong></span> <span class='ocrx_word' id='word_1_461' title='bbox 1244 3144 1295 3193; x_wconf 89' lang='lat' dir='ltr'><strong>ali-</strong></span> 
     </span>
     <span class='ocr_line' id='line_1_76' title="bbox 752 3212 1294 3279; baseline -0.002 -13"><span class='ocrx_word' id='word_1_462' title='bbox 752 3221 794 3266; x_wconf 89' lang='lat' dir='ltr'><strong>ter</strong></span> <span class='ocrx_word' id='word_1_463' title='bbox 812 3214 921 3265; x_wconf 86' lang='lat' dir='ltr'><strong>videtur</strong></span> <span class='ocrx_word' id='word_1_464' title='bbox 936 3216 1062 3279; x_wconf 88' lang='lat' dir='ltr'><strong>Zumptio</strong></span> <span class='ocrx_word' id='word_1_465' title='bbox 1086 3216 1127 3263; x_wconf 86' lang='lat' dir='ltr'><strong>in:</strong></span> <span class='ocrx_word' id='word_1_466' title='bbox 1150 3212 1294 3266; x_wconf 80' lang='lat' dir='ltr'><strong>Abhandll.</strong></span> 
     </span>
     <span class='ocr_line' id='line_1_77' title="bbox 751 3283 1291 3335; baseline -0.002 0"><span class='ocrx_word' id='word_1_467' title='bbox 751 3287 776 3335; x_wconf 89' lang='lat' dir='ltr'><strong>d.</strong></span> <span class='ocrx_word' id='word_1_468' title='bbox 799 3283 900 3334; x_wconf 89' lang='lat' dir='ltr'><strong>Berlin.</strong></span> <span class='ocrx_word' id='word_1_469' title='bbox 920 3284 1009 3334; x_wconf 82' lang='lat' dir='ltr'><strong>Alrad.</strong></span> <span class='ocrx_word' id='word_1_470' title='bbox 1034 3285 1061 3334; x_wconf 89' lang='lat' dir='ltr'><strong>d.</strong></span> <span class='ocrx_word' id='word_1_471' title='bbox 1080 3283 1291 3334; x_wconf 86' lang='lat' dir='ltr'><strong>Wiseensehaft.</strong></span> 
     </span>
     <span class='ocr_line' id='line_1_78' title="bbox 752 3354 1294 3418; baseline -0.004 -13"><span class='ocrx_word' id='word_1_472' title='bbox 752 3354 828 3406; x_wconf 80' lang='lat'>1840.</span> <span class='ocrx_word' id='word_1_473' title='bbox 847 3370 911 3418; x_wconf 76' lang='lat' dir='ltr'><strong>pag.</strong></span> <span class='ocrx_word' id='word_1_474' title='bbox 926 3356 955 3416; x_wconf 88' lang='grc'>4,</span> <span class='ocrx_word' id='word_1_475' title='bbox 981 3369 1144 3418; x_wconf 82' lang='lat' dir='ltr'><strong>quamquam</strong></span> <span class='ocrx_word' id='word_1_476' title='bbox 1161 3370 1294 3404; x_wconf 87' lang='lat' dir='ltr'><strong>summum</strong></span> 
     </span>
     <span class='ocr_line' id='line_1_79' title="bbox 751 3422 1293 3487; baseline -0.004 -12"><span class='ocrx_word' id='word_1_477' title='bbox 751 3430 825 3477; x_wconf 81' lang='lat' dir='ltr'><strong>uerte</strong></span> <span class='ocrx_word' id='word_1_478' title='bbox 838 3424 939 3474; x_wconf 79' lang='lat' dir='ltr'><strong>civium</strong></span> <span class='ocrx_word' id='word_1_479' title='bbox 957 3422 1029 3473; x_wconf 86' lang='lat' dir='ltr'><strong>huno</strong></span> <span class='ocrx_word' id='word_1_480' title='bbox 1042 3424 1129 3474; x_wconf 85' lang='lat' dir='ltr'><strong>fuisse</strong></span> <span class='ocrx_word' id='word_1_481' title='bbox 1142 3440 1293 3487; x_wconf 87' lang='lat' dir='ltr'><strong>numerum,</strong></span> 
     </span>
     <span class='ocr_line' id='line_1_80' title="bbox 750 3494 1292 3559; baseline -0.002 -14"><span class='ocrx_word' id='word_1_482' title='bbox 750 3496 936 3559; x_wconf 87' lang='lat' dir='ltr'><strong>quiunquam</strong></span> <span class='ocrx_word' id='word_1_483' title='bbox 956 3494 1107 3558; x_wconf 81' lang='lat' dir='ltr'><strong>exstiterit,</strong></span> <span class='ocrx_word' id='word_1_484' title='bbox 1131 3494 1292 3544; x_wconf 87' lang='lat' dir='ltr'><strong>arbitratur.</strong></span> 
     </span>
     <span class='ocr_line' id='line_1_81' title="bbox 750 3562 1292 3629; baseline 0 -15"><span class='ocrx_word' id='word_1_485' title='bbox 750 3565 773 3614; x_wconf 83' lang='lat' dir='ltr'><strong>A</strong></span> <span class='ocrx_word' id='word_1_486' title='bbox 793 3564 891 3629; x_wconf 80' lang='lat' dir='ltr'><strong>quihus</strong></span> <span class='ocrx_word' id='word_1_487' title='bbox 913 3564 953 3612; x_wconf 87' lang='lat' dir='ltr'><strong>ita</strong></span> <span class='ocrx_word' id='word_1_488' title='bbox 976 3564 1092 3614; x_wconf 77' lang='lat' dir='ltr'><strong>discedit</strong></span> <span class='ocrx_word' id='word_1_489' title='bbox 1109 3564 1218 3629; x_wconf 85' lang='lat' dir='ltr'><strong>Sauppe</strong></span> <span class='ocrx_word' id='word_1_490' title='bbox 1239 3562 1292 3628; x_wconf 90' lang='lat' dir='ltr'><strong>(De</strong></span> 
     </span>
     <span class='ocr_line' id='line_1_82' title="bbox 751 3633 1380 3698; baseline -0.002 -14"><span class='ocrx_word' id='word_1_491' title='bbox 751 3633 1291 3698; x_wconf 63' lang='lat' dir='ltr'><strong>causismagnitndetlabisathsnpag.</strong></span> <span class='ocrx_word' id='word_1_492' title='bbox 1375 3688 1380 3695; x_wconf 57' lang='grc'>,</span> 
     </span>
     <span class='ocr_line' id='line_1_83' title="bbox 751 3703 1292 3767; baseline 0 -14"><span class='ocrx_word' id='word_1_493' title='bbox 751 3705 767 3753; x_wconf 93' lang='grc'>4</span> <span class='ocrx_word' id='word_1_494' title='bbox 782 3710 810 3753; x_wconf 89' lang='lat' dir='ltr'><strong>et</strong></span> <span class='ocrx_word' id='word_1_495' title='bbox 824 3705 898 3753; x_wconf 85' lang='lat' dir='ltr'><strong>Aott.</strong></span> <span class='ocrx_word' id='word_1_496' title='bbox 912 3703 1043 3755; x_wconf 84' lang='lat' dir='ltr'><strong>Societut.</strong></span> <span class='ocrx_word' id='word_1_497' title='bbox 1055 3704 1152 3753; x_wconf 83' lang='lat' dir='ltr'><strong>Graec.</strong></span> <span class='ocrx_word' id='word_1_498' title='bbox 1165 3704 1241 3767; x_wconf 84' lang='lat' dir='ltr'><strong>Lips.</strong></span> <span class='ocrx_word' id='word_1_499' title='bbox 1252 3705 1292 3767; x_wconf 94' lang='grc' dir='ltr'><strong>ΙΙ,</strong></span> 
     </span>
    </p>

    <p class='ocr_par' dir='ltr' id='par_1_8' title="bbox 748 3773 1293 4470">
     <span class='ocr_line' id='line_1_84' title="bbox 750 3773 1293 3838; baseline -0.002 -15"><span class='ocrx_word' id='word_1_500' title='bbox 750 3776 776 3823; x_wconf 80' lang='lat'><strong>2.</strong></span> <span class='ocrx_word' id='word_1_501' title='bbox 788 3789 813 3837; x_wconf 91' lang='lat' dir='ltr'><strong>p.</strong></span> <span class='ocrx_word' id='word_1_502' title='bbox 824 3773 898 3837; x_wconf 73' lang='grc'>425),</span> <span class='ocrx_word' id='word_1_503' title='bbox 910 3778 942 3822; x_wconf 89' lang='lat' dir='ltr'><strong>ut</strong></span> <span class='ocrx_word' id='word_1_504' title='bbox 953 3774 987 3821; x_wconf 87' lang='lat' dir='ltr'><strong>ab</strong></span> <span class='ocrx_word' id='word_1_505' title='bbox 1000 3774 1141 3823; x_wconf 89' lang='lat' dir='ltr'><strong>Herodoto</strong></span> <span class='ocrx_word' id='word_1_506' title='bbox 1154 3788 1240 3838; x_wconf 85' lang='lat' dir='ltr'><strong>aeque</strong></span> <span class='ocrx_word' id='word_1_507' title='bbox 1253 3779 1293 3823; x_wconf 87' lang='lat' dir='ltr'><strong>at-</strong></span> 
     </span>
     <span class='ocr_line' id='line_1_85' title="bbox 750 3843 1292 3908; baseline -0.006 -14"><span class='ocrx_word' id='word_1_508' title='bbox 750 3856 801 3908; x_wconf 86' lang='lat' dir='ltr'><strong>que</strong></span> <span class='ocrx_word' id='word_1_509' title='bbox 811 3843 846 3892; x_wconf 86' lang='lat' dir='ltr'><strong>ab</strong></span> <span class='ocrx_word' id='word_1_510' title='bbox 854 3843 1037 3907; x_wconf 80' lang='lat' dir='ltr'><strong>Aristophane</strong></span> <span class='ocrx_word' id='word_1_511' title='bbox 1048 3844 1161 3906; x_wconf 77' lang='lat' dir='ltr'><strong>triginta</strong></span> <span class='ocrx_word' id='word_1_512' title='bbox 1170 3843 1245 3892; x_wconf 85' lang='lat' dir='ltr'><strong>milia</strong></span> <span class='ocrx_word' id='word_1_513' title='bbox 1255 3843 1292 3892; x_wconf 88' lang='lat' dir='ltr'><strong>oi-</strong></span> 
     </span>
     <span class='ocr_line' id='line_1_86' title="bbox 749 3912 1293 3963; baseline 0.004 -3"><span class='ocrx_word' id='word_1_514' title='bbox 749 3914 824 3963; x_wconf 85' lang='lat' dir='ltr'><strong>rium</strong></span> <span class='ocrx_word' id='word_1_515' title='bbox 835 3912 1040 3963; x_wconf 85' lang='lat' dir='ltr'><strong>numerantibus</strong></span> <span class='ocrx_word' id='word_1_516' title='bbox 1055 3912 1122 3961; x_wconf 88' lang='lat' dir='ltr'><strong>nihil</strong></span> <span class='ocrx_word' id='word_1_517' title='bbox 1135 3912 1189 3961; x_wconf 89' lang='lat' dir='ltr'><strong>nisi</strong></span> <span class='ocrx_word' id='word_1_518' title='bbox 1201 3928 1293 3962; x_wconf 89' lang='lat' dir='ltr'><strong>nume-</strong></span> 
     </span>
     <span class='ocr_line' id='line_1_87' title="bbox 748 3982 1291 4046; baseline -0.006 -14"><span class='ocrx_word' id='word_1_519' title='bbox 748 3999 807 4032; x_wconf 89' lang='lat' dir='ltr'><strong>rum</strong></span> <span class='ocrx_word' id='word_1_520' title='bbox 822 3998 996 4046; x_wconf 84' lang='lat' dir='ltr'><strong>permagnum</strong></span> <span class='ocrx_word' id='word_1_521' title='bbox 1010 3982 1158 4045; x_wconf 82' lang='lat' dir='ltr'><strong>significari</strong></span> <span class='ocrx_word' id='word_1_522' title='bbox 1176 3985 1291 4043; x_wconf 87' lang='lat' dir='ltr'><strong>statuat,</strong></span> 
     </span>
     <span class='ocr_line' id='line_1_88' title="bbox 749 4050 1292 4115; baseline -0.004 -13"><span class='ocrx_word' id='word_1_523' title='bbox 749 4052 888 4115; x_wconf 86' lang='lat' dir='ltr'><strong>multaque</strong></span> <span class='ocrx_word' id='word_1_524' title='bbox 905 4051 974 4101; x_wconf 91' lang='lat' dir='ltr'><strong>idem</strong></span> <span class='ocrx_word' id='word_1_525' title='bbox 989 4051 1067 4099; x_wconf 82' lang='lat' dir='ltr'><strong>addit</strong></span> <span class='ocrx_word' id='word_1_526' title='bbox 1079 4050 1202 4114; x_wconf 84' lang='lat' dir='ltr'><strong>exempla</strong></span> <span class='ocrx_word' id='word_1_527' title='bbox 1213 4050 1292 4100; x_wconf 87' lang='lat' dir='ltr'><strong>huius</strong></span> 
     </span>
     <span class='ocr_line' id='line_1_89' title="bbox 750 4120 1292 4172; baseline -0.002 -1"><span class='ocrx_word' id='word_1_528' title='bbox 750 4122 870 4172; x_wconf 83' lang='lat' dir='ltr'><strong>eiusdem</strong></span> <span class='ocrx_word' id='word_1_529' title='bbox 891 4121 996 4171; x_wconf 85' lang='lat' dir='ltr'><strong>numeri</strong></span> <span class='ocrx_word' id='word_1_530' title='bbox 1016 4135 1033 4169; x_wconf 90' lang='lat' dir='ltr'><strong>a</strong></span> <span class='ocrx_word' id='word_1_531' title='bbox 1053 4120 1165 4170; x_wconf 79' lang='lat' dir='ltr'><strong>Graecis</strong></span> <span class='ocrx_word' id='word_1_532' title='bbox 1187 4120 1226 4169; x_wconf 88' lang='lat' dir='ltr'><strong>sie</strong></span> <span class='ocrx_word' id='word_1_533' title='bbox 1245 4120 1292 4170; x_wconf 87' lang='lat' dir='ltr'><strong>ad-</strong></span> 
     </span>
     <span class='ocr_line' id='line_1_90' title="bbox 748 4188 1291 4254; baseline -0.004 -12"><span class='ocrx_word' id='word_1_534' title='bbox 748 4192 839 4242; x_wconf 67' lang='lat' dir='ltr'><strong>hibiti.</strong></span> <span class='ocrx_word' id='word_1_535' title='bbox 865 4191 905 4240; x_wconf 80' lang='lat' dir='ltr'><strong>Aa</strong></span> <span class='ocrx_word' id='word_1_536' title='bbox 922 4189 966 4241; x_wconf 85' lang='lat' dir='ltr'><strong>rel</strong></span> <span class='ocrx_word' id='word_1_537' title='bbox 977 4188 1169 4254; x_wconf 84' lang='lat' dir='ltr'><strong>Aristophanis</strong></span> <span class='ocrx_word' id='word_1_538' title='bbox 1189 4191 1217 4239; x_wconf 91' lang='lat' dir='ltr'><strong>in</strong></span> <span class='ocrx_word' id='word_1_539' title='bbox 1231 4189 1291 4241; x_wconf 86' lang='lat' dir='ltr'><strong>loeo</strong></span> 
     </span>
     <span class='ocr_line' id='line_1_91' title="bbox 751 4260 1292 4324; baseline -0.004 -11"><span class='ocrx_word' id='word_1_540' title='bbox 751 4276 892 4313; x_wconf 88' lang='lat' dir='ltr'><strong>numerum</strong></span> <span class='ocrx_word' id='word_1_541' title='bbox 912 4260 986 4310; x_wconf 91' lang='lat' dir='ltr'><strong>illum</strong></span> <span class='ocrx_word' id='word_1_542' title='bbox 1000 4276 1059 4310; x_wconf 85' lang='lat' dir='ltr'><strong>oum</strong></span> <span class='ocrx_word' id='word_1_543' title='bbox 1075 4261 1210 4310; x_wconf 88' lang='lat' dir='ltr'><strong>iaetantia</strong></span> <span class='ocrx_word' id='word_1_544' title='bbox 1225 4276 1292 4324; x_wconf 89' lang='lat' dir='ltr'><strong>qua-</strong></span> 
     </span>
     <span class='ocr_line' id='line_1_92' title="bbox 751 4329 1291 4395; baseline -0.004 -12"><span class='ocrx_word' id='word_1_545' title='bbox 751 4334 812 4383; x_wconf 88' lang='lat' dir='ltr'><strong>dam</strong></span> <span class='ocrx_word' id='word_1_546' title='bbox 832 4331 948 4395; x_wconf 88' lang='lat' dir='ltr'><strong>proferri</strong></span> <span class='ocrx_word' id='word_1_547' title='bbox 964 4331 988 4381; x_wconf 86' lang='lat' dir='ltr'><strong>si</strong></span> <span class='ocrx_word' id='word_1_548' title='bbox 1006 4329 1118 4393; x_wconf 83' lang='lat' dir='ltr'><strong>eredas,</strong></span> <span class='ocrx_word' id='word_1_549' title='bbox 1144 4335 1234 4380; x_wconf 85' lang='lat' dir='ltr'><strong>tamen</strong></span> <span class='ocrx_word' id='word_1_550' title='bbox 1258 4332 1291 4382; x_wconf 82' lang='lat' dir='ltr'><strong>ab</strong></span> 
     </span>
     <span class='ocr_line' id='line_1_93' title="bbox 750 4400 1291 4470; baseline -0.006 -16"><span class='ocrx_word' id='word_1_551' title='bbox 750 4401 906 4465; x_wconf 89' lang='lat' dir='ltr'><strong>Herodoto,</strong></span> <span class='ocrx_word' id='word_1_552' title='bbox 923 4402 970 4470; x_wconf 92' lang='lat' dir='ltr'><strong>qui</strong></span> <span class='ocrx_word' id='word_1_553' title='bbox 980 4400 1083 4452; x_wconf 89' lang='lat' dir='ltr'><strong>diutius</strong></span> <span class='ocrx_word' id='word_1_554' title='bbox 1098 4403 1195 4467; x_wconf 88' lang='lat' dir='ltr'><strong>etipse</strong></span> <span class='ocrx_word' id='word_1_555' title='bbox 1209 4401 1291 4451; x_wconf 89' lang='lat' dir='ltr'><strong>Athe-</strong></span> 
     </span>
    </p>
   </div>
   <div class='ocr_carea' id='block_1_7' title="bbox 0 0 1554 5175">
    <p class='ocr_par' dir='ltr' id='par_1_9' title="bbox 0 0 1554 5175">
     <span class='ocr_line' id='line_1_94' title="bbox 0 0 1554 5175; baseline 0 4"><span class='ocrx_word' id='word_1_556' title='bbox 0 0 1554 5175; x_wconf 95' lang='lat' dir='ltr'><strong> </strong></span> 
     </span>
    </p>
   </div>
  </div>
 </body>
</html>
