3100 5175
1227 436 1289 501 339

155 604 348 694 πρήγματα,
369 602 526 693 ἄρχοντές
549 634 585 675 τε
605 611 661 676 καὶ
679 611 867 694 διέποντες,
889 612 923 688 ἐς
943 605 962 677 ὃ
982 609 1154 698 ἐπήβησαν
1169 617 1204 680 oi
1220 619 1288 682 τῶν

153 705 374 798 ἀπολομένων
392 714 519 789 παῖδες.
547 711 661 780 ἔπειτύ
679 732 784 798 σφεας
804 702 912 798 οὗτοι,
931 710 1161 801 ἀνακτώμενοι
1180 713 1286 785 ὀπίσω

154 815 187 891 ἐς
208 811 356 892 ἑωυτούς
376 810 412 880 τὸ
432 809 569 899 Ἄργος,
599 816 772 902 ἐξέβαλον·
806 816 1031 904 ἐξωθεύμενοι
1059 818 1096 885 δὲ
1117 822 1151 886 οἱ
1170 823 1286 888 δοῦλοι

152 914 238 1004 μάχη
262 922 360 1003 ἔσχον
379 924 408 983 Τ
405 922 541 1002 [pondu.
587 921 675 997 Τέως
696 919 758 1005 μὲν
778 919 820 1005 δη
838 940 899 1005 σφι
919 911 961 1006 ἦν
981 916 1109 1007 ἄρθμια
1129 923 1162 1000 ἐς
1184 919 1283 1012 itti}-

151 1027 247 1099 λους·
288 1025 401 1088 ἔπειτα
429 1019 466 1088 δὲ
488 1023 520 1098 ἐς
544 1017 622 1100 τούς
646 1021 789 1102 δούλους
809 1013 893 1109 ἦλθε
915 1020 1001 1110 ἀνὴρ
1023 1024 1139 1110 μάντις
1156 1028 1284 1095 Κλέαν-

154 1127 249 1208 δρος,
281 1125 378 1208 γένος
403 1120 469 1192 ἐῶν
489 1123 657 1208 Φιγαλεὺς
678 1122 737 1193 ἀπ’
763 1123 955 1212 Ἀρκαδίης·
994 1117 1090 1206 οὗτος
1110 1125 1186 1207 τούς
1205 1129 1282 1198 δού-

152 1303 223 1354 qnae
240 1289 379 1369 invenitur
391 1287 447 1346 ΙΙΙ,
461 1288 500 1364 ,57
515 1283 560 1368 ,(εἰ
570 1282 609 1354 μή
625 1281 695 1339 uivu-
744 1295 819 1341 recte
838 1291 937 1341 Suides
955 1292 978 1345 Ι.
1003 1308 1063 1357 pag.
1085 1292 1137 1343 330
1156 1282 1282 1358 ἄρθμια·

151 1355 304 1422 ιιτησαίατο
323 1357 414 1406 οιιίσοι
435 1371 489 1420 την
506 1355 620 1423 αρχὴν).
640 1360 692 1422 ΙΙΙ,
744 1358 826 1422 φίλια
837 1352 1001 1422 Ἡρόδοτος.
1032 1363 1101 1412 ltem
1115 1362 1283 1416 GlosssHe-

153 1426 185 1478 73
205 1428 276 1490 etl,
296 1427 338 1478 ul.
383 1426 527 1477 Sententia
548 1430 621 1478 hund
647 1429 692 1478 ob·
744 1430 951 1494 redoleantque
962 1431 1146 1496 Hesychinsl.
1160 1437 1282 1497 pepuli

152 1510 246 1547 seura:
261 1512 315 1546 cunr
325 1497 405 1545 denuo
414 1496 497 1546 urbem
509 1497 627 1563 (quaein
639 1514 693 1548 ser·
742 1487 862 1561 ἄρθμιοι
873 1515 878 1526 ·
893 1498 981 1561 φίλοι.
1004 1501 1104 1551 Notum
1117 1507 1159 1550 est
1170 1503 1284 1555 adiecti·

150 1581 245 1617 vorum
263 1570 400 1630 potestate
422 1564 492 1629 erat)
513 1577 695 1631 recuperarent
742 1584 805 1618 vum
816 1559 957 1630 ἄρθμιος,
970 1585 1088 1628 concors,
1103 1575 1205 1633 οιιιίοιιι,
1218 1574 1280 1638 VII,

151 1651 182 1684 nc
195 1651 310 1685 summam
324 1643 470 1697 potestatem
481 1638 627 1686 sitiremus
639 1641 692 1687 viu·
743 1637 802 1688 101.
820 1638 867 1699 IX,
879 1637 905 1689 9.
918 1637 960 1688 37.
976 1637 1097 1704 Theogn.
1110 1639 1170 1691 3·2u.

152 1707 269 1754 dicarent
287 1721 308 1756 s.
324 1707 359 1753 ad
376 1721 404 1754 se
417 1707 554 1767 referrent.
585 1707 690 1758 Vocula
770 1698 845 1770 οἷνηρ
855 1701 1132 1772 μα’ντιςΚλέανδοος]
1144 1709 1282 1778 Βὶοποιη-

151 1770 261 1834 ἔπειτα,
280 1774 444 1824 Bredosium
465 1775 645 1827 sinedismus
661 1792 688 1841 p.
740 1768 793 1840 τὴν
819 1768 913 1838 ἄνδρα
941 1775 1011 1825 dixit
1034 1777 1172 1841 Aristoph.
1198 1781 1281 1833 Thes-

152 1845 215 1906 108,
228 1843 360 1894 mutando
373 1844 426 1893 erit
438 1844 466 1892 in
480 1838 597 1906 ἔπειτεν,
610 1860 690 1910 quem
739 1846 830 1910 moph.
850 1845 896 1895 loo·
910 1850 938 1894 et
951 1846 1053 1897 Herod.
1067 1847 1091 1906 Ι,
1106 1847 1141 1896 m
1160 1863 1280 1915 zppupo·

149 1929 243 1965 verum
268 1912 413 1963 lectionem
445 1913 474 1961 in
501 1919 630 1980 corrupte
654 1914 690 1965 le·
739 1906 826 1978 λύγον
839 1905 945 1976 ἄνδρα,
962 1916 1063 1978 limo
1076 1911 1171 1978 ἄνδρα
1182 1916 1281 1969 πεττοῖ-

150 1983 388 2034 etioneSanorolti
399 1982 460 2031 libri
470 1989 498 2033 et
507 1983 630 2043 ulterius,
643 1986 690 2049 qui
739 1983 836 2033 εδλον.
870 1985 960 2048 Atque
972 1986 1010 2033 VI
1018 2022 1025 2042 ,
1039 1987 1088 2036 92:
1106 1976 1181 2051 ἀνὴρ
1199 2002 1281 2052 etpu-

148 2045 212 2102 ἕπετ’
220 2066 249 2101 τε
265 2052 406 2112 exhibent,
426 2051 510 2103 lutere
524 2059 617 2117 putul:
642 2054 688 2119 qui
738 2046 832 2118 τηηύς.
854 2054 889 2102 Et
899 2053 1016 2102 conferri
1026 2069 1131 2120 quoque
1143 2062 1280 2120 poterunt,

150 2123 220 2173 idem
233 2124 316 2172 etiam
332 2122 361 2171 in
375 2122 496 2186 proxime
513 2124 689 2188 sequentibus
738 2140 808 2189 quse
821 2123 856 2172 ad
871 2122 923 2185 ΙΙΙ,
938 2123 1128 2173 1²5sdn0tete
1144 2124 1278 2192 leguntur.

150 2192 256 2252 verbis,
281 2192 327 2241 ubi
345 2207 394 2254 pro
410 2191 483 2255 vulg.
505 2186 601 2241 ἔπειτα
620 2193 691 2242 Sen-
740 2192 1279 2256 „Handverisimilisvldebitnrnonne-

148 2262 230 2312 orofti
243 2262 313 2311 liber
325 2253 389 2309 ἐπεί
401 2274 430 2309 τε
443 2262 566 2322 exhibet,
581 2255 689 2310 ἔπειτεν
740 2263 820 2312 minis
837 2261 1012 2322 coniectura,
1032 2266 1165 2325 suspicati
1178 2269 1279 2317 ilenti·

148 2332 258 2381 restitui
270 2330 345 2392 vult,
367 2331 396 2379 in
411 2346 464 2395 qno
477 2330 636 2381 Dielsehius
649 2349 689 2382 se·
738 2347 850 2383 nensem
871 2331 956 2380 luisse
974 2331 1151 2396 Cleandrum,
1172 2342 1278 2400 patrem

149 2407 228 2451 cutus
243 2405 295 2452 est.
325 2402 382 2450 Nos
395 2407 425 2449 ut
441 2399 502 2450 eliis
518 2401 587 2450 loeis
601 2401 689 2465 iisque
738 2418 803 2452 vero
823 2406 851 2450 et
872 2401 989 2449 maiores
1003 2399 1189 2465 Phigalenses:
1212 2409 1279 2457 scri-

149 2469 289 2535 plurimis‚
302 2471 329 2519 in
344 2470 441 2532 quibus
451 2468 516 2520 libri
528 2472 625 2535 scripti
634 2487 689 2520 om·
739 2473 828 2537 puisse
847 2470 908 2520 ideo
921 2469 1090 2520 Herodotum
1107 2463 1143 2521 ἄν
1154 2465 1181 2537 “p
1194 2475 1279 2524 Μαν-

149 2554 194 2593 nes
208 2541 236 2590 in
248 2540 335 2591 formu
346 2536 441 2591 ἔπειτα
452 2540 635 2604 consentiunt,
648 2541 689 2591 ite
737 2536 831 2597 τινεύς
845 2535 1021 2605 Κλέανδρος,
1036 2534 1117 2603 γένος
1130 2533 1184 2591 ἔων
1194 2543 1278 2608 otyo-

149 2611 199 2662 hoe
212 2625 320 2676 quoque
334 2603 502 2661 locoficum
515 2612 687 2661 retinendum
737 2607 810 2668 λεύς.
837 2612 992 2661 Pausaniae
1011 2626 1037 2674 p.
1057 2610 1109 2661 698
1124 2612 1216 2676 [VIII.
1233 2616 1276 2667 39,

148 2681 285 2731 duximus.
311 2680 388 2730 (lons.
403 2680 485 2728 etiem
497 2681 569 2731 inira
581 2682 628 2743 VI,
641 2680 685 2731 91.
736 2685 760 2742 5.
787 2678 812 2744 l]
837 2684 1000 2729 memoratus
1018 2669 1092 2743 α’νὴο
1114 2676 1279 2739 Μαντινεύς

149 2777 181 2787 -·
191 2742 337 2814 ἐπήβησαν
348 2750 395 2814 (nd
403 2749 558 2811 pubertatem
565 2766 687 2813 peruerse·
736 2745 898 2810 Κλέανδρος
910 2748 956 2796 illo
969 2747 1051 2811 longe
1066 2748 1118 2798 luit
1131 2754 1277 2815 recentior,

148 2827 220 2884 runt,
241 2818 534 2880 adoleverant)·retinni
553 2836 602 2884 pro
624 2810 685 2869 ἕπε’-
735 2823 811 2868 tutor
826 2816 1183 2883 quippePhilopoemenis.“
1206 2824 1234 2871 V
1236 2825 1277 2871 al·

148 2887 238 2955 βησαν
255 2887 454 2953 (accesserunt),
476 2890 550 2953 quod
564 2889 687 2943 Florent.
736 2888 822 2937 cisen.
847 2885 1015 2937 Ilehoovid.
1026 2886 1098 2936 Plut.
1110 2889 1276 2955 PhiIopoem.

147 2965 174 3009 et
195 2959 335 3009 Ssuorofti
354 2958 425 3007 liber
440 2959 566 3012 efferunt.
601 2961 687 3010 Inter·
738 2958 830 3022 libiq.
848 2961 950 3006 notet-t.
964 2972 1028 3020 pag.
1041 2957 1066 3007 3.

146 3027 683 3093 pretesleudentAeschyl.S.e.Tlr.671
769 3018 916 3090 Φιγαλεὺς]
938 3025 982 3074 Itu
998 3025 1137 3075 Sunorosti
1152 3025 1221 3077 liber
1233 3045 1277 3077 ex-

146 3096 209 3163 (362
225 3097 347 3161 Brome).
735 3095 827 3157 hibet,
847 3109 909 3146 oum
926 3092 993 3143 olim
1008 3109 1093 3158 prave
1112 3100 1233 3148 exstaret
1248 3099 1277 3149 in

181 3160 278 3217 ἔπειτα
290 3181 379 3228 σφεας
394 3153 483 3229 οὗτοι]
503 3164 687 3227 „Plutarchus
737 3166 798 3216 edd.
811 3155 957 3229 Φιηατεύς,
992 3164 1061 3213 Nem
1075 3165 1150 3214 urbis
1165 3167 1277 3217 Arcadi·

146 3238 183 3287 II.
202 3253 230 3302 p.
251 3238 342 3287 2453.
364 3237 399 3285 ub
420 3236 471 3286 liae
491 3234 624 3285 Herodoti
646 3251 686 3286 re·
736 3251 786 3285 ose
800 3234 906 3285 incolae
918 3234 1073 3298 plerumque
1087 3233 1216 3285 dicuntur
1229 3235 1277 3285 Φι-

145 3310 275 3358 censione
297 3306 370 3368 ubit,
397 3321 446 3355 neo
463 3306 551 3355 servis
570 3305 686 3370 Argives
735 3305 829 3369 γαλεῐς
844 3304 928 3369 (epud
937 3304 1055 3354 Peneon.
1072 3304 1106 3365 V,
1118 3306 1143 3367 5,
1156 3305 1180 3353 4.
1197 3306 1275 3361 VIII.

145 3377 287 3438 mulieres,
300 3376 348 3426 sed
359 3375 511 3424 viciuorum
521 3375 641 3439 optimis,
657 3375 686 3424 in
739 3376 769 3423 12
787 3377 810 3436 ξ.
825 3375 850 3425 2.
865 3373 908 3426 39.
923 3376 947 3436 5.
962 3373 988 3425 3.
1004 3375 1047 3423 42.
1063 3377 1087 3436 5.
1105 3375 1130 3424 4.
1147 3375 1190 3423 41.
1209 3377 1233 3437 §.
1249 3378 1275 3426 4.

144 3448 287 3499 civitatem
302 3446 418 3509 receptis
435 3444 591 3509 coniungit,
609 3445 687 3509 Argi·
735 3444 770 3494 40
781 3444 842 3493 init.
850 3442 928 3506 alibi)
936 3448 983 3492 sut
993 3440 1199 3507 uietrrcppnd
1210 3444 1277 3493 Dio·

144 3533 240 3569 vorum
252 3515 356 3580 gloriae
368 3514 538 3564 stntliosus.“
558 3516 594 3564 W
598 3529 686 3562 esse·
736 3513 793 3562 dor.
810 3514 864 3563 Sic.
882 3513 946 3571 XV,
965 3513 1013 3573 49,
1034 3511 1083 3561 ubi
1099 3512 1154 3562 vid.
1169 3515 1276 3565 Wesse·

145 3590 221 3651 linp.
263 3585 343 3634 Hane
362 3583 504 3634 Plutarchi
521 3584 686 3634 sententium
735 3581 823 3647 ling.).
854 3583 945 3647 ipsius
956 3582 1030 3632 urbis
1046 3596 1144 3631 nomen
1156 3580 1276 3644 Φιγαλία

144 3658 184 3707 ite
200 3653 562 3719 comprobethehsmuthz
577 3653 684 3704 Hellen.
736 3657 779 3702 est
795 3653 868 3716 apud
887 3651 983 3701 Athen.
999 3652 1055 3711 XI,
1071 3650 1112 3700 14.
1135 3667 1161 3715 p.
1181 3653 1274 3711 4551),

143 3723 405 3777 Alterthumskunde
428 3724 451 3774 I.
469 3738 532 3788 pag.
550 3723 601 3774 393
621 3721 683 3772 coll.
735 3726 763 3771 et
776 3721 901 3785 pluribus
916 3720 988 3786 apud
1006 3722 1172 3770 Pausaniam
1194 3720 1274 3771 loeis:

144 3798 210 3858 428,
227 3800 259 3845 ut
271 3794 439 3843 Herodotum
451 3794 541 3842 minus
555 3797 685 3842 accurate
735 3792 783 3853 ΙΙΙ,
793 3794 836 3851 94,
852 3792 937 3852 1.111‚
953 3791 992 3841 17.
1004 3793 1029 3852 §-
1038 3792 1063 3849 8,
1077 3789 1123 3839 nbi
1135 3789 1171 3840 of.
1183 3790 1276 3842 Siebe-

145 3865 247 3916 dixisse
264 3862 331 3912 velit
351 3854 488 3925 δούλους,
511 3863 557 3927 qni
576 3862 684 3926 proprie
734 3861 768 3911 lis
785 3877 812 3925 p.
826 3861 868 3911 51.
886 3862 933 3917 VI,
945 3862 970 3910 o.
989 3859 1014 3922 ᾗ.
1030 3861 1053 3908 Ι.
1069 3860 1151 3919 Vlil,
1167 3860 1192 3911 3.
1211 3863 1235 3922 9,
1249 3864 1274 3910 2.

142 3933 383 4001 meminerint,
409 3932 502 3996 quales
523 3932 684 3992 inlrsVIIl¹
736 3932 770 3982 so
785 3931 845 3978 init.
860 3930 901 3979 41.
916 3932 940 3990 ξ.
956 3933 984 3987 43
1004 3921 1125 3990 Φιγαλὲα
1137 3929 1276 3978 invenitur

145 4005 178 4056 73
201 4008 461 4063 commemorentur,
487 4000 636 4066 qualesque
658 4001 685 4049 in
737 3999 809 4064 epnd
823 3998 951 4061 Stephan.
968 3999 1031 4059 Byz.
1052 4013 1074 4045 s.
1093 4011 1120 4046 v.
1139 4012 1201 4061 pag.
1214 3998 1275 4048 697.

144 4074 301 4136 hunnine,
321 4074 348 4121 in
366 4072 458 4132 Crete,
480 4070 542 4122 aliis
559 4070 627 4121 loeis
646 4086 686 4120 re·
738 4070 781 4118 'I'u
801 4066 904 4117 consul.
925 4068 1008 4115 etium
1026 4066 1160 4114 Mennert.
1177 4066 1274 4130 Geogr.

146 4145 275 4210 perimus.
299 4141 367 4191 Mihi
380 4140 453 4191 nulle
467 4140 566 4190 idonee
579 4142 687 4191 videtur
738 4137 763 4189 d.
778 4138 823 4187 Gr.
835 4153 861 4189 n.
877 4137 970 4186 Roem.
986 4135 1061 4185 v111.
1074 4150 1099 4198 p.
1114 4134 1165 4184 475
1177 4149 1236 4200 seq.
1248 4141 1275 4186 et

146 4220 246 4277 ceusu,
266 4228 316 4262 eur
334 4211 474 4262 Herodoto
494 4212 580 4261 minor
599 4211 628 4260 in
644 4208 686 4258 his
738 4206 863 4257 Siebelis.
876 4205 910 4255 ed
924 4205 1045 4254 Peneon.
1059 4204 1136 4263 VIII,
1150 4202 1193 4257 39.
1208 4208 1233 4269 5.
1247 4205 1272 4256 3.

147 4282 211 4334 fides
223 4281 370 4333 tribuenda
385 4280 430 4331 sit.
737 4276 806 4327 And.
814 4272 1023 4326 Bachmannut
1034 4272 1275 4337 Lycophronnu-

181 4341 351 4417 ἦνᾶρθμια]
364 4352 438 4401 Cave
449 4350 555 4401 scribes
566 4338 685 4411 ἄρθμιά.
738 4347 833 4397 xondr.
841 4346 901 4396 212.
909 4359 972 4408 pag.
981 4343 1024 4395 58.
1037 4342 1194 4393 Etiamnum
1204 4360 1275 4409 quse

148 4423 199 4472 Est
214 4423 287 4474 enim
301 4420 405 4486 plurale
417 4435 531 4481 nornen,
553 4433 596 4468 νει
610 4432 687 4480 paea·
737 4415 943 4481 antiquissimae
961 4412 1035 4463 urbis
1050 4418 1196 4479 supersunt
1213 4414 1275 4464 reli·

148 4488 688 4557 ιαι,οοντονι1ιόοι,ματενιίοδίοοοι,ιιῑ
738 4490 834 4560 quine,
861 4484 978 4535 ambitus
1001 4484 1093 4549 magni
1109 4499 1169 4535 eam
1190 4484 1275 4536 luisse

1014 4568 1079 4631 22*
