3100 5175
488 400 761 463 POLYMNIA.
785 403 856 466 VII.
881 414 941 469 139.
1218 408 1280 471 647

145 580 306 667 Πέρσησι.
342 572 405 665 τὴν
432 572 496 664 γάρ
524 572 694 665 ὠφελείην
720 576 782 667 τὴν
806 585 875 649 των
895 582 1033 669 τειχέων
1051 588 1121 651 τῶν
1146 580 1202 652 διὰ
1221 588 1281 652 τοῦ

141 680 277 770 Ἰσθμοῦ
289 683 504 768 ἐληλαμένων
524 678 564 751 οὐ
582 680 727 771 δύναμαι
742 686 933 769 πυθέσθαι,
959 681 1031 774 ἥτις
1044 680 1087 755 ἂν
1100 678 1161 775 ἦν,
1182 694 1278 774 βασι·

143 790 218 867 λέος
232 787 483 874 ἐπικρατέοντος
496 790 553 872 τῆς
567 784 749 873 θαλάσσης.
786 792 864 856 Νῦν
879 787 934 874 dt,
954 785 1155 877 Ἀθηναίους
1174 788 1217 859 άν
1230 818 1280 870 τις

143 892 254 977 λέγων
272 893 423 976 σωτῆρας
443 891 604 974 γενέσθαι
626 893 682 976 τῆς
692 885 865 977 Ἑλλάδος,
894 889 955 960 οὐκ
970 887 1013 960 dv
1035 888 1218 980 ἁμαρτάνοι
1241 892 1278 962 τό

142 993 279 1081 άληθές.
315 980 409 1061 οὗτοι
435 989 498 1078 γάρ
519 994 573 1060 ἐπὶ
595 987 735 1082 ὁκότερα
758 998 830 1063 τῶν
852 994 1055 1083 πρηγμάτων
1083 996 1276 1083 ἐτράποντο,

142 1102 248 1167 ταῦτα
263 1098 381 1184 ῥέψειν
396 1100 524 1181 ἔμελλε.
548 1094 698 1183 ἑλόμενοι
715 1095 829 1185 δὲτὴν
844 1093 985 1167 Ἑλλάδα
999 1114 1166 1186 περιεῖναι
1180 1104 1274 1170 ἐλευ-

143 1203 269 1288 θέρην,
290 1202 389 1268 τοῦτο
408 1197 444 1266 τὸ
460 1194 655 1286 Ἑλληνικόν
674 1205 742 1269 πᾶν
756 1197 793 1269 τό
807 1199 943 1287 λοιπὸν,
965 1199 1046 1272 ὅσον
1064 1201 1110 1292 μη
1131 1202 1275 1293 ἐμήδισε,

88 1317 141 1368 507
153 1301 247 1373 αὐτοὶ
263 1292 355 1371 οὗτοι
371 1292 457 1390 ἦσαν
476 1307 510 1371 ολ
527 1305 760 1390 ἐπεγείραντες
780 1305 835 1372 καλ
855 1308 995 1392 βασιλέα
1017 1306 1099 1393 μετά
1118 1334 1156 1393 με
1174 1305 1277 1387 θεοὺς

143 1403 365 1493 ἀνωσάμενοι.
406 1402 490 1474 oiri
508 1426 613 1493 σφεας
626 1406 808 1495 χρηστήρια
829 1408 957 1497 φοβερά
972 1409 1116 1479 ἐλθόντα
1134 1413 1170 1479 ἐκ
1186 1420 1274 1480 Δελ-

141 1616 183 1666 87.
194 1614 244 1676 lx,
254 1611 298 1665 97.
320 1611 362 1661 Ad
373 1610 539 1663 locutionem
551 1609 684 1676 γίνεσθαι
733 1617 869 1681 impositis
889 1615 1066 1682 deorsumque
1089 1616 1274 1682 vergentibus,

139 1677 199 1735 ὑπό
220 1697 278 1732 τινι
304 1682 376 1760 coni,
396 1681 481 1733 allata
502 1682 538 1732 ad
557 1683 622 1743 VII,
641 1683 682 1733 11.
733 1702 795 1736 curn
824 1690 881 1736 sint
910 1686 1065 1750 graviores,
1098 1686 1134 1735 ad
1161 1687 1273 1752 quasvis

139 1757 205 1806 Mox
230 1752 327 1816 scripsi
355 1748 496 1814 ωφελείην
518 1751 683 1802 Bredovinm
732 1756 898 1806 transfertur
913 1756 974 1805 dein
993 1771 1051 1819 res,
1071 1770 1139 1820 quae
1155 1756 1273 1820 pondere

140 1829 252 1876 secutus
274 1837 336 1886 pag.
354 1823 420 1884 127,
443 1821 488 1871 ubi
506 1820 591 1885 'vulgo
611 1814 683 1901 οξφε-
733 1841 783 1876 suo
799 1825 940 1890 graviores
955 1824 1133 1890 praevaleant
1150 1841 1182 1876 ac
1195 1841 1272 1892 prae-

139 1895 222 1957 λιήν,
238 1908 255 1942 a
266 1890 409 1942 Dietscbio
421 1895 556 1940 mutatum
570 1891 598 1939 in
611 1889 685 1954 mqss'·
732 1894 863 1960 poIIeant.
892 1895 967 1944 Idem
981 1893 1059 1945 affert
1069 1894 1215 1945 Homerica
1228 1896 1271 1946 lii.

139 1964 227 2014 λειαν.
245 1960 446 2026 superuenire
459 1957 514 2008 νόν
525 1951 557 2007 dd
566 1960 594 2010 iu
603 1975 680 2026 seqq.
732 1965 864 2026 V111,7·2.
877 1964 965 2027 XXII,
977 1965 1037 2014 212.
1055 1963 1158 2014 siben.
1172 1966 1207 2014 ad
1218 1966 1271 2016 Hc·

139 2033 213 2085 coni.
227 2035 297 2082 nott.
309 2028 341 2080 ad
353 2031 405 2086 111,
416 2031 458 2080 25.
483 2029 524 2079 Ad
538 2043 681 2080 socessor·
732 2034 808 2099 aych.
828 2051 849 2084 s.
866 2049 890 2083 v.
912 2033 950 2084 11.
968 2048 1030 2097 pag.
1053 2034 1128 2085 1108.
1148 2038 1206 2087 not.
1227 2036 1270 2085 27.

137 2102 228 2166 τῆρας
240 2097 373 2162 γενέσθαι
382 2098 547 2163 Wesseling.
560 2100 682 2150 conferri
731 2102 811 2166 Quod
824 2117 890 2155 uero
910 2101 998 2151 ταῦτα
1015 2104 1043 2153 iu
1064 2096 1152 2169 ταάτη
1170 2104 1272 2154 mutari

138 2172 199 2222 vult
212 2171 375 2220 Lesbonact.
391 2171 527 2233 Protropi.
547 2184 609 2233 pag.
631 2170 681 2220 174
731 2172 795 2223 olim
812 2172 939 2223 coluerat
953 2171 1041 2223 Bothe
1056 2172 1168 2224 Annott.
1181 2175 1209 2223 in
1219 2174 1271 2223 Ta·

140 2242 180 2308 [p.
199 2242 249 2293 657
268 2240 316 2292 ini.
334 2241 368 2290 Τ.
390 2240 413 2289 V
433 2236 572 2303 Bekkerq.
611 2237 679 2288 Add.
730 2248 800 2294 rent.
825 2258 886 2307 pag.
905 2242 970 2305 460,
999 2244 1096 2293 merito
1121 2244 1148 2294 id
1166 2244 1270 2308 respuit

137 2312 211 2363 Plat.
225 2312 331 2361 Menex.
344 2324 408 2374 pag.
422 2309 513 2358 24οΕ.
725 2313 801 2363 idem
816 2311 1064 2376 Schweighaeuser.

179 2373 231 2430 οόκ
253 2370 289 2428 ἂν
314 2370 473 2456 ἁμαρτάνοι
494 2369 526 2424 τὸ
549 2369 679 2442 ἀληθέσι]
763 2378 848 2430 τοῦτο
863 2373 1071 2444 τόἙλληνικόν
1086 2378 1144 2429 πᾶν
1155 2394 1182 2431 κ.
1197 2395 1221 2431 τ.
1232 2379 1268 2446 1.]

136 2450 227 2515 Vulgo
245 2442 377 2513 τάληθές.
407 2461 439 2496 το
460 2439 568 2509 &dudit
588 2446 680 2497 cFlo·
728 2452 782 2502 Pro
800 2451 884 2500 τοῦτο
904 2450 1035 2502 Valcken.
1056 2449 1161 2504 mavult
1185 2439 1269 2510 edroi,

136 2522 244 2571 rentiuo
262 2519 332 2570 libro
350 2516 459 2570 exhibet
474 2515 680 2595 Schqeigbaeu·
728 2522 863 2586 probante
875 2520 1144 2585 schweighaeugem,
1164 2521 1209 2586 qui
1228 2526 1269 2570 ta.

136 2607 223 2653 τοῖαι,
243 2591 302 2654 ipse
314 2603 466 2655 proponens
477 2582 528 2635 ῑθῦ
537 2579 677 2650 ᾱῑηθὲῦςς
728 2607 789 2642 men
801 2590 867 2642 iilud
880 2592 972 2642 addit:
993 2592 1064 2653 „Sed
1074 2592 1136 2641 vide
1150 2607 1183 2640 ne
1197 2591 1268 2640 idern

136 2662 210 2727 apud
226 2659 364 2710 Schaeier.
382 2663 410 2708 et
422 2656 537 2714 matth,
555 2672 624 2720 quos
636 2672 678 2706 se·
727 2659 812 2711 τοῦτο
829 2660 922 2712 valeat
939 2653 1080 2710 1111111111
1093 2657 1267 2710 todtointel-

135 2733 228 2797 qnitnr
250 2729 393 2780 Bekkerus
419 2742 480 2777 cum
500 2725 626 2775 Dindorf.
651 2730 678 2774 et
727 2730 902 2793 iigendum.“
938 2731 1009 2781 lsstut
1033 2735 1090 2792 est,
1113 2745 1130 2779 a
1153 2729 1267 2793 vulgata

135 2798 425 2859 I)ietsch.,invenitnr
440 2790 590 2860 τάληθέος.
614 2794 678 2847 Vul·
728 2800 868 2850 discedere
888 2815 941 2848 uon
961 2798 1046 2848 licuit.
1062 2827 1097 2837 -
1122 2799 1186 2848 Mox
1205 2799 1267 2848 dedi

135 2870 280 2922 ckeuarius
318 2866 424 2918 mavult
452 2859 612 2929 τάληθοῦς,
645 2870 677 2914 ut
727 2858 800 2936 ἦσαν
812 2885 860 2934 pro
874 2861 940 2917 ἕσαν
957 2873 985 2917 et
998 2863 1114 2934 βασιλέα
1128 2882 1177 2931 pro
1191 2863 1267 2933 duos·

135 2941 203 2990 aiibi
228 2953 333 3005 quoque
358 2937 524 2985 inveniatur.
563 2933 677 2984 Reislrio
726 2936 791 3003 λῆα.
803 2966 839 2976 -
852 2939 884 2988 In
897 2952 972 3002 seqq.
988 2929 1057 3000 μετά
1073 2950 1102 2999 ηε
1117 2930 1206 2993 θεοὺς
1220 2952 1266 2986 va-

134 3011 277 3075 piacuerut
288 3004 340 3057 τοῦ
349 2996 488 3069 ἀληθοῦς·
512 3004 645 3068 Equidem
659 3020 676 3054 a
725 3009 775 3060 let:
793 3017 852 3071 post
865 3009 926 3058 deor
940 3008 1050 3073 quidem,
1071 3006 1089 3055 i.
1104 3023 1126 3057 e.
1144 3007 1167 3056 si
1183 3005 1266 3057 odiis

133 3081 213 3131 libris
238 3086 312 3129 stare
334 3076 418 3126 malui
442 3090 523 3140 quam
544 3076 675 3124 incertam
726 3078 898 3140 discesseris,
918 3091 1031 3142 quorum
1045 3091 1127 3141 opera
1142 3076 1265 3140 inprimis

133 3150 211 3215 sequi
227 3148 428 3207 coniecturam,
447 3144 563 3209 indeque
576 3143 676 3193 rctiuul
725 3148 812 3198 adiuti
844 3146 942 3197 Graeci
971 3146 1071 3197 Persas
1098 3145 1264 3210 repulerunt.

132 3214 165 3268 τὸ
179 3209 303 3282 ἀληθὲς,
323 3232 401 3281 quem
414 3215 600 3265 accusativum
615 3212 674 3264 loco
724 3220 819 3269 Utitur
836 3218 888 3267 hoc
907 3216 967 3267 loco
979 3214 1127 3265 Blomtieid.
1144 3215 1172 3264 in
1185 3215 1265 3265 Glos-

133 3288 260 3352 genitivi,
273 3288 320 3350 qui
330 3285 398 3336 alias
408 3284 491 3335 verbo
501 3274 674 3344 ἁμαρτάνειν
725 3304 780 3339 sar.
805 3286 841 3337 ad
864 3284 990 3350 Aeschyi.
1015 3286 1043 3336 S.
1068 3303 1092 3339 c.
1113 3284 1164 3334 Tb.
1188 3284 1264 3345 1018,

132 3359 272 3423 iungitur,
291 3358 355 3421 poni
369 3355 470 3403 statuit
481 3353 609 3403 Kuehner
627 3354 674 3404 ur.
724 3373 804 3424 quem
819 3357 907 3408 locum
920 3355 1013 3406 confer
1024 3355 1071 3405 sis.
1108 3356 1169 3404 Non
1184 3354 1264 3405 aliter

132 3429 178 3479 Gr.
196 3430 220 3490 ξ.
236 3424 287 3476 513
311 3427 405 3474 11012.
421 3423 584 3487 obloquente
597 3422 675 3472 Sern—
724 3422 793 3492 perd
803 3424 1263 3487 1711,100.Ἷ,3.Ν,40.1111110111.

132 3513 208 3548 mero
219 3496 260 3545 in:
274 3496 292 3547 J
295 3492 390 3544 ubrbb.
398 3492 418 3545 f.
426 3492 560 3556 Philolog.
571 3507 598 3545 u.
607 3494 675 3543 Pac·
724 3497 820 3550 allata.
840 3497 893 3546 Pro
904 3486 1080 3557 ἀνωσάμενοι
1090 3494 1125 3543 Η.
1133 3494 1264 3560 Stephan.

131 3568 195 3632 dag.
208 3564 270 3618 Vol.
285 3564 384 3615 xxlv.
402 3577 465 3627 pag.
478 3561 542 3623 133,
561 3563 608 3626 qui
627 3577 675 3611 ac·
722 3560 920 3625 cimmeriorum,
942 3580 995 3629 quo
1009 3568 1082 3614 certe
1095 3563 1167 3614 baud
1181 3580 1263 3629 opus:

131 3636 299 3693 curativum,
323 3632 403 3683 modo
427 3646 495 3683 sana
519 3633 557 3682 sit
580 3631 672 3695 lectio,
723 3636 780 3689 vid.
798 3637 882 3699 VIII,
905 3633 953 3684 100
972 3634 1065 3698 ibique
1080 3637 1151 3683 nott.
1167 3661 1200 3668 -
1221 3634 1262 3701 hd

130 3722 187 3758 non
211 3704 246 3753 ud
264 3695 436 3768 ἁμαρτάνοι,
457 3701 504 3752 ted
525 3701 559 3751 ad
575 3697 672 3765 λέγων,
724 3711 888 3758 stnrcturam
902 3705 980 3754 uerbi
998 3694 1151 3767 ἀνέχεσθαι
1169 3702 1197 3751 in
1211 3700 1262 3753 fine

131 3774 288 3827 mentehuo
304 3788 337 3824 ex
354 3771 580 3822 antecedentibus
598 3787 674 3836 repe·
722 3793 784 3841 cap.
808 3790 868 3826 cum
892 3773 1029 3824 11111111ιί10
1054 3770 1109 3820 vid.
1133 3771 1262 3822 Kuehner

129 3844 256 3906 tendum,
272 3843 368 3893 referri
382 3842 452 3891 vult·
723 3841 1034 3905 (11.01.1.600.11ο1.1.
1059 3842 1102 3889 Tu
1117 3840 1178 3892 add.
1191 3856 1262 3906 quaa

169 3914 259 3963 ταῦτα
276 3906 385 3977 ῥέψειν]
407 3913 508 3973 „Istrus
523 3919 615 3975 portes
631 3926 672 3961 se·
722 3917 756 3967 ad
770 3913 910 3978 Euripidis
925 3911 1063 3961 Phoeniss.
1083 3909 1134 3959 549
1151 3927 1261 3961 monue-

127 3991 266 4052 querentur
286 3982 332 4046 (ad
352 3996 419 4047 quas
437 3997 467 4030 se
481 3985 673 4032 converterent
721 3988 786 4035 runt
799 3982 867 4034 God.
878 3983 1024 4031 Hermann.
1037 3977 1111 4043 (pag.
1122 3980 1166 4043 54)
1180 3985 1261 4044 nique

126 4052 338 4115 Athenienses),
353 4059 499 4117 ecepcrtes
508 4054 670 4115 praeponde-
722 4053 803 4115 Geel,
825 4058 852 4101 et
869 4050 941 4101 conf.
959 4048 1099 4100 Plutarch.
1116 4050 1173 4100 vit.
1192 4053 1261 4099 Mar.

127 4125 454 4187 raeoroe‚praeoaiimroe
468 4130 554 4181 erunt,
569 4123 584 4169 1.
597 4137 619 4171 e.
631 4138 672 4169 su·
722 4123 764 4174 20.
812 4121 897 4171 Adfert
927 4134 1033 4183 quoqne
1056 4120 1150 4168 Nostri
1173 4119 1261 4168 locum

124 4199 246 4259 perior-es
255 4200 329 4243 erant
336 4191 469 4254 saturae.“
486 4190 671 4252 IiaSchweig·
721 4194 836 4253 Stranqe
848 4187 972 4253 (Jahrbb.
983 4188 1001 4239 1,
1011 4186 1144 4252 Philolog.
1156 4204 1182 4238 u.
1194 4190 1261 4238 Pae·

126 4266 226 4316 haeus.
244 4264 271 4312 in
288 4263 382 4313 Lexic.
396 4261 501 4312 Herod.
514 4262 551 4311 11.
567 4276 593 4323 p.
608 4260 669 4321 264,
722 4263 783 4326 dag.
796 4258 890 4324 Suppl.
905 4259 952 4310 IV.
967 4274 992 4322 p.
1007 4256 1085 4321 332),
1100 4258 1147 4308 ubi
1159 4258 1192 4308 de
1206 4258 1261 4310 dis—

126 4333 231 4386 ubido
252 4348 303 4383 usu
325 4332 402 4382 verbi
428 4324 525 4396 ᾇὲπειν
551 4329 671 4388 disserit,
722 4330 834 4381 crimine
848 4331 907 4393 agit
922 4331 1077 4379 structurae
1092 4328 1173 4380 huius
1184 4328 1262 4379 verbi

125 4403 203 4472 quod
228 4403 261 4454 de
288 4403 367 4453 lance
391 4402 499 4466 proprie
521 4399 671 4450 adhibitum
723 4416 784 4451 cum
803 4399 949 4465 participio
968 4402 996 4448 et
1012 4397 1161 4461 infinitivo,
1182 4415 1261 4464 quem

125 4476 254 4527 deorsum
267 4476 398 4538 vergente
411 4488 445 4523 ac
462 4472 494 4522 de
506 4471 587 4521 rebus
600 4469 673 4520 lsnci
722 4472 747 4522 h.
760 4470 779 4523 1.
794 4469 920 4521 consulto
940 4483 956 4518 a
973 4469 1073 4519 Nostro
1089 4470 1154 4535 poni
1174 4469 1261 4533 addit,
