3100 5175
447 430 719 493 POLYMNIA.
742 430 813 491 VII.
835 438 878 494 26.
900 440 945 496 27·
1200 430 1262 493 489

124 603 354 692 παρεγένοντο
372 607 406 684 ἐς
427 602 609 690 Κελαινὰς,
635 607 692 673 ἵνα
713 605 816 693 πηγαὶ
835 599 1035 674 ἀναδιδοῦσι
1057 603 1263 691 Μαιάνδρου

125 713 299 796 ποταμοῦ,
319 709 374 776 καλ
394 710 509 797 ἑτέρου
527 704 589 776 οῦκ
608 705 786 787 ἐλάσσονος
799 701 820 796 ἢ
835 706 1056 797 Μαιάνδρου,
1077 715 1122 801 τῷ
1135 706 1264 797 οῦυομα

124 812 286 899 τυγχάνει
301 810 358 882 ἐὰν
372 811 628 902 Καταρρήκτης,
649 807 685 891 ὃς
699 814 731 895 ἐξ
746 807 849 898 αὐτῆς
862 815 919 899 τῆς
932 808 1055 900 ἀγορῆς
1069 818 1126 902 της
1139 820 1263 885 Κελαι-

124 918 217 985 νέων
235 913 428 985 ἀνατέλλων
449 919 483 996 ἐς
500 913 559 984 τδυ
575 919 778 1004 Μαίανδρου
798 916 943 1000 ἐκδιδοῖ,
961 917 1011 984 δν
1030 921 1070 1007 τῇ
1090 917 1147 985 καὶ
1168 911 1185 984 ὁ
1204 920 1265 989 τοῦ

125 1025 281 1108 Σιληνοῦ
301 1019 474 1107 Μαρσύεω
502 1016 603 1100 ἀσκός
628 1020 727 1108 ἕκτῇ
755 1017 833 1088 πόλι
852 1014 1094 1108 ἀνακρέμαται,
1120 1016 1181 1089 τὸν
1198 1015 1265 1088 iot

125 1129 278 1211 Φρυγῶν
297 1123 394 1209 λόγος
408 1131 474 1212 ἔχει
493 1119 560 1192 ὑπὸ
578 1118 788 1202 Ἀιτόλλωνος
801 1125 983 1210 ἐκδαρέντα
1003 1119 1260 1213 ἀνακρεμασθῆ-

126 1254 195 1296 ναι.
233 1224 286 1296 ’Eu
299 1226 404 1317 ταῦτη
425 1233 467 1317 τῇ
479 1226 556 1297 πόλι
578 1220 829 1315 ὑποκατήμενος
843 1224 976 1306 Πύθιος
990 1221 1008 1295 δ
1020 1224 1156 1313 Ἄτυος,
1178 1224 1311 1315 ἀνὴρῖῖ

162 1419 193 1485 ἐς
207 1420 358 1493 Κελαινὰς]
375 1428 417 1481 De
430 1426 482 1477 hac
494 1427 561 1478 urbe
573 1430 672 1494 prima·
724 1444 797 1492 rum,
812 1428 858 1494 qui
874 1428 902 1478 id
916 1429 1004 1495 Ipsum
1017 1428 1044 1477 in
1057 1431 1135 1478 textu
1148 1427 1266 1478 forsitan

125 1500 161 1548 rii
181 1503 247 1548 sunt
265 1497 319 1548 loci
333 1496 522 1562 Xenophontis
543 1499 570 1547 in
584 1498 672 1549 Anah.
723 1499 819 1564 reponi
834 1514 914 1563 posse
935 1498 1097 1563 suspicatur.
1131 1497 1266 1563 Equidem

127 1570 151 1625 1.
164 1572 191 1620 2.
207 1571 232 1631 5.
246 1571 271 1631 7,
287 1568 361 1617 Livii
373 1567 528 1629 xxxvlu,
543 1567 585 1631 13,
599 1568 671 1620 Plin.
723 1569 808 1621 verbs
820 1562 850 1616 ἐν
868 1566 902 1633 τῇ
920 1559 985 1617 πόλι
1000 1568 1124 1634 quamvis
1141 1567 1200 1632 ipsa
1218 1583 1266 1633 per

126 1640 166 1698 V,
181 1640 217 1687 29
233 1636 270 1701 (g.
286 1635 364 1702 106),
384 1636 475 1688 Strah.
490 1638 555 1689 XII.
576 1653 603 1702 p.
621 1638 672 1689 578
723 1639 814 1690 sorix
827 1637 999 1699 necessaria,
1018 1636 1054 1687 ad
1072 1636 1207 1688 meliorem
1223 1643 1265 1687 ta-

126 1726 148 1762 ε.
160 1706 213 1757 866
222 1709 252 1757 Β.
266 1708 343 1757 ΧΙΙΙ.
357 1722 382 1771 p.
391 1707 443 1759 693
456 1722 478 1760 ε.
489 1706 540 1758 899
547 1706 588 1770 O„
604 1723 672 1772 quos
723 1724 785 1758 men
795 1708 848 1758 loci
859 1707 1024 1758 sententiam
1036 1722 1052 1755 a
1062 1707 1196 1772 scriptore
1208 1722 1267 1758 ver·

127 1778 164 1828 ud
184 1776 375 1842 Xenophontis
391 1775 481 1827 locum
502 1782 576 1828 recte
594 1778 672 1828 affert
723 1778 819 1829 borum
843 1778 953 1827 minime
980 1793 1062 1842 parco
1081 1776 1191 1827 adiecta
1209 1792 1267 1827 cre·

126 1850 262 1912 Krueger.
298 1845 368 1896 Add.
392 1847 537 1911 Forbiger:
561 1847 672 1897 Handb.
725 1848 800 1898 dam:
817 1862 889 1913 quae
901 1846 994 1897 cadem
1007 1849 1123 1897 recentt.
1138 1846 1198 1897 edd.
1212 1862 1266 1897 me·

127 1919 153 1968 d.
170 1916 220 1967 alt.
235 1915 389 1981 Geograph.
404 1916 439 1965 II.
458 1932 484 1981 p.
500 1915 550 1967 345
570 1922 598 1967 et
617 1917 672 1967 vid.
723 1918 779 1968 rito
796 1917 980 1980 retinuerunt,
1006 1932 1067 1966 cum
1091 1915 1119 1965 in
1140 1917 1266 1967 omnibus

127 1993 199 2039 nott.
216 1987 251 2037 ad
264 1985 389 2036 Herodot
412 1988 454 2048 V,
471 1988 519 2037 118
542 1985 673 2037 'Ichihat
723 1987 801 2037 libris
823 1986 935 2052 scriptis
956 1986 1145 2045 invenientur;
1168 1988 1288 2051 Empc-‘

128 2057 212 2108 cheli:
232 2056 295 2107 Asie
307 2056 429 2105 ruincure
439 2056 460 2104 Ι,
473 2073 499 2121 p.
510 2057 570 2106 255.
594 2056 673 2119 Quod
722 2058 781 2109 rius
795 2056 923 2122 (Opuscc.
938 2055 1084 2121 philologg.
1100 2054 1141 2105 ed.
1158 2054 1268 2107 Schnei-

127 2144 195 2178 vcro
206 2124 323 2178 Salmas.
337 2125 371 2174 nd
382 2124 468 2176 Solin.
479 2141 543 2191 pag.
555 2124 606 2176 580
615 2143 672 2189 seq.
723 2127 822 2179 donin.
837 2142 863 2190 p.
876 2124 944 2189 slei
959 2125 1115 2176 coniecerat
1132 2116 1161 2173 ἔν
1175 2126 1264 2176 πίτυι.

127 2196 203 2262 apud
217 2195 385 2246 Herodotum
403 2194 487 2246 scribi
503 2194 602 2246 voluit:
626 2187 674 2244 ἐὸν
724 2196 777 2258 Qui
790 2197 918 2261 Marsyae
929 2195 1015 2245 Sileni
1025 2186 1112 2251 ἀσκὸς
1125 2191 1204 2260 (uter)
1219 2211 1268 2258 ap·

127 2259 288 2331 Μαρσῦης,
314 2254 347 2321 ῦς
364 2256 561 2328 καταρρήκτης
580 2256 608 2325 ἐξ
624 2254 674 2313 cri-
723 2265 857 2331 pellatur,
874 2265 1047 2330 Xenophonti
1061 2263 1159 2328 (Anah.
1170 2265 1192 2326 Ι,
1203 2267 1227 2329 2,
1238 2262 1266 2328 8)

126 2338 177 2401 τῆς
191 2332 242 2401 τῆς
255 2326 345 2400 ἀκρης
360 2331 415 2382 τῶν
431 2328 590 2383 Κελαινέων
604 2326 672 2384 ἀνα·
725 2341 767 2386 est
790 2332 879 2397 δέρμα
902 2335 1014 2400 (pellis),
1033 2330 1148 2384 Aeliano
1167 2333 1213 2399 (V.
1231 2335 1266 2385 H.

60 2414 62 2419 ’
127 2404 247 2463 τὲλλιου,
263 2421 294 2456 eo
308 2405 354 2456 vix
369 2419 446 2468 opus,
460 2403 536 2453 libris
551 2420 673 2469 praescr·
723 2405 810 2468 XIII,
826 2404 876 2469 21)
893 2396 978 2466 depol,
1002 2404 1049 2453 ubi
1061 2403 1117 2454 vid.
1129 2402 1268 2454 Perizonii

129 2478 177 2526 tim
197 2476 292 2525 invitis
311 2473 452 2536 omnibus,
474 2490 550 2539 cum,
570 2479 601 2525 ut
618 2476 672 2524 iam
724 2478 817 2525 notam
829 2489 875 2525 eoa
888 2473 1126 2538 reprehendentis,
1147 2471 1268 2539 quivul-

128 2545 285 2613 supradixi
310 2545 446 2609 Marsyas,
457 2558 535 2610 quem
549 2545 673 2597 Herodo—
721 2545 776 2596 lam
790 2545 877 2597 secuti
892 2542 1018 2609 Μανεμαι
1030 2544 1119 2607 pellem
1132 2544 1202 2595 utris
1215 2543 1268 2594 for-

130 2623 173 2668 tna
193 2617 272 2667 novit
286 2581 305 2672 l.
318 2615 352 2676 1.,
372 2615 518 2679 praecipiti
532 2631 613 2666 cursu
624 2616 672 2666 Ce-
723 2632 768 2666 rua
781 2631 940 2680 suspensam
953 2630 975 2663 s.
985 2615 1012 2663 in
1023 2621 1108 2664 utrem
1121 2613 1268 2664 formatam

128 2687 218 2739 laenis
230 2685 293 2736 dum
302 2683 447 2747 laberetur,
462 2685 496 2734 ab
508 2685 605 2735 incolis
617 2686 673 2735 Iiu-
724 2702 757 2737 ac
771 2700 930 2749 suspensum
945 2698 1005 2734 esse
1019 2682 1195 2744 crediderint,
1207 2700 1267 2734 cum

128 2749 290 2821 ταρρηκτης
308 2754 375 2806 bene
393 2756 527 2805 nominari
542 2757 671 2819 potuerit.
722 2746 810 2811 ἀσκὸς
824 2754 896 2818 apud
907 2752 1078 2803 Herodotum
1092 2754 1153 2817 ipsa
1164 2753 1202 2802 sit
1214 2757 1269 2817 pe!-

179 2822 368 2889 ἀναδιδοῦσι]
402 2823 609 2890 Intelligendum
642 2816 673 2874 τδ
724 2827 763 2874 lis.
792 2822 1268 2884 AtVallaepatrocinaturPlatouis

130 2888 219 2960 ὕδωρ,
231 2900 263 2946 ut
274 2894 310 2945 ad
321 2885 437 2943 ἐκδιδοῖ
445 2895 507 2950 vn.
520 2892 563 2945 30.
579 2895 626 2956 IV,
639 2893 672 2944 85
723 2893 801 2944 locus
821 2893 849 2942 in
869 2891 987 2955 Enthyd.
1008 2907 1033 2956 p.
1053 2891 1145 2943 2851).
1170 2907 1196 2955 p.
1216 2893 1269 2942 420

130 2967 198 3034 ihiq.
211 2967 271 3016 citt.
292 2964 371 3018 Conl.
384 2963 466 3014 etiam
477 2963 636 3036 allataadl,
647 2963 673 3014 6.
725 2962 811 3013 Bekh.
844 2959 950 3026 (ibique
974 2959 1119 3011 Scholiast.
1147 2977 1209 3027 pag.
1234 2963 1269 3013 96

129 3036 326 3088 λοοιιεελὶναω
337 3035 438 3084 Noster
451 3032 558 3083 addidit
570 3033 598 3093 1,
615 3031 672 3094 179,
724 3029 1123 3094 Ruhnk.et11eind0rf.p.346)
1133 3031 1269 3095 probanti·

130 3108 175 3157 nbi
198 3122 259 3168 cnm
279 3103 358 3155 Held.
375 3103 409 3154 ad
425 3102 563 3153 Plutarch.
581 3103 673 3152 Timo·
724 3098 1269 3166 busWesseling.‚Valclren.ctSchweig·

129 3175 214 3228 leont.
222 3175 304 3241 pltrz
312 3189 368 3238 seq.
376 3172 516 3225 commode
524 3171 674 3223 reddideris
724 3172 868 3222 hacnsero.
890 3171 932 3220 Dc
945 3170 1005 3234 ipso
1015 3171 1135 3235 Ματεμα,
1148 3171 1271 3236 Hyagni·

130 3249 272 3310 orrsrter'pen
284 3244 471 3298 larem—De
481 3245 620 3292 structura
630 3256 676 3306 ge·
725 3242 767 3292 dis
787 3240 916 3306 Phrygii,
944 3239 991 3305 qui
1013 3240 1109 3291 tibIam
1131 3240 1269 3291 iuvenisse

130 3317 211 3366 nitivi
226 3305 400 3376 Μαιάνδρου
419 3312 477 3378 (ubi
494 3311 675 3376 exspectabas
725 3312 827 3372 fertur,
843 3310 897 3360 tilio
911 3309 1058 3376 eodemque
1072 3309 1186 3361 tibicine
1200 3309 1269 3360 calc·

132 3377 183 3450 ἧδ
206 3380 392 3448 Μαίανδρος)
413 3384 447 3433 ολ)
468 3381 674 3433 antecedentem
726 3382 858 3442 bertino,
881 3382 927 3446 qui
945 3395 1006 3430 curu
1019 3378 1144 3446 Apolline
1160 3387 1270 3431 cortens

132 3456 281 3520 genitivum
296 3442 404 3514 (ἑτέρου
415 3443 468 3500 οῦκ
480 3438 674 3515 ἐλάσσουοςκῖ)
727 3450 904 3504 succubuisse
925 3449 1024 3511 fertur,
1045 3449 1116 3500 coni.
1130 3449 1268 3502 Plutarch.

133 3526 217 3588 positi
236 3540 283 3589 par
299 3521 523 3573 assimilationem
540 3520 675 3586 quandam
727 3522 764 3573 11.
784 3537 839 3587 pag
871 3518 976 3571 ntes.
995 3519 1100 3572 113313.
1117 3520 1196 3570 Diod.
1214 3520 1269 3570 Sic.

132 3597 188 3647 vid.
207 3592 335 3644 Kuehner
354 3593 401 3645 Gr.
421 3592 466 3642 Gr.
488 3595 513 3653 §.
533 3590 629 3650 748‚b
648 3593 676 3640 et
726 3592 779 3655 III,
787 3590 831 3641 59.
845 3589 948 3654 Hygin.
958 3588 1081 3643 santet.
1094 3589 1178 3640 Plura
1188 3591 1271 3640 Creu·

132 3663 251 3716 Ullrich:
270 3663 400 3727 Beitriige
417 3677 451 3711 zu
465 3660 619 3725 Thucydid.
637 3661 675 3713 11.
727 3673 772 3713 ter
788 3663 828 3711 in:
848 3660 938 3712 Wien.
953 3659 1069 3710 Jahrbb.
1082 3659 1141 3709 Vol.
1155 3661 1228 3709 Lxl.
1240 3675 1268 3779 η,

134 3736 215 3798 ptr.
244 3723 676 3798 lnceqqoonfueverbodva·
730 3727 1229 3793 lidetPreller:Grieeh.Mytholog.
1262 3762 1270 3779 .

133 3798 236 3854 τίλλειν
253 3804 363 3865 1V,52,
386 3800 527 3853 ubietiam
549 3801 581 3851 de
598 3799 675 3849 fluvii
727 3818 753 3867 p.
770 3802 821 3850 454
835 3815 909 3865 seqq.
1030 3808 1033 3816 ’

133 3880 194 3925 ortu
207 3873 315 3924 dicitur.
763 3867 846 3934 λόγος
857 3861 925 3933 ἔχει]
944 3867 1004 3918 Vid.
1021 3870 1092 3918 nott.
1106 3867 1140 3916 ad
1156 3866 1188 3930 V,
1205 3866 1248 3918 69.

168 3935 198 3992 ἐν
218 3939 255 4006 τῇ
271 3929 425 3990 καλῦτοῦ
443 3935 571 4004 Σιληνοῦ
592 3937 675 4001 Μαρ-
1024 3988 1033 4002 ‚
1125 3947 1131 3959 ·

135 4007 205 4062 σῦεω
221 4005 309 4068 ἀσκὸς
329 4001 359 4059 δν
375 4006 410 4074 τῇ
431 3999 496 4057 πόλι
517 3998 674 4071 ἀνακρέμα-
864 4065 871 4080 .
898 3986 964 4040 0³¹¹·
986 3985 1107 4079 Xhl‘flls

135 4082 190 4148 ται]
210 4082 277 4133 Cum
290 4080 436 4131 antecedat
450 4071 480 4125 ἐν
493 4075 537 4144 τῇ,
551 4093 632 4127 voces
646 4070 676 4125 ἐν
757 4066 805 4123 Ἐν
817 4088 906 4138 ταυτη
917 4070 952 4137 τῇ
964 4065 1029 4122 πόλι
1041 4065 1268 4134 οαοκατήμενος]

135 4149 167 4218 τῇ
177 4145 242 4202 πόλι
251 4156 300 4201 aut
308 4165 418 4216 prorsus
429 4147 567 4212 delendas,
576 4147 675 4212 quippe
726 4146 779 4197 ie.
792 4143 883 4194 iubae
897 4143 963 4194 urbe
979 4142 1113 4193 ιαδεαλταε
1129 4147 1157 4190 et
1171 4141 1270 4191 Xerxis

136 4237 150 4270 o
168 4220 311 4287 marginali
327 4219 420 4285 glossa
435 4218 464 4268 in
482 4221 586 4269 textum
603 4230 674 4265 rece·
727 4214 875 4265 adventum
888 4222 1050 4275 exspectaus.
1074 4210 1178 4260 Eodem
1191 4210 1270 4261 modo

135 4295 211 4354 ptos,
228 4295 277 4341 aut
289 4306 336 4355 pro
350 4279 381 4337 ἔν
393 4284 429 4352 τῇ
437 4277 589 4347 ἀκροπόλει
605 4285 676 4335 acci-
727 4283 799 4335 idem
811 4283 923 4334 verbum
940 4282 1022 4338 VIII.
1036 4281 1080 4331 49.
1115 4279 1198 4331 Plura
1215 4279 1270 4330 alia

136 4361 251 4423 piendas
273 4360 380 4411 censuit
405 4355 622 4412 Valckenarius.
648 4355 675 4404 iu
726 4353 804 4404 dabit
820 4353 952 4402 Thesaur.
972 4351 1050 4416 Ling.
1070 4349 1168 4401 Graec.
1188 4351 1269 4405 VIII.

136 4445 187 4493 quo
210 4432 270 4495 ipso
293 4428 488 4480 assentientem
509 4429 607 4475 nactus
634 4428 676 4473 est
727 4439 754 4489 p.
768 4422 817 4473 3⁴1
833 4422 876 4475 ed.
891 4421 1028 4480 Diodori„

135 4499 298 4551 Larchorum
327 4503 409 4565 atque
434 4494 675 4561 Schweighaeuse·
762 4483 898 4559 δ’λτυος]
915 4490 1008 4543 Plures
1021 4488 1084 4542 libri
1097 4505 1157 4541 cum
1172 4490 1272 4540 Eusta-
