<?xml version="1.0" encoding="UTF-8"?>
<!DOCTYPE html PUBLIC "-//W3C//DTD XHTML 1.0 Transitional//EN"
    "http://www.w3.org/TR/xhtml1/DTD/xhtml1-transitional.dtd">
<html xmlns="http://www.w3.org/1999/xhtml" xml:lang="en" lang="en">
 <head>
  <title>
</title>
<meta http-equiv="Content-Type" content="text/html;charset=utf-8" />
  <meta name='ocr-system' content='tesseract 3.04.00' />
  <meta name='ocr-capabilities' content='ocr_page ocr_carea ocr_par ocr_line ocrx_word'/>
</head>
<body>
  <div class='ocr_page' id='page_1' title='image "./herodotihalicar01unkngoog/herodotihalicar01unkngoog_0453.png"; bbox 0 0 3100 5175; ppageno 0'>
   <div class='ocr_carea' id='block_1_1' title="bbox 1226 439 1285 501">
    <p class='ocr_par' dir='ltr' id='par_1_1' title="bbox 1226 439 1285 501">
     <span class='ocr_line' id='line_1_1' title="bbox 1226 439 1285 501; baseline -0.034 0"><span class='ocrx_word' id='word_1_1' title='bbox 1226 439 1285 501; x_wconf 88' lang='grc'>441</span> 
     </span>
    </p>
   </div>
   <div class='ocr_carea' id='block_1_2' title="bbox 513 394 931 506">
    <p class='ocr_par' dir='ltr' id='par_1_2' title="bbox 513 394 931 506">
     <span class='ocr_line' id='line_1_2' title="bbox 513 394 931 506; baseline -0.005 -3"><span class='ocrx_word' id='word_1_2' title='bbox 513 394 787 503; x_wconf 74' lang='lat' dir='ltr'>rensuum.</span> <span class='ocrx_word' id='word_1_3' title='bbox 811 442 881 501; x_wconf 71' lang='lat' dir='ltr'>vn.</span> <span class='ocrx_word' id='word_1_4' title='bbox 905 451 931 506; x_wconf 81' lang='lat' dir='ltr'>e.</span> 
     </span>
    </p>
   </div>
   <div class='ocr_carea' id='block_1_3' title="bbox 154 611 1289 705">
    <p class='ocr_par' dir='ltr' id='par_1_3' title="bbox 154 611 1289 705">
     <span class='ocr_line' id='line_1_3' title="bbox 154 611 1289 705; baseline -0.004 -19"><span class='ocrx_word' id='word_1_5' title='bbox 154 645 217 704; x_wconf 90' lang='grc' dir='ltr'>γον</span> <span class='ocrx_word' id='word_1_6' title='bbox 230 643 265 685; x_wconf 88' lang='grc' dir='ltr'>τε</span> <span class='ocrx_word' id='word_1_7' title='bbox 286 615 342 684; x_wconf 84' lang='grc' dir='ltr'>καλ</span> <span class='ocrx_word' id='word_1_8' title='bbox 362 618 525 703; x_wconf 72' lang='grc' dir='ltr'>διαθέτην</span> <span class='ocrx_word' id='word_1_9' title='bbox 545 621 703 705; x_wconf 75' lang='grc' dir='ltr'><strong><em>χρησμῶν</em></strong></span> <span class='ocrx_word' id='word_1_10' title='bbox 724 620 794 684; x_wconf 75' lang='grc' dir='ltr'>τῶν</span> <span class='ocrx_word' id='word_1_11' title='bbox 810 621 997 685; x_wconf 82' lang='grc' dir='ltr'><strong><em>Μουσαίου.</em></strong></span> <span class='ocrx_word' id='word_1_12' title='bbox 1035 611 1289 705; x_wconf 76' lang='grc' dir='ltr'><em>ἀναβεβήκεσαν</em></span> 
     </span>
    </p>
   </div>
   <div class='ocr_carea' id='block_1_4' title="bbox 154 814 1291 1509">
    <p class='ocr_par' dir='ltr' id='par_1_4' title="bbox 154 814 1291 1509">
     <span class='ocr_line' id='line_1_4' title="bbox 155 814 1287 887; baseline -0.005 -16"><span class='ocrx_word' id='word_1_13' title='bbox 155 820 286 885; x_wconf 75' lang='lat' dir='ltr'>quidnter</span> <span class='ocrx_word' id='word_1_14' title='bbox 300 817 402 882; x_wconf 85' lang='lat' dir='ltr'>Orphei</span> <span class='ocrx_word' id='word_1_15' title='bbox 421 815 493 867; x_wconf 88' lang='lat' dir='ltr'>lilios</span> <span class='ocrx_word' id='word_1_16' title='bbox 506 833 528 866; x_wconf 92' lang='lat' dir='ltr'>s.</span> <span class='ocrx_word' id='word_1_17' title='bbox 546 816 697 883; x_wconf 88' lang='lat' dir='ltr'>discipulos</span> <span class='ocrx_word' id='word_1_18' title='bbox 718 880 722 887; x_wconf 39' lang='grc'>,</span> <span class='ocrx_word' id='word_1_19' title='bbox 748 817 767 867; x_wconf 87' lang='grc'>1.</span> <span class='ocrx_word' id='word_1_20' title='bbox 783 816 915 882; x_wconf 88' lang='lat' dir='ltr'>Philolog.</span> <span class='ocrx_word' id='word_1_21' title='bbox 932 831 958 867; x_wconf 91' lang='lat' dir='ltr'>u.</span> <span class='ocrx_word' id='word_1_22' title='bbox 979 817 1100 881; x_wconf 84' lang='lat' dir='ltr'>Psedag.</span> <span class='ocrx_word' id='word_1_23' title='bbox 1113 814 1209 882; x_wconf 84' lang='lat' dir='ltr'>Suppl.</span> <span class='ocrx_word' id='word_1_24' title='bbox 1227 817 1287 867; x_wconf 88' lang='lat' dir='ltr'>Vll.</span> 
     </span>
     <span class='ocr_line' id='line_1_5' title="bbox 154 886 1290 952; baseline -0.004 -13"><span class='ocrx_word' id='word_1_25' title='bbox 154 891 303 950; x_wconf 82' lang='lat' dir='ltr'>terebatur,</span> <span class='ocrx_word' id='word_1_26' title='bbox 319 888 354 936; x_wconf 92' lang='lat' dir='ltr'>ad</span> <span class='ocrx_word' id='word_1_27' title='bbox 367 888 559 952; x_wconf 87' lang='lat' dir='ltr'>antiquissima</span> <span class='ocrx_word' id='word_1_28' title='bbox 572 888 618 939; x_wconf 87' lang='lat' dir='ltr'>illa</span> <span class='ocrx_word' id='word_1_29' title='bbox 633 896 699 938; x_wconf 87' lang='lat' dir='ltr'>tem·</span> <span class='ocrx_word' id='word_1_30' title='bbox 746 903 809 952; x_wconf 86' lang='lat' dir='ltr'>pag.</span> <span class='ocrx_word' id='word_1_31' title='bbox 828 887 891 949; x_wconf 79' lang='lat'><strong>408,</strong></span> <span class='ocrx_word' id='word_1_32' title='bbox 909 886 939 936; x_wconf 79' lang='grc' dir='ltr'>Ο.</span> <span class='ocrx_word' id='word_1_33' title='bbox 961 887 991 939; x_wconf 78' lang='grc'>1·“.</span> <span class='ocrx_word' id='word_1_34' title='bbox 1009 887 1160 941; x_wconf 84' lang='lat' dir='ltr'>llermann:</span> <span class='ocrx_word' id='word_1_35' title='bbox 1182 887 1290 937; x_wconf 87' lang='lat' dir='ltr'>Gottes·</span> 
     </span>
     <span class='ocr_line' id='line_1_6' title="bbox 155 954 1288 1024; baseline -0.003 -17"><span class='ocrx_word' id='word_1_36' title='bbox 155 974 222 1024; x_wconf 87' lang='lat' dir='ltr'>pora</span> <span class='ocrx_word' id='word_1_37' title='bbox 234 958 363 1023; x_wconf 85' lang='lat' dir='ltr'>pertinet,</span> <span class='ocrx_word' id='word_1_38' title='bbox 375 956 478 1021; x_wconf 83' lang='lat' dir='ltr'>Orphei</span> <span class='ocrx_word' id='word_1_39' title='bbox 493 957 566 1007; x_wconf 87' lang='lat' dir='ltr'>ratis</span> <span class='ocrx_word' id='word_1_40' title='bbox 576 957 639 1008; x_wconf 93' lang='lat' dir='ltr'>olim</span> <span class='ocrx_word' id='word_1_41' title='bbox 653 976 697 1008; x_wconf 84' lang='lat' dir='ltr'>cc·</span> <span class='ocrx_word' id='word_1_42' title='bbox 748 955 857 1006; x_wconf 90' lang='lat' dir='ltr'>dienstl.</span> <span class='ocrx_word' id='word_1_43' title='bbox 880 955 997 1006; x_wconf 78' lang='lat' dir='ltr'>Altertlr.</span> <span class='ocrx_word' id='word_1_44' title='bbox 1017 957 1042 1007; x_wconf 87' lang='lat' dir='ltr'>d.</span> <span class='ocrx_word' id='word_1_45' title='bbox 1069 956 1176 1007; x_wconf 83' lang='lat' dir='ltr'>Grieoh.</span> <span class='ocrx_word' id='word_1_46' title='bbox 1202 960 1227 1019; x_wconf 66' lang='lat'>§-</span> <span class='ocrx_word' id='word_1_47' title='bbox 1245 954 1288 1005; x_wconf 77' lang='lat'>37.</span> 
     </span>
     <span class='ocr_line' id='line_1_7' title="bbox 155 1025 1290 1093; baseline -0.002 -15"><span class='ocrx_word' id='word_1_48' title='bbox 155 1028 292 1080; x_wconf 88' lang='lat' dir='ltr'>leberrimi</span> <span class='ocrx_word' id='word_1_49' title='bbox 311 1027 421 1076; x_wconf 88' lang='lat' dir='ltr'>nomine</span> <span class='ocrx_word' id='word_1_50' title='bbox 437 1027 578 1091; x_wconf 85' lang='lat' dir='ltr'>insignito,</span> <span class='ocrx_word' id='word_1_51' title='bbox 599 1028 697 1093; x_wconf 86' lang='lat' dir='ltr'>quibus</span> <span class='ocrx_word' id='word_1_52' title='bbox 748 1032 805 1076; x_wconf 90' lang='lat' dir='ltr'>not.</span> <span class='ocrx_word' id='word_1_53' title='bbox 820 1027 862 1078; x_wconf 82' lang='grc'>21.</span> <span class='ocrx_word' id='word_1_54' title='bbox 895 1026 972 1076; x_wconf 90' lang='lat' dir='ltr'>Unde</span> <span class='ocrx_word' id='word_1_55' title='bbox 984 1031 1058 1076; x_wconf 86' lang='lat' dir='ltr'>recte</span> <span class='ocrx_word' id='word_1_56' title='bbox 1071 1025 1141 1076; x_wconf 89' lang='lat' dir='ltr'>hanc</span> <span class='ocrx_word' id='word_1_57' title='bbox 1154 1042 1249 1076; x_wconf 87' lang='lat' dir='ltr'>vooem</span> <span class='ocrx_word' id='word_1_58' title='bbox 1262 1027 1290 1076; x_wconf 88' lang='lat' dir='ltr'>in</span> 
     </span>
     <span class='ocr_line' id='line_1_8' title="bbox 156 1095 1290 1160; baseline -0.004 -12"><span class='ocrx_word' id='word_1_59' title='bbox 156 1114 199 1148; x_wconf 90' lang='lat' dir='ltr'>res</span> <span class='ocrx_word' id='word_1_60' title='bbox 216 1113 312 1147; x_wconf 87' lang='lat' dir='ltr'>sacrae</span> <span class='ocrx_word' id='word_1_61' title='bbox 326 1102 353 1144; x_wconf 90' lang='lat' dir='ltr'>et</span> <span class='ocrx_word' id='word_1_62' title='bbox 364 1099 489 1145; x_wconf 83' lang='lat' dir='ltr'>notiones</span> <span class='ocrx_word' id='word_1_63' title='bbox 506 1097 539 1145; x_wconf 91' lang='lat' dir='ltr'>de</span> <span class='ocrx_word' id='word_1_64' title='bbox 560 1098 641 1148; x_wconf 85' lang='lat' dir='ltr'>rebus</span> <span class='ocrx_word' id='word_1_65' title='bbox 658 1097 699 1145; x_wconf 82' lang='lat' dir='ltr'>‹ti-</span> <span class='ocrx_word' id='word_1_66' title='bbox 747 1095 862 1147; x_wconf 87' lang='lat' dir='ltr'>Luciani</span> <span class='ocrx_word' id='word_1_67' title='bbox 874 1095 1021 1145; x_wconf 79' lang='lat' dir='ltr'>Alexandr.</span> <span class='ocrx_word' id='word_1_68' title='bbox 1030 1097 1072 1148; x_wconf 82' lang='grc'>36.</span> <span class='ocrx_word' id='word_1_69' title='bbox 1085 1097 1170 1160; x_wconf 69' lang='lat' dir='ltr'>pter</span> <span class='ocrx_word' id='word_1_70' title='bbox 1181 1096 1290 1146; x_wconf 89' lang='lat' dir='ltr'>restitui</span> 
     </span>
     <span class='ocr_line' id='line_1_9' title="bbox 155 1158 1291 1230; baseline -0.005 -11"><span class='ocrx_word' id='word_1_71' title='bbox 155 1167 228 1219; x_wconf 89' lang='lat' dir='ltr'>vinis</span> <span class='ocrx_word' id='word_1_72' title='bbox 248 1182 302 1217; x_wconf 90' lang='lat' dir='ltr'>una</span> <span class='ocrx_word' id='word_1_73' title='bbox 323 1180 383 1215; x_wconf 90' lang='lat' dir='ltr'>cum</span> <span class='ocrx_word' id='word_1_74' title='bbox 398 1166 475 1230; x_wconf 67' lang='lat' dir='ltr'>poesi</span> <span class='ocrx_word' id='word_1_75' title='bbox 496 1167 566 1215; x_wconf 86' lang='lat' dir='ltr'>inter</span> <span class='ocrx_word' id='word_1_76' title='bbox 577 1168 698 1217; x_wconf 83' lang='lat' dir='ltr'>Graecos</span> <span class='ocrx_word' id='word_1_77' title='bbox 748 1166 806 1216; x_wconf 91' lang='lat' dir='ltr'>vult</span> <span class='ocrx_word' id='word_1_78' title='bbox 818 1165 949 1217; x_wconf 85' lang='lat' dir='ltr'>lacobita.</span> <span class='ocrx_word' id='word_1_79' title='bbox 979 1167 1078 1216; x_wconf 92' lang='lat' dir='ltr'>Vocem</span> <span class='ocrx_word' id='word_1_80' title='bbox 1097 1158 1236 1229; x_wconf 74' lang='grc' dir='ltr'>διαθέτην</span> <span class='ocrx_word' id='word_1_81' title='bbox 1250 1164 1291 1214; x_wconf 82' lang='lat' dir='ltr'>af·</span> 
     </span>
     <span class='ocr_line' id='line_1_10' title="bbox 156 1234 1290 1303; baseline -0.003 -17"><span class='ocrx_word' id='word_1_82' title='bbox 156 1241 326 1303; x_wconf 69' lang='lat' dir='ltr'><strong>propagatae</strong></span> <span class='ocrx_word' id='word_1_83' title='bbox 336 1242 399 1285; x_wconf 90' lang='lat' dir='ltr'>sunt</span> <span class='ocrx_word' id='word_1_84' title='bbox 413 1235 564 1301; x_wconf 89' lang='lat' dir='ltr'>cultiorque</span> <span class='ocrx_word' id='word_1_85' title='bbox 576 1237 638 1286; x_wconf 90' lang='lat' dir='ltr'>inde</span> <span class='ocrx_word' id='word_1_86' title='bbox 654 1252 698 1285; x_wconf 84' lang='lat' dir='ltr'>ex·</span> <span class='ocrx_word' id='word_1_87' title='bbox 750 1238 803 1285; x_wconf 85' lang='lat' dir='ltr'>tert</span> <span class='ocrx_word' id='word_1_88' title='bbox 822 1235 941 1285; x_wconf 79' lang='lat' dir='ltr'>Thomas</span> <span class='ocrx_word' id='word_1_89' title='bbox 964 1234 1095 1299; x_wconf 76' lang='lat' dir='ltr'>Magister</span> <span class='ocrx_word' id='word_1_90' title='bbox 1115 1250 1141 1300; x_wconf 88' lang='lat' dir='ltr'>p.</span> <span class='ocrx_word' id='word_1_91' title='bbox 1155 1237 1221 1297; x_wconf 78' lang='lat'>221,</span> <span class='ocrx_word' id='word_1_92' title='bbox 1243 1234 1290 1285; x_wconf 88' lang='lat' dir='ltr'>ubi</span> 
     </span>
     <span class='ocr_line' id='line_1_11' title="bbox 157 1297 1291 1370; baseline -0.003 -14"><span class='ocrx_word' id='word_1_93' title='bbox 157 1308 230 1357; x_wconf 89' lang='lat' dir='ltr'>stitit</span> <span class='ocrx_word' id='word_1_94' title='bbox 248 1308 306 1355; x_wconf 84' lang='lat' dir='ltr'>vita</span> <span class='ocrx_word' id='word_1_95' title='bbox 320 1306 495 1368; x_wconf 87' lang='lat' dir='ltr'>mitioresque</span> <span class='ocrx_word' id='word_1_96' title='bbox 512 1321 599 1355; x_wconf 90' lang='lat' dir='ltr'>mores</span> <span class='ocrx_word' id='word_1_97' title='bbox 612 1305 698 1355; x_wconf 87' lang='lat' dir='ltr'>homi·</span> <span class='ocrx_word' id='word_1_98' title='bbox 749 1303 887 1369; x_wconf 76' lang='grc' dir='ltr'><strong><em>διαθέτης</em></strong></span> <span class='ocrx_word' id='word_1_99' title='bbox 901 1305 1045 1370; x_wconf 78' lang='lat' dir='ltr'>exponitur</span> <span class='ocrx_word' id='word_1_100' title='bbox 1057 1297 1072 1353; x_wconf 88' lang='grc' dir='ltr'>ὁ</span> <span class='ocrx_word' id='word_1_101' title='bbox 1085 1301 1233 1353; x_wconf 78' lang='grc' dir='ltr'><strong><em>καθιστιᾶν</em></strong></span> <span class='ocrx_word' id='word_1_102' title='bbox 1243 1299 1291 1353; x_wconf 80' lang='grc' dir='ltr'><strong><em>καὶ</em></strong></span> 
     </span>
     <span class='ocr_line' id='line_1_12' title="bbox 157 1369 1290 1440; baseline -0.002 -14"><span class='ocrx_word' id='word_1_103' title='bbox 157 1392 220 1426; x_wconf 87' lang='lat' dir='ltr'>num</span> <span class='ocrx_word' id='word_1_104' title='bbox 233 1375 268 1425; x_wconf 89' lang='lat' dir='ltr'>ad</span> <span class='ocrx_word' id='word_1_105' title='bbox 279 1376 418 1424; x_wconf 91' lang='lat' dir='ltr'>numinum</span> <span class='ocrx_word' id='word_1_106' title='bbox 431 1375 534 1424; x_wconf 88' lang='lat' dir='ltr'>cultum</span> <span class='ocrx_word' id='word_1_107' title='bbox 549 1377 698 1440; x_wconf 65' lang='lat' dir='ltr'>poesinque</span> <span class='ocrx_word' id='word_1_108' title='bbox 749 1369 924 1438; x_wconf 76' lang='grc' dir='ltr'><strong><em>οἰκονομῶν,</em></strong></span> <span class='ocrx_word' id='word_1_109' title='bbox 945 1375 1105 1437; x_wconf 69' lang='lat' dir='ltr'>desperaretur</span> <span class='ocrx_word' id='word_1_110' title='bbox 1116 1374 1194 1440; x_wconf 90' lang='lat' dir='ltr'>quasi</span> <span class='ocrx_word' id='word_1_111' title='bbox 1207 1379 1290 1439; x_wconf 82' lang='lat' dir='ltr'>atque</span> 
     </span>
     <span class='ocr_line' id='line_1_13' title="bbox 157 1436 1290 1509; baseline -0.004 -13"><span class='ocrx_word' id='word_1_112' title='bbox 157 1445 346 1497; x_wconf 87' lang='lat' dir='ltr'>adductorum.</span> <span class='ocrx_word' id='word_1_113' title='bbox 379 1446 492 1494; x_wconf 77' lang='lat' dir='ltr'><strong>Musaeo</strong></span> <span class='ocrx_word' id='word_1_114' title='bbox 515 1449 619 1508; x_wconf 89' lang='lat' dir='ltr'>autem,</span> <span class='ocrx_word' id='word_1_115' title='bbox 650 1446 698 1509; x_wconf 87' lang='lat' dir='ltr'>qui</span> <span class='ocrx_word' id='word_1_116' title='bbox 748 1450 883 1508; x_wconf 72' lang='lat' dir='ltr'><strong><em>interpres.</em></strong></span> <span class='ocrx_word' id='word_1_117' title='bbox 904 1445 976 1494; x_wconf 89' lang='lat' dir='ltr'>Hinc</span> <span class='ocrx_word' id='word_1_118' title='bbox 989 1436 1129 1507; x_wconf 79' lang='grc' dir='ltr'><strong><em>διαθετήρ</em></strong></span> <span class='ocrx_word' id='word_1_119' title='bbox 1141 1440 1189 1491; x_wconf 82' lang='grc' dir='ltr'>καλ</span> <span class='ocrx_word' id='word_1_120' title='bbox 1201 1440 1290 1507; x_wconf 78' lang='grc' dir='ltr'><strong><em>δημη·</em></strong></span> 
     </span>
    </p>
   </div>
   <div class='ocr_carea' id='block_1_5' title="bbox 135 1512 717 4220">
    <p class='ocr_par' dir='ltr' id='par_1_5' title="bbox 135 1512 717 4220">
     <span class='ocr_line' id='line_1_14' title="bbox 157 1512 699 1579; baseline -0.006 -14"><span class='ocrx_word' id='word_1_121' title='bbox 157 1526 211 1565; x_wconf 86' lang='lat' dir='ltr'>una</span> <span class='ocrx_word' id='word_1_122' title='bbox 224 1530 285 1565; x_wconf 88' lang='lat' dir='ltr'>eum</span> <span class='ocrx_word' id='word_1_123' title='bbox 300 1512 419 1578; x_wconf 87' lang='lat' dir='ltr'>Orpheo,</span> <span class='ocrx_word' id='word_1_124' title='bbox 433 1512 505 1575; x_wconf 88' lang='lat' dir='ltr'>aliis,</span> <span class='ocrx_word' id='word_1_125' title='bbox 518 1512 569 1564; x_wconf 92' lang='lat' dir='ltr'>ho&#39;c</span> <span class='ocrx_word' id='word_1_126' title='bbox 584 1516 699 1579; x_wconf 88' lang='lat' dir='ltr'>praesti-</span> 
     </span>
     <span class='ocr_line' id='line_1_15' title="bbox 157 1583 699 1647; baseline -0.004 -12"><span class='ocrx_word' id='word_1_127' title='bbox 157 1586 225 1635; x_wconf 89' lang='lat' dir='ltr'>tisse</span> <span class='ocrx_word' id='word_1_128' title='bbox 241 1583 392 1645; x_wconf 75' lang='lat' dir='ltr'>dicebatur,</span> <span class='ocrx_word' id='word_1_129' title='bbox 410 1589 475 1647; x_wconf 90' lang='lat' dir='ltr'>quot</span> <span class='ocrx_word' id='word_1_130' title='bbox 489 1586 620 1646; x_wconf 84' lang='lat' dir='ltr'>carmina,</span> <span class='ocrx_word' id='word_1_131' title='bbox 640 1598 699 1634; x_wconf 92' lang='lat' dir='ltr'>ora·</span> 
     </span>
     <span class='ocr_line' id='line_1_16' title="bbox 158 1652 698 1718; baseline -0.002 -13"><span class='ocrx_word' id='word_1_132' title='bbox 158 1655 230 1717; x_wconf 82' lang='lat' dir='ltr'>cula,</span> <span class='ocrx_word' id='word_1_133' title='bbox 246 1652 318 1712; x_wconf 87' lang='lat' dir='ltr'>alia,</span> <span class='ocrx_word' id='word_1_134' title='bbox 332 1657 442 1715; x_wconf 85' lang='lat' dir='ltr'>postera</span> <span class='ocrx_word' id='word_1_135' title='bbox 457 1657 534 1702; x_wconf 83' lang='lat' dir='ltr'>aetas</span> <span class='ocrx_word' id='word_1_136' title='bbox 549 1654 698 1718; x_wconf 88' lang='lat' dir='ltr'>adscripsc-</span> 
     </span>
     <span class='ocr_line' id='line_1_17' title="bbox 157 1720 698 1788; baseline -0.007 -14"><span class='ocrx_word' id='word_1_137' title='bbox 157 1728 205 1785; x_wconf 87' lang='lat' dir='ltr'>rit‚</span> <span class='ocrx_word' id='word_1_138' title='bbox 220 1724 289 1773; x_wconf 89' lang='lat' dir='ltr'>satis</span> <span class='ocrx_word' id='word_1_139' title='bbox 306 1720 467 1786; x_wconf 79' lang='lat' dir='ltr'><strong>intelligitur</strong></span> <span class='ocrx_word' id='word_1_140' title='bbox 485 1738 517 1772; x_wconf 84' lang='lat' dir='ltr'>ex</span> <span class='ocrx_word' id='word_1_141' title='bbox 529 1723 578 1785; x_wconf 86' lang='lat' dir='ltr'>iis,</span> <span class='ocrx_word' id='word_1_142' title='bbox 596 1739 665 1788; x_wconf 85' lang='lat' dir='ltr'>quoe</span> <span class='ocrx_word' id='word_1_143' title='bbox 680 1722 698 1771; x_wconf 90' lang='lat' dir='ltr'>l.</span> 
     </span>
     <span class='ocr_line' id='line_1_18' title="bbox 158 1792 699 1861; baseline -0.004 -18"><span class='ocrx_word' id='word_1_144' title='bbox 158 1795 175 1844; x_wconf 93' lang='lat' dir='ltr'>l.</span> <span class='ocrx_word' id='word_1_145' title='bbox 188 1792 324 1851; x_wconf 74' lang='grc' dir='ltr'><strong><em>τορευτοῖς</em></strong></span> <span class='ocrx_word' id='word_1_146' title='bbox 340 1806 390 1841; x_wconf 90' lang='lat' dir='ltr'>usc</span> <span class='ocrx_word' id='word_1_147' title='bbox 399 1792 494 1841; x_wconf 86' lang='lat' dir='ltr'>mirum</span> <span class='ocrx_word' id='word_1_148' title='bbox 505 1808 571 1842; x_wconf 87' lang='lat' dir='ltr'>sane</span> <span class='ocrx_word' id='word_1_149' title='bbox 583 1793 699 1861; x_wconf 85' lang='lat' dir='ltr'>iptauts</span> 
     </span>
     <span class='ocr_line' id='line_1_19' title="bbox 135 1862 701 1926; baseline -0.004 -13"><span class='ocrx_word' id='word_1_150' title='bbox 135 1868 140 1875; x_wconf 89' lang='lat'>&#39;</span> <span class='ocrx_word' id='word_1_151' title='bbox 157 1864 211 1914; x_wconf 89' lang='lat' dir='ltr'>viri</span> <span class='ocrx_word' id='word_1_152' title='bbox 224 1862 303 1911; x_wconf 85' lang='lat' dir='ltr'>huius</span> <span class='ocrx_word' id='word_1_153' title='bbox 317 1862 496 1922; x_wconf 87' lang='lat' dir='ltr'>auctoritate,</span> <span class='ocrx_word' id='word_1_154' title='bbox 506 1862 630 1926; x_wconf 77' lang='lat' dir='ltr'>genuinis</span> <span class='ocrx_word' id='word_1_155' title='bbox 643 1877 701 1911; x_wconf 90' lang='lat' dir='ltr'>car-</span> 
     </span>
     <span class='ocr_line' id='line_1_20' title="bbox 158 1930 701 1997; baseline -0.002 -15"><span class='ocrx_word' id='word_1_156' title='bbox 158 1932 287 1993; x_wconf 90' lang='lat' dir='ltr'>minibus,</span> <span class='ocrx_word' id='word_1_157' title='bbox 299 1946 370 1995; x_wconf 88' lang='lat' dir='ltr'>quae</span> <span class='ocrx_word' id='word_1_158' title='bbox 380 1930 546 1993; x_wconf 86' lang='lat' dir='ltr'>serebantur,</span> <span class='ocrx_word' id='word_1_159' title='bbox 560 1931 616 1981; x_wconf 87' lang='lat' dir='ltr'>alis</span> <span class='ocrx_word' id='word_1_160' title='bbox 626 1936 701 1997; x_wconf 89' lang='lat' dir='ltr'>post·</span> 
     </span>
     <span class='ocr_line' id='line_1_21' title="bbox 160 2000 700 2066; baseline -0.004 -14"><span class='ocrx_word' id='word_1_161' title='bbox 160 2000 618 2061; x_wconf 82' lang='lat' dir='ltr'>modoadiectsautiusertstuisse,</span> <span class='ocrx_word' id='word_1_162' title='bbox 631 2016 700 2066; x_wconf 91' lang='lat' dir='ltr'>quae</span> 
     </span>
     <span class='ocr_line' id='line_1_22' title="bbox 159 2068 701 2135; baseline -0.004 -14"><span class='ocrx_word' id='word_1_163' title='bbox 159 2072 297 2135; x_wconf 78' lang='lat' dir='ltr'>deinceps,</span> <span class='ocrx_word' id='word_1_164' title='bbox 310 2076 340 2120; x_wconf 92' lang='lat' dir='ltr'>ut</span> <span class='ocrx_word' id='word_1_165' title='bbox 353 2069 412 2119; x_wconf 86' lang='lat' dir='ltr'>lieri</span> <span class='ocrx_word' id='word_1_166' title='bbox 425 2069 503 2132; x_wconf 88' lang='lat' dir='ltr'>solet,</span> <span class='ocrx_word' id='word_1_167' title='bbox 520 2068 701 2121; x_wconf 85' lang='lat' dir='ltr'>ialaoMusaei</span> 
     </span>
     <span class='ocr_line' id='line_1_23' title="bbox 159 2139 701 2204; baseline -0.007 -12"><span class='ocrx_word' id='word_1_168' title='bbox 159 2141 266 2192; x_wconf 88' lang='lat' dir='ltr'>nomine</span> <span class='ocrx_word' id='word_1_169' title='bbox 281 2146 505 2204; x_wconf 72' lang='lat' dir='ltr'>propagarentur.</span> <span class='ocrx_word' id='word_1_170' title='bbox 535 2142 571 2189; x_wconf 85' lang='lat' dir='ltr'>Et</span> <span class='ocrx_word' id='word_1_171' title='bbox 583 2139 701 2199; x_wconf 81' lang='lat' dir='ltr'>conferri</span> 
     </span>
     <span class='ocr_line' id='line_1_24' title="bbox 159 2208 701 2274; baseline -0.004 -13"><span class='ocrx_word' id='word_1_172' title='bbox 159 2226 220 2261; x_wconf 86' lang='lat' dir='ltr'>cum</span> <span class='ocrx_word' id='word_1_173' title='bbox 234 2209 422 2274; x_wconf 83' lang='lat' dir='ltr'>hispoterunt,</span> <span class='ocrx_word' id='word_1_174' title='bbox 436 2225 503 2273; x_wconf 85' lang='lat' dir='ltr'>quae</span> <span class='ocrx_word' id='word_1_175' title='bbox 512 2208 701 2273; x_wconf 90' lang='lat' dir='ltr'>nuperdeMu·</span> 
     </span>
     <span class='ocr_line' id='line_1_25' title="bbox 159 2277 701 2345; baseline -0.007 -14"><span class='ocrx_word' id='word_1_176' title='bbox 159 2295 235 2342; x_wconf 83' lang='lat' dir='ltr'>saec,</span> <span class='ocrx_word' id='word_1_177' title='bbox 251 2279 299 2345; x_wconf 89' lang='lat' dir='ltr'>qui</span> <span class='ocrx_word' id='word_1_178' title='bbox 310 2294 371 2328; x_wconf 92' lang='lat' dir='ltr'>cum</span> <span class='ocrx_word' id='word_1_179' title='bbox 379 2277 485 2342; x_wconf 90' lang='lat' dir='ltr'>Orpheo</span> <span class='ocrx_word' id='word_1_180' title='bbox 497 2279 629 2343; x_wconf 84' lang='lat' dir='ltr'>iungitur,</span> <span class='ocrx_word' id='word_1_181' title='bbox 646 2277 701 2327; x_wconf 88' lang='lat' dir='ltr'>dis-</span> 
     </span>
     <span class='ocr_line' id='line_1_26' title="bbox 163 2347 701 2402; baseline -0.011 0"><span class='ocrx_word' id='word_1_182' title='bbox 163 2350 249 2402; x_wconf 81' lang='lat' dir='ltr'>seruit</span> <span class='ocrx_word' id='word_1_183' title='bbox 273 2347 386 2398; x_wconf 84' lang='lat' dir='ltr'>Giselre:</span> <span class='ocrx_word' id='word_1_184' title='bbox 422 2348 592 2398; x_wconf 85' lang='lat' dir='ltr'>Thrakisch·</span> <span class='ocrx_word' id='word_1_185' title='bbox 606 2348 701 2397; x_wconf 84' lang='lat' dir='ltr'>Pelas·</span> 
     </span>
     <span class='ocr_line' id='line_1_27' title="bbox 165 2414 717 2486; baseline -0.002 -17"><span class='ocrx_word' id='word_1_186' title='bbox 165 2418 259 2486; x_wconf 83' lang='lat' dir='ltr'>gische</span> <span class='ocrx_word' id='word_1_187' title='bbox 275 2418 395 2468; x_wconf 85' lang='lat' dir='ltr'>Stiimme</span> <span class='ocrx_word' id='word_1_188' title='bbox 408 2422 460 2470; x_wconf 89' lang='lat' dir='ltr'>etc.</span> <span class='ocrx_word' id='word_1_189' title='bbox 477 2434 539 2483; x_wconf 83' lang='lat' dir='ltr'>pag.</span> <span class='ocrx_word' id='word_1_190' title='bbox 554 2418 598 2468; x_wconf 71' lang='lat'>28.</span> <span class='ocrx_word' id='word_1_191' title='bbox 619 2418 676 2469; x_wconf 88' lang='grc'>118.</span> <span class='ocrx_word' id='word_1_192' title='bbox 712 2414 717 2427; x_wconf 88' lang='grc'><strong>“</strong></span> 
     </span>
     <span class='ocr_line' id='line_1_28' title="bbox 205 2480 701 2552; baseline -0.006 -16"><span class='ocrx_word' id='word_1_193' title='bbox 205 2480 400 2552; x_wconf 76' lang='grc' dir='ltr'><strong><em>χρησμολόγον</em></strong></span> <span class='ocrx_word' id='word_1_194' title='bbox 430 2501 460 2535; x_wconf 79' lang='grc' dir='ltr'>τε</span> <span class='ocrx_word' id='word_1_195' title='bbox 486 2484 532 2536; x_wconf 75' lang='grc' dir='ltr'><strong><em>καὶ</em></strong></span> <span class='ocrx_word' id='word_1_196' title='bbox 562 2484 701 2550; x_wconf 80' lang='grc' dir='ltr'><strong><em>διαθέτην</em></strong></span> 
     </span>
     <span class='ocr_line' id='line_1_29' title="bbox 159 2553 701 2624; baseline 0.002 -18"><span class='ocrx_word' id='word_1_197' title='bbox 159 2553 294 2624; x_wconf 79' lang='grc' dir='ltr'><strong><em>χρησμόν</em></strong></span> <span class='ocrx_word' id='word_1_198' title='bbox 311 2553 368 2605; x_wconf 78' lang='grc' dir='ltr'>τόν</span> <span class='ocrx_word' id='word_1_199' title='bbox 389 2555 562 2622; x_wconf 80' lang='grc' dir='ltr'><strong><em>Μουσαίου]</em></strong></span> <span class='ocrx_word' id='word_1_200' title='bbox 600 2558 701 2607; x_wconf 85' lang='lat' dir='ltr'>Vocem</span> 
     </span>
     <span class='ocr_line' id='line_1_30' title="bbox 161 2620 698 2693; baseline -0.004 -16"><span class='ocrx_word' id='word_1_201' title='bbox 161 2620 357 2693; x_wconf 74' lang='grc' dir='ltr'><strong><em>χρησμολόγον</em></strong></span> <span class='ocrx_word' id='word_1_202' title='bbox 372 2627 454 2690; x_wconf 81' lang='lat' dir='ltr'>attigi</span> <span class='ocrx_word' id='word_1_203' title='bbox 472 2627 507 2677; x_wconf 90' lang='lat' dir='ltr'>ad</span> <span class='ocrx_word' id='word_1_204' title='bbox 524 2627 546 2688; x_wconf 94' lang='lat'>1,</span> <span class='ocrx_word' id='word_1_205' title='bbox 558 2629 601 2680; x_wconf 67' lang='lat' dir='ltr'>tiz).</span> <span class='ocrx_word' id='word_1_206' title='bbox 629 2627 698 2676; x_wconf 75' lang='lat' dir='ltr'>dod.</span> 
     </span>
     <span class='ocr_line' id='line_1_31' title="bbox 159 2695 699 2759; baseline -0.002 -11"><span class='ocrx_word' id='word_1_207' title='bbox 159 2697 224 2754; x_wconf 81' lang='lat' dir='ltr'>vn,</span> <span class='ocrx_word' id='word_1_208' title='bbox 240 2699 298 2748; x_wconf 79' lang='lat'>142.</span> <span class='ocrx_word' id='word_1_209' title='bbox 318 2696 374 2747; x_wconf 78' lang='lat'>143.</span> <span class='ocrx_word' id='word_1_210' title='bbox 393 2696 471 2758; x_wconf 82' lang='lat' dir='ltr'>VIII,</span> <span class='ocrx_word' id='word_1_211' title='bbox 486 2696 531 2748; x_wconf 80' lang='lat'>96.</span> <span class='ocrx_word' id='word_1_212' title='bbox 546 2695 699 2759; x_wconf 74' lang='lat' dir='ltr'>Thucydid.</span> 
     </span>
     <span class='ocr_line' id='line_1_32' title="bbox 159 2764 700 2829; baseline -0.002 -13"><span class='ocrx_word' id='word_1_213' title='bbox 159 2767 244 2829; x_wconf 87' lang='lat' dir='ltr'><strong>VIII,</strong></span> <span class='ocrx_word' id='word_1_214' title='bbox 264 2768 272 2816; x_wconf 93' lang='grc'>1</span> <span class='ocrx_word' id='word_1_215' title='bbox 291 2771 319 2815; x_wconf 89' lang='lat' dir='ltr'>et</span> <span class='ocrx_word' id='word_1_216' title='bbox 339 2765 394 2818; x_wconf 87' lang='lat' dir='ltr'>vid.</span> <span class='ocrx_word' id='word_1_217' title='bbox 410 2764 533 2816; x_wconf 83' lang='lat' dir='ltr'>Nitzsoh.</span> <span class='ocrx_word' id='word_1_218' title='bbox 548 2766 590 2816; x_wconf 90' lang='lat' dir='ltr'>De</span> <span class='ocrx_word' id='word_1_219' title='bbox 603 2765 700 2815; x_wconf 83' lang='lat' dir='ltr'>histor.</span> 
     </span>
     <span class='ocr_line' id='line_1_33' title="bbox 159 2835 701 2916; baseline -0.009 -30"><span class='ocrx_word' id='word_1_220' title='bbox 159 2838 270 2886; x_wconf 83' lang='lat' dir='ltr'>Homer.</span> <span class='ocrx_word' id='word_1_221' title='bbox 295 2851 356 2916; x_wconf 89' lang='lat' dir='ltr'>pag.</span> <span class='ocrx_word' id='word_1_222' title='bbox 374 2835 433 2892; x_wconf 77' lang='lat'>163.</span> <span class='ocrx_word' id='word_1_223' title='bbox 453 2837 498 2899; x_wconf 89' lang='lat' dir='ltr'>qui</span> <span class='ocrx_word' id='word_1_224' title='bbox 520 2835 567 2884; x_wconf 91' lang='lat' dir='ltr'>nbi</span> <span class='ocrx_word' id='word_1_225' title='bbox 587 2835 701 2895; x_wconf 81' lang='lat' dir='ltr'>monuit,</span> 
     </span>
     <span class='ocr_line' id='line_1_34' title="bbox 158 2903 702 2970; baseline -0.006 -16"><span class='ocrx_word' id='word_1_226' title='bbox 158 2903 372 2970; x_wconf 81' lang='grc' dir='ltr'><strong><em>χρησμολογονς</em></strong></span> <span class='ocrx_word' id='word_1_227' title='bbox 385 2920 438 2953; x_wconf 91' lang='lat' dir='ltr'>non</span> <span class='ocrx_word' id='word_1_228' title='bbox 451 2905 514 2964; x_wconf 80' lang='lat' dir='ltr'>dici,</span> <span class='ocrx_word' id='word_1_229' title='bbox 528 2905 582 2953; x_wconf 90' lang='lat' dir='ltr'>nisi</span> <span class='ocrx_word' id='word_1_230' title='bbox 595 2905 640 2969; x_wconf 91' lang='lat' dir='ltr'>qui</span> <span class='ocrx_word' id='word_1_231' title='bbox 652 2909 702 2953; x_wconf 89' lang='lat' dir='ltr'>aut</span> 
     </span>
     <span class='ocr_line' id='line_1_35' title="bbox 160 2973 703 3039; baseline -0.007 -14"><span class='ocrx_word' id='word_1_232' title='bbox 160 2991 231 3025; x_wconf 92' lang='lat' dir='ltr'>nunc</span> <span class='ocrx_word' id='word_1_233' title='bbox 246 2975 333 3039; x_wconf 89' lang='lat' dir='ltr'>ipsum</span> <span class='ocrx_word' id='word_1_234' title='bbox 346 2974 435 3024; x_wconf 81' lang='lat' dir='ltr'>furore</span> <span class='ocrx_word' id='word_1_235' title='bbox 449 2975 568 3038; x_wconf 88' lang='lat' dir='ltr'>correpti</span> <span class='ocrx_word' id='word_1_236' title='bbox 582 2974 615 3023; x_wconf 89' lang='lat' dir='ltr'>de</span> <span class='ocrx_word' id='word_1_237' title='bbox 630 2973 703 3022; x_wconf 85' lang='lat' dir='ltr'>lutu-</span> 
     </span>
     <span class='ocr_line' id='line_1_36' title="bbox 160 3044 702 3110; baseline -0.009 -16"><span class='ocrx_word' id='word_1_238' title='bbox 160 3060 192 3094; x_wconf 86' lang='grc' dir='ltr'>το</span> <span class='ocrx_word' id='word_1_239' title='bbox 205 3049 304 3095; x_wconf 83' lang='lat' dir='ltr'>eventu</span> <span class='ocrx_word' id='word_1_240' title='bbox 320 3045 476 3107; x_wconf 81' lang='lat' dir='ltr'>aenigmata</span> <span class='ocrx_word' id='word_1_241' title='bbox 486 3044 642 3110; x_wconf 66' lang='lat' dir='ltr'>loquantur²</span> <span class='ocrx_word' id='word_1_242' title='bbox 654 3046 702 3091; x_wconf 88' lang='lat' dir='ltr'>aut</span> 
     </span>
     <span class='ocr_line' id='line_1_37' title="bbox 159 3103 704 3177; baseline -0.007 -14"><span class='ocrx_word' id='word_1_243' title='bbox 159 3118 270 3176; x_wconf 85' lang='lat' dir='ltr'>vetera,</span> <span class='ocrx_word' id='word_1_244' title='bbox 291 3129 360 3177; x_wconf 87' lang='lat' dir='ltr'>quae</span> <span class='ocrx_word' id='word_1_245' title='bbox 376 3118 483 3173; x_wconf 89' lang='lat' dir='ltr'>tenent,</span> <span class='ocrx_word' id='word_1_246' title='bbox 513 3103 594 3176; x_wconf 91' lang='grc' dir='ltr'><strong><em>λόγια</em></strong></span> <span class='ocrx_word' id='word_1_247' title='bbox 615 3111 704 3176; x_wconf 83' lang='lat' dir='ltr'>proie-</span> 
     </span>
     <span class='ocr_line' id='line_1_38' title="bbox 161 3180 703 3247; baseline -0.006 -14"><span class='ocrx_word' id='word_1_248' title='bbox 161 3188 227 3233; x_wconf 88' lang='lat' dir='ltr'>rant</span> <span class='ocrx_word' id='word_1_249' title='bbox 241 3183 375 3247; x_wconf 84' lang='lat' dir='ltr'>rebusque</span> <span class='ocrx_word' id='word_1_250' title='bbox 391 3182 541 3246; x_wconf 76' lang='lat' dir='ltr'>applicent,</span> <span class='ocrx_word' id='word_1_251' title='bbox 555 3183 623 3232; x_wconf 88' lang='lat' dir='ltr'>bene</span> <span class='ocrx_word' id='word_1_252' title='bbox 637 3180 703 3231; x_wconf 90' lang='lat' dir='ltr'>illud</span> 
     </span>
     <span class='ocr_line' id='line_1_39' title="bbox 160 3250 703 3318; baseline -0.006 -17"><span class='ocrx_word' id='word_1_253' title='bbox 160 3268 268 3318; x_wconf 88' lang='lat' dir='ltr'>quoque</span> <span class='ocrx_word' id='word_1_254' title='bbox 292 3252 403 3312; x_wconf 87' lang='lat' dir='ltr'>adiicit,</span> <span class='ocrx_word' id='word_1_255' title='bbox 430 3268 513 3315; x_wconf 85' lang='lat' dir='ltr'>saepe</span> <span class='ocrx_word' id='word_1_256' title='bbox 538 3250 647 3302; x_wconf 87' lang='lat' dir='ltr'>eosdem</span> <span class='ocrx_word' id='word_1_257' title='bbox 675 3254 703 3300; x_wconf 92' lang='lat' dir='ltr'>et</span> 
     </span>
     <span class='ocr_line' id='line_1_40' title="bbox 160 3313 702 3386; baseline -0.011 -16"><span class='ocrx_word' id='word_1_258' title='bbox 160 3315 373 3386; x_wconf 77' lang='grc' dir='ltr'><strong><em>χρησμολόγους</em></strong></span> <span class='ocrx_word' id='word_1_259' title='bbox 390 3321 475 3372; x_wconf 82' lang='lat' dir='ltr'>luisse</span> <span class='ocrx_word' id='word_1_260' title='bbox 495 3325 522 3371; x_wconf 89' lang='lat' dir='ltr'>et</span> <span class='ocrx_word' id='word_1_261' title='bbox 535 3313 659 3384; x_wconf 72' lang='grc' dir='ltr'><strong><em>μόναις,</em></strong></span> <span class='ocrx_word' id='word_1_262' title='bbox 683 3320 702 3368; x_wconf 90' lang='lat' dir='ltr'>i.</span> 
     </span>
     <span class='ocr_line' id='line_1_41' title="bbox 160 3389 702 3455; baseline -0.007 -14"><span class='ocrx_word' id='word_1_263' title='bbox 160 3408 186 3441; x_wconf 86' lang='lat' dir='ltr'>e.</span> <span class='ocrx_word' id='word_1_264' title='bbox 204 3407 318 3455; x_wconf 86' lang='lat' dir='ltr'>augures</span> <span class='ocrx_word' id='word_1_265' title='bbox 333 3389 552 3455; x_wconf 80' lang='lat' dir='ltr'>velhsruspioes.</span> <span class='ocrx_word' id='word_1_266' title='bbox 570 3389 702 3454; x_wconf 83' lang='lat' dir='ltr'>Equidem</span> 
     </span>
     <span class='ocr_line' id='line_1_42' title="bbox 160 3453 703 3523; baseline -0.007 -13"><span class='ocrx_word' id='word_1_267' title='bbox 160 3461 188 3510; x_wconf 90' lang='lat' dir='ltr'>h.</span> <span class='ocrx_word' id='word_1_268' title='bbox 202 3460 219 3512; x_wconf 89' lang='lat' dir='ltr'>l.</span> <span class='ocrx_word' id='word_1_269' title='bbox 236 3461 440 3510; x_wconf 90' lang='lat' dir='ltr'>Onomacritum</span> <span class='ocrx_word' id='word_1_270' title='bbox 454 3453 650 3523; x_wconf 78' lang='grc' dir='ltr'><strong><em>χρησμολόγον</em></strong></span> <span class='ocrx_word' id='word_1_271' title='bbox 662 3458 703 3507; x_wconf 92' lang='lat' dir='ltr'>di-</span> 
     </span>
     <span class='ocr_line' id='line_1_43' title="bbox 160 3522 702 3595; baseline -0.009 -15"><span class='ocrx_word' id='word_1_272' title='bbox 160 3531 187 3581; x_wconf 86' lang='lat' dir='ltr'>ei</span> <span class='ocrx_word' id='word_1_273' title='bbox 200 3535 288 3595; x_wconf 90' lang='lat' dir='ltr'>putem</span> <span class='ocrx_word' id='word_1_274' title='bbox 298 3545 351 3579; x_wconf 90' lang='lat' dir='ltr'>non</span> <span class='ocrx_word' id='word_1_275' title='bbox 365 3527 541 3593; x_wconf 89' lang='lat' dir='ltr'>solum,quod</span> <span class='ocrx_word' id='word_1_276' title='bbox 553 3529 612 3593; x_wconf 91' lang='lat' dir='ltr'>ipse</span> <span class='ocrx_word' id='word_1_277' title='bbox 624 3522 702 3576; x_wconf 76' lang='lat' dir='ltr'>vales</span> 
     </span>
     <span class='ocr_line' id='line_1_44' title="bbox 161 3597 704 3664; baseline -0.009 -14"><span class='ocrx_word' id='word_1_278' title='bbox 161 3600 271 3650; x_wconf 77' lang='lat' dir='ltr'>exstitit</span> <span class='ocrx_word' id='word_1_279' title='bbox 298 3598 409 3664; x_wconf 91' lang='lat' dir='ltr'>(quippe</span> <span class='ocrx_word' id='word_1_280' title='bbox 433 3600 480 3663; x_wconf 91' lang='lat' dir='ltr'>qui</span> <span class='ocrx_word' id='word_1_281' title='bbox 504 3597 614 3647; x_wconf 88' lang='lat' dir='ltr'>oracula</span> <span class='ocrx_word' id='word_1_282' title='bbox 637 3613 654 3647; x_wconf 90' lang='lat' dir='ltr'>a</span> <span class='ocrx_word' id='word_1_283' title='bbox 674 3613 704 3646; x_wconf 83' lang='lat' dir='ltr'>se</span> 
     </span>
     <span class='ocr_line' id='line_1_45' title="bbox 160 3667 704 3728; baseline -0.009 -9"><span class='ocrx_word' id='word_1_284' title='bbox 160 3667 704 3728; x_wconf 85' lang='lat' dir='ltr'>conlictaMusaeicarminibusinseruit),</span> 
     </span>
     <span class='ocr_line' id='line_1_46' title="bbox 161 3735 704 3803; baseline -0.002 -17"><span class='ocrx_word' id='word_1_285' title='bbox 161 3739 211 3788; x_wconf 88' lang='lat' dir='ltr'>sed</span> <span class='ocrx_word' id='word_1_286' title='bbox 222 3736 528 3803; x_wconf 86' lang='lat' dir='ltr'>quodMusaeioracula</span> <span class='ocrx_word' id='word_1_287' title='bbox 543 3735 655 3801; x_wconf 82' lang='lat' dir='ltr'>collegit</span> <span class='ocrx_word' id='word_1_288' title='bbox 675 3735 704 3800; x_wconf 89' lang='lat' dir='ltr'>(a</span> 
     </span>
     <span class='ocr_line' id='line_1_47' title="bbox 161 3805 706 3874; baseline -0.007 -16"><span class='ocrx_word' id='word_1_289' title='bbox 161 3807 346 3858; x_wconf 83' lang='lat' dir='ltr'>l&#39;isistmtidis</span> <span class='ocrx_word' id='word_1_290' title='bbox 364 3807 460 3874; x_wconf 80' lang='lat' dir='ltr'>opinor</span> <span class='ocrx_word' id='word_1_291' title='bbox 479 3805 530 3856; x_wconf 91' lang='lat' dir='ltr'>hoc</span> <span class='ocrx_word' id='word_1_292' title='bbox 547 3806 637 3856; x_wconf 84' lang='lat' dir='ltr'>iacere</span> <span class='ocrx_word' id='word_1_293' title='bbox 651 3806 706 3855; x_wconf 89' lang='lat' dir='ltr'>ius·</span> 
     </span>
     <span class='ocr_line' id='line_1_48' title="bbox 161 3876 706 3942; baseline -0.006 -15"><span class='ocrx_word' id='word_1_294' title='bbox 161 3892 219 3934; x_wconf 83' lang='lat' dir='ltr'>sus,</span> <span class='ocrx_word' id='word_1_295' title='bbox 234 3878 280 3942; x_wconf 87' lang='lat' dir='ltr'>qui</span> <span class='ocrx_word' id='word_1_296' title='bbox 298 3877 368 3926; x_wconf 88' lang='lat' dir='ltr'>idem</span> <span class='ocrx_word' id='word_1_297' title='bbox 380 3877 504 3926; x_wconf 87' lang='lat' dir='ltr'>antesin</span> <span class='ocrx_word' id='word_1_298' title='bbox 518 3876 630 3925; x_wconf 85' lang='lat' dir='ltr'>Homeri</span> <span class='ocrx_word' id='word_1_299' title='bbox 647 3891 706 3924; x_wconf 86' lang='lat' dir='ltr'>oar-</span> 
     </span>
     <span class='ocr_line' id='line_1_49' title="bbox 163 3943 708 4011; baseline -0.007 -15"><span class='ocrx_word' id='word_1_300' title='bbox 163 3946 281 3997; x_wconf 87' lang='lat' dir='ltr'>minibus</span> <span class='ocrx_word' id='word_1_301' title='bbox 294 3944 455 4011; x_wconf 87' lang='lat' dir='ltr'>colligendis</span> <span class='ocrx_word' id='word_1_302' title='bbox 475 3943 666 4010; x_wconf 74' lang='lat' dir='ltr'>praestiterat)</span> <span class='ocrx_word' id='word_1_303' title='bbox 680 3960 708 3992; x_wconf 87' lang='lat' dir='ltr'>a·</span> 
     </span>
     <span class='ocr_line' id='line_1_50' title="bbox 162 4013 708 4080; baseline -0.007 -14"><span class='ocrx_word' id='word_1_304' title='bbox 162 4015 267 4080; x_wconf 89' lang='lat' dir='ltr'>deoque</span> <span class='ocrx_word' id='word_1_305' title='bbox 287 4019 384 4077; x_wconf 85' lang='lat' dir='ltr'>etiam,</span> <span class='ocrx_word' id='word_1_306' title='bbox 404 4016 429 4066; x_wconf 87' lang='lat' dir='ltr'>si</span> <span class='ocrx_word' id='word_1_307' title='bbox 443 4015 548 4078; x_wconf 79' lang='lat' dir='ltr'>placet,</span> <span class='ocrx_word' id='word_1_308' title='bbox 574 4013 708 4078; x_wconf 78' lang='lat' dir='ltr'>explicuit</span> 
     </span>
     <span class='ocr_line' id='line_1_51' title="bbox 162 4083 708 4150; baseline -0.007 -15"><span class='ocrx_word' id='word_1_309' title='bbox 162 4086 313 4150; x_wconf 86' lang='lat' dir='ltr'>eademque</span> <span class='ocrx_word' id='word_1_310' title='bbox 325 4084 442 4136; x_wconf 90' lang='lat' dir='ltr'>collecta</span> <span class='ocrx_word' id='word_1_311' title='bbox 456 4085 484 4132; x_wconf 91' lang='lat' dir='ltr'>in</span> <span class='ocrx_word' id='word_1_312' title='bbox 498 4083 619 4132; x_wconf 86' lang='lat' dir='ltr'>ordinem</span> <span class='ocrx_word' id='word_1_313' title='bbox 632 4083 708 4132; x_wconf 89' lang='lat' dir='ltr'>rede·</span> 
     </span>
     <span class='ocr_line' id='line_1_52' title="bbox 163 4150 705 4220; baseline -0.006 -17"><span class='ocrx_word' id='word_1_314' title='bbox 163 4156 219 4220; x_wconf 86' lang='lat' dir='ltr'>git:</span> <span class='ocrx_word' id='word_1_315' title='bbox 231 4169 300 4218; x_wconf 90' lang='lat' dir='ltr'>quae</span> <span class='ocrx_word' id='word_1_316' title='bbox 313 4154 431 4205; x_wconf 88' lang='lat' dir='ltr'>muneris</span> <span class='ocrx_word' id='word_1_317' title='bbox 444 4154 501 4203; x_wconf 87' lang='lat' dir='ltr'>eius</span> <span class='ocrx_word' id='word_1_318' title='bbox 511 4167 575 4216; x_wconf 87' lang='lat' dir='ltr'>pars</span> <span class='ocrx_word' id='word_1_319' title='bbox 586 4150 705 4201; x_wconf 88' lang='lat' dir='ltr'>declara·</span> 
     </span>
    </p>
   </div>
   <div class='ocr_carea' id='block_1_6' title="bbox 749 1512 1294 2554">
    <p class='ocr_par' dir='ltr' id='par_1_6' title="bbox 749 1512 1294 2554">
     <span class='ocr_line' id='line_1_53' title="bbox 749 1512 1290 1579; baseline 0.002 -15"><span class='ocrx_word' id='word_1_320' title='bbox 749 1512 832 1578; x_wconf 84' lang='grc' dir='ltr'><strong><em>γόρος</em></strong></span> <span class='ocrx_word' id='word_1_321' title='bbox 858 1515 1006 1579; x_wconf 88' lang='lat' dir='ltr'>iunguntur</span> <span class='ocrx_word' id='word_1_322' title='bbox 1031 1514 1058 1563; x_wconf 89' lang='lat' dir='ltr'>in</span> <span class='ocrx_word' id='word_1_323' title='bbox 1079 1513 1223 1563; x_wconf 86' lang='lat' dir='ltr'>Themistii</span> <span class='ocrx_word' id='word_1_324' title='bbox 1243 1514 1290 1566; x_wconf 89' lang='lat' dir='ltr'>Or.</span> 
     </span>
     <span class='ocr_line' id='line_1_54' title="bbox 749 1583 1291 1648; baseline -0.006 -13"><span class='ocrx_word' id='word_1_325' title='bbox 749 1585 848 1635; x_wconf 78' lang='lat' dir='ltr'>XXVI.</span> <span class='ocrx_word' id='word_1_326' title='bbox 875 1600 902 1648; x_wconf 85' lang='lat' dir='ltr'>p.</span> <span class='ocrx_word' id='word_1_327' title='bbox 920 1585 966 1633; x_wconf 76' lang='grc'>321</span> <span class='ocrx_word' id='word_1_328' title='bbox 982 1584 1029 1644; x_wconf 88' lang='lat' dir='ltr'>D.,</span> <span class='ocrx_word' id='word_1_329' title='bbox 1049 1586 1163 1634; x_wconf 89' lang='lat' dir='ltr'>notante</span> <span class='ocrx_word' id='word_1_330' title='bbox 1181 1583 1291 1633; x_wconf 89' lang='lat' dir='ltr'>Wesse-</span> 
     </span>
     <span class='ocr_line' id='line_1_55' title="bbox 749 1643 1292 1718; baseline -0.007 -15"><span class='ocrx_word' id='word_1_331' title='bbox 749 1654 898 1718; x_wconf 84' lang='lat' dir='ltr'>lingio‚qni</span> <span class='ocrx_word' id='word_1_332' title='bbox 909 1652 1210 1716; x_wconf 86' lang='lat' dir='ltr'>laudatHarpocrat.in</span> <span class='ocrx_word' id='word_1_333' title='bbox 1223 1643 1292 1701; x_wconf 74' lang='grc' dir='ltr'><strong><em>Δια·</em></strong></span> 
     </span>
     <span class='ocr_line' id='line_1_56' title="bbox 750 1720 1291 1786; baseline 0.002 -15"><span class='ocrx_word' id='word_1_334' title='bbox 750 1720 1291 1786; x_wconf 67' lang='grc' dir='ltr'>θεσιςο4411ρὶοα.αδΒοσιοι4Ιτ.01γα411.</span> 
     </span>
     <span class='ocr_line' id='line_1_57' title="bbox 749 1790 1292 1856; baseline -0.007 -13"><span class='ocrx_word' id='word_1_335' title='bbox 749 1794 787 1843; x_wconf 92' lang='grc' dir='ltr'>ΙΙ.</span> <span class='ocrx_word' id='word_1_336' title='bbox 797 1809 824 1856; x_wconf 94' lang='lat' dir='ltr'>p.</span> <span class='ocrx_word' id='word_1_337' title='bbox 834 1794 872 1842; x_wconf 93' lang='grc'>14.</span> <span class='ocrx_word' id='word_1_338' title='bbox 894 1791 965 1852; x_wconf 75' lang='lat' dir='ltr'>„sed</span> <span class='ocrx_word' id='word_1_339' title='bbox 979 1790 1145 1856; x_wconf 88' lang='lat' dir='ltr'>(verbasunt</span> <span class='ocrx_word' id='word_1_340' title='bbox 1154 1791 1292 1855; x_wconf 85' lang='lat' dir='ltr'>Schweig-</span> 
     </span>
     <span class='ocr_line' id='line_1_58' title="bbox 751 1861 1290 1924; baseline 0.002 -13"><span class='ocrx_word' id='word_1_341' title='bbox 751 1862 876 1912; x_wconf 87' lang='lat' dir='ltr'>haeuseri</span> <span class='ocrx_word' id='word_1_342' title='bbox 891 1864 918 1911; x_wconf 91' lang='lat' dir='ltr'>in</span> <span class='ocrx_word' id='word_1_343' title='bbox 931 1862 996 1911; x_wconf 86' lang='lat' dir='ltr'>Lex.</span> <span class='ocrx_word' id='word_1_344' title='bbox 1006 1861 1137 1911; x_wconf 84' lang='lat' dir='ltr'>Herodot.</span> <span class='ocrx_word' id='word_1_345' title='bbox 1151 1877 1172 1910; x_wconf 91' lang='lat' dir='ltr'>s.</span> <span class='ocrx_word' id='word_1_346' title='bbox 1186 1876 1211 1910; x_wconf 83' lang='lat' dir='ltr'>r.</span> <span class='ocrx_word' id='word_1_347' title='bbox 1227 1861 1250 1910; x_wconf 92' lang='lat'>1.</span> <span class='ocrx_word' id='word_1_348' title='bbox 1264 1876 1290 1924; x_wconf 86' lang='lat' dir='ltr'>p.</span> 
     </span>
     <span class='ocr_line' id='line_1_59' title="bbox 752 1927 1291 1994; baseline -0.006 -13"><span class='ocrx_word' id='word_1_349' title='bbox 752 1930 825 1987; x_wconf 67' lang='lat'>156.)</span> <span class='ocrx_word' id='word_1_350' title='bbox 837 1927 976 1994; x_wconf 74' lang='grc' dir='ltr'><strong><em>διαθέτην</em></strong></span> <span class='ocrx_word' id='word_1_351' title='bbox 988 1931 1090 1980; x_wconf 90' lang='lat' dir='ltr'>rectius</span> <span class='ocrx_word' id='word_1_352' title='bbox 1100 1930 1217 1981; x_wconf 85' lang='lat' dir='ltr'>fortasse</span> <span class='ocrx_word' id='word_1_353' title='bbox 1231 1945 1291 1979; x_wconf 90' lang='lat' dir='ltr'>cum</span> 
     </span>
     <span class='ocr_line' id='line_1_60' title="bbox 750 2000 1292 2059; baseline -0.013 -8"><span class='ocrx_word' id='word_1_354' title='bbox 750 2000 832 2051; x_wconf 86' lang='lat' dir='ltr'>Valla</span> <span class='ocrx_word' id='word_1_355' title='bbox 841 2005 867 2049; x_wconf 89' lang='lat' dir='ltr'>et</span> <span class='ocrx_word' id='word_1_356' title='bbox 875 2001 1013 2059; x_wconf 82' lang='lat' dir='ltr'>Gronovio</span> <span class='ocrx_word' id='word_1_357' title='bbox 1025 2000 1230 2052; x_wconf 80' lang='lat' dir='ltr'>edissertatorem</span> <span class='ocrx_word' id='word_1_358' title='bbox 1242 2003 1292 2049; x_wconf 82' lang='lat' dir='ltr'>aut</span> 
     </span>
     <span class='ocr_line' id='line_1_61' title="bbox 750 2067 1293 2135; baseline -0.006 -14"><span class='ocrx_word' id='word_1_359' title='bbox 750 2071 900 2121; x_wconf 80' lang='lat' dir='ltr'>venditorem</span> <span class='ocrx_word' id='word_1_360' title='bbox 909 2068 1059 2135; x_wconf 79' lang='lat' dir='ltr'>intelliges:</span> <span class='ocrx_word' id='word_1_361' title='bbox 1074 2086 1124 2135; x_wconf 88' lang='lat' dir='ltr'>ego</span> <span class='ocrx_word' id='word_1_362' title='bbox 1134 2070 1241 2135; x_wconf 89' lang='lat' dir='ltr'>quidem</span> <span class='ocrx_word' id='word_1_363' title='bbox 1253 2067 1293 2118; x_wconf 89' lang='lat' dir='ltr'>lu·</span> 
     </span>
     <span class='ocr_line' id='line_1_62' title="bbox 750 2138 1293 2191; baseline -0.004 -3"><span class='ocrx_word' id='word_1_364' title='bbox 750 2141 817 2191; x_wconf 87' lang='lat' dir='ltr'>bens</span> <span class='ocrx_word' id='word_1_365' title='bbox 832 2141 934 2189; x_wconf 82' lang='lat' dir='ltr'>Musaei</span> <span class='ocrx_word' id='word_1_366' title='bbox 941 2142 1047 2189; x_wconf 84' lang='lat' dir='ltr'>oracula</span> <span class='ocrx_word' id='word_1_367' title='bbox 1061 2141 1223 2190; x_wconf 81' lang='lat' dir='ltr'>venditantem</span> <span class='ocrx_word' id='word_1_368' title='bbox 1234 2138 1293 2187; x_wconf 91' lang='lat' dir='ltr'>red-</span> 
     </span>
     <span class='ocr_line' id='line_1_63' title="bbox 751 2209 1293 2261; baseline -0.007 -1"><span class='ocrx_word' id='word_1_369' title='bbox 751 2209 871 2260; x_wconf 85' lang='lat' dir='ltr'>derem.“</span> <span class='ocrx_word' id='word_1_370' title='bbox 905 2210 1073 2260; x_wconf 77' lang='lat' dir='ltr'>Gronovium</span> <span class='ocrx_word' id='word_1_371' title='bbox 1098 2215 1207 2261; x_wconf 89' lang='lat' dir='ltr'>secutus</span> <span class='ocrx_word' id='word_1_372' title='bbox 1234 2212 1293 2257; x_wconf 83' lang='lat' dir='ltr'>erat</span> 
     </span>
     <span class='ocr_line' id='line_1_64' title="bbox 751 2278 1292 2345; baseline -0.007 -16"><span class='ocrx_word' id='word_1_373' title='bbox 751 2278 904 2329; x_wconf 89' lang='lat' dir='ltr'>Larcherus</span> <span class='ocrx_word' id='word_1_374' title='bbox 920 2285 1044 2330; x_wconf 83' lang='lat' dir='ltr'>vertens:</span> <span class='ocrx_word' id='word_1_375' title='bbox 1071 2284 1114 2345; x_wconf 86' lang='lat' dir='ltr'>qui</span> <span class='ocrx_word' id='word_1_376' title='bbox 1127 2281 1217 2343; x_wconf 75' lang='lat' dir='ltr'>soisqit</span> <span class='ocrx_word' id='word_1_377' title='bbox 1229 2292 1292 2327; x_wconf 84' lang='lat' dir='ltr'>com-</span> 
     </span>
     <span class='ocr_line' id='line_1_65' title="bbox 750 2349 1293 2413; baseline -0.004 -15"><span class='ocrx_word' id='word_1_378' title='bbox 750 2364 841 2409; x_wconf 84' lang='lat' dir='ltr'>merce,</span> <span class='ocrx_word' id='word_1_379' title='bbox 854 2351 897 2413; x_wconf 85' lang='lat' dir='ltr'>qui</span> <span class='ocrx_word' id='word_1_380' title='bbox 907 2350 1020 2403; x_wconf 60' lang='lat' dir='ltr'>venusia·</span> <span class='ocrx_word' id='word_1_381' title='bbox 1036 2364 1116 2413; x_wconf 87' lang='lat' dir='ltr'>quam</span> <span class='ocrx_word' id='word_1_382' title='bbox 1131 2349 1293 2412; x_wconf 88' lang='lat' dir='ltr'>interpreta-</span> 
     </span>
     <span class='ocr_line' id='line_1_66' title="bbox 750 2418 1294 2483; baseline -0.004 -15"><span class='ocrx_word' id='word_1_383' title='bbox 750 2419 852 2468; x_wconf 85' lang='lat' dir='ltr'>tionem</span> <span class='ocrx_word' id='word_1_384' title='bbox 865 2418 966 2467; x_wconf 84' lang='lat' dir='ltr'>firmari</span> <span class='ocrx_word' id='word_1_385' title='bbox 979 2420 1018 2467; x_wconf 90' lang='lat' dir='ltr'>sit</span> <span class='ocrx_word' id='word_1_386' title='bbox 1034 2419 1081 2478; x_wconf 82' lang='lat' dir='ltr'>iis,</span> <span class='ocrx_word' id='word_1_387' title='bbox 1104 2433 1175 2483; x_wconf 91' lang='lat' dir='ltr'>quas</span> <span class='ocrx_word' id='word_1_388' title='bbox 1189 2433 1205 2466; x_wconf 92' lang='lat' dir='ltr'>a</span> <span class='ocrx_word' id='word_1_389' title='bbox 1219 2418 1294 2467; x_wconf 89' lang='lat' dir='ltr'>Tou-</span> 
     </span>
     <span class='ocr_line' id='line_1_67' title="bbox 750 2487 1292 2554; baseline -0.002 -17"><span class='ocrx_word' id='word_1_390' title='bbox 750 2489 797 2554; x_wconf 91' lang='lat' dir='ltr'>pio</span> <span class='ocrx_word' id='word_1_391' title='bbox 812 2487 898 2537; x_wconf 86' lang='lat' dir='ltr'>allata</span> <span class='ocrx_word' id='word_1_392' title='bbox 912 2487 1106 2537; x_wconf 80' lang='lat' dir='ltr'>iintEmcndd.</span> <span class='ocrx_word' id='word_1_393' title='bbox 1122 2487 1232 2537; x_wconf 85' lang='lat' dir='ltr'>inSuid.</span> <span class='ocrx_word' id='word_1_394' title='bbox 1240 2487 1292 2536; x_wconf 89' lang='lat'>111.</span> 
     </span>
    </p>
   </div>
   <div class='ocr_carea' id='block_1_7' title="bbox 751 2555 1391 2624">
    <p class='ocr_par' dir='ltr' id='par_1_7' title="bbox 751 2555 1391 2624">
     <span class='ocr_line' id='line_1_68' title="bbox 751 2555 1391 2624; baseline -0.005 -17"><span class='ocrx_word' id='word_1_395' title='bbox 751 2575 777 2624; x_wconf 92' lang='lat' dir='ltr'>p.</span> <span class='ocrx_word' id='word_1_396' title='bbox 791 2558 842 2608; x_wconf 83' lang='lat'>270</span> <span class='ocrx_word' id='word_1_397' title='bbox 854 2575 875 2609; x_wconf 92' lang='lat' dir='ltr'>s.</span> <span class='ocrx_word' id='word_1_398' title='bbox 891 2558 924 2607; x_wconf 83' lang='grc' dir='ltr'>Τ.</span> <span class='ocrx_word' id='word_1_399' title='bbox 939 2558 975 2608; x_wconf 93' lang='lat' dir='ltr'>ll.</span> <span class='ocrx_word' id='word_1_400' title='bbox 989 2573 1049 2623; x_wconf 87' lang='lat' dir='ltr'>pag.</span> <span class='ocrx_word' id='word_1_401' title='bbox 1064 2558 1115 2610; x_wconf 79' lang='lat'>326</span> <span class='ocrx_word' id='word_1_402' title='bbox 1128 2556 1167 2622; x_wconf 84' lang='lat' dir='ltr'>(p.</span> <span class='ocrx_word' id='word_1_403' title='bbox 1184 2556 1231 2607; x_wconf 74' lang='lat'>531</span> <span class='ocrx_word' id='word_1_404' title='bbox 1249 2555 1291 2608; x_wconf 86' lang='lat' dir='ltr'>ed.</span> <span class='ocrx_word' id='word_1_405' title='bbox 1380 2570 1391 2596; x_wconf 70' lang='lat' dir='ltr'>r</span> 
     </span>
    </p>
   </div>
   <div class='ocr_carea' id='block_1_8' title="bbox 749 2624 1300 4220">
    <p class='ocr_par' dir='ltr' id='par_1_8' title="bbox 749 2624 1300 4220">
     <span class='ocr_line' id='line_1_69' title="bbox 750 2624 1294 2691; baseline -0.009 -14"><span class='ocrx_word' id='word_1_406' title='bbox 750 2628 851 2691; x_wconf 88' lang='lat' dir='ltr'>Lips.).</span> <span class='ocrx_word' id='word_1_407' title='bbox 872 2630 931 2691; x_wconf 84' lang='lat' dir='ltr'>Quo</span> <span class='ocrx_word' id='word_1_408' title='bbox 947 2628 1041 2678; x_wconf 89' lang='lat' dir='ltr'>mellus</span> <span class='ocrx_word' id='word_1_409' title='bbox 1055 2629 1133 2687; x_wconf 87' lang='lat' dir='ltr'>Miot,</span> <span class='ocrx_word' id='word_1_410' title='bbox 1149 2627 1218 2675; x_wconf 87' lang='lat' dir='ltr'>alter</span> <span class='ocrx_word' id='word_1_411' title='bbox 1228 2624 1294 2673; x_wconf 83' lang='lat' dir='ltr'>Gal-</span> 
     </span>
     <span class='ocr_line' id='line_1_70' title="bbox 749 2697 1291 2762; baseline -0.007 -15"><span class='ocrx_word' id='word_1_412' title='bbox 749 2698 793 2747; x_wconf 88' lang='lat' dir='ltr'>lns</span> <span class='ocrx_word' id='word_1_413' title='bbox 808 2699 949 2761; x_wconf 87' lang='lat' dir='ltr'>interpres,</span> <span class='ocrx_word' id='word_1_414' title='bbox 964 2712 1042 2762; x_wconf 89' lang='lat' dir='ltr'>quem</span> <span class='ocrx_word' id='word_1_415' title='bbox 1061 2697 1184 2760; x_wconf 86' lang='lat' dir='ltr'>sequitur</span> <span class='ocrx_word' id='word_1_416' title='bbox 1203 2697 1291 2745; x_wconf 81' lang='lat' dir='ltr'>Emer.</span> 
     </span>
     <span class='ocr_line' id='line_1_71' title="bbox 750 2765 1295 2830; baseline -0.007 -14"><span class='ocrx_word' id='word_1_417' title='bbox 750 2766 842 2816; x_wconf 87' lang='lat' dir='ltr'>David</span> <span class='ocrx_word' id='word_1_418' title='bbox 862 2767 968 2830; x_wconf 88' lang='lat' dir='ltr'>Iupiter</span> <span class='ocrx_word' id='word_1_419' title='bbox 981 2766 1018 2816; x_wconf 89' lang='lat'>11.</span> <span class='ocrx_word' id='word_1_420' title='bbox 1037 2781 1063 2829; x_wconf 89' lang='lat' dir='ltr'>p.</span> <span class='ocrx_word' id='word_1_421' title='bbox 1084 2766 1149 2816; x_wconf 77' lang='lat'><strong>287:</strong></span> <span class='ocrx_word' id='word_1_422' title='bbox 1171 2765 1295 2826; x_wconf 67' lang='lat' dir='ltr'>„fumeum</span> 
     </span>
     <span class='ocr_line' id='line_1_72' title="bbox 752 2833 1295 2899; baseline -0.007 -15"><span class='ocrx_word' id='word_1_423' title='bbox 752 2837 824 2884; x_wconf 73' lang='lat' dir='ltr'>(levin</span> <span class='ocrx_word' id='word_1_424' title='bbox 838 2839 881 2899; x_wconf 87' lang='lat' dir='ltr'>qui</span> <span class='ocrx_word' id='word_1_425' title='bbox 896 2853 912 2885; x_wconf 86' lang='lat' dir='ltr'>u</span> <span class='ocrx_word' id='word_1_426' title='bbox 932 2837 977 2884; x_wconf 82' lang='lat' dir='ltr'>nris</span> <span class='ocrx_word' id='word_1_427' title='bbox 990 2851 1020 2885; x_wconf 86' lang='lat' dir='ltr'>err</span> <span class='ocrx_word' id='word_1_428' title='bbox 1039 2836 1117 2884; x_wconf 82' lang='lat' dir='ltr'>ordre</span> <span class='ocrx_word' id='word_1_429' title='bbox 1135 2838 1172 2883; x_wconf 82' lang='lat' dir='ltr'>ter</span> <span class='ocrx_word' id='word_1_430' title='bbox 1189 2833 1295 2882; x_wconf 83' lang='lat' dir='ltr'>Orucler</span> 
     </span>
     <span class='ocr_line' id='line_1_73' title="bbox 751 2904 1296 2969; baseline -0.004 -16"><span class='ocrx_word' id='word_1_431' title='bbox 751 2906 785 2955; x_wconf 81' lang='lat' dir='ltr'>de</span> <span class='ocrx_word' id='word_1_432' title='bbox 799 2905 888 2953; x_wconf 68' lang='lat' dir='ltr'>Mures</span> <span class='ocrx_word' id='word_1_433' title='bbox 902 2913 927 2954; x_wconf 83' lang='lat' dir='ltr'>et</span> <span class='ocrx_word' id='word_1_434' title='bbox 939 2904 1012 2969; x_wconf 79' lang='lat' dir='ltr'>qa&#39;its</span> <span class='ocrx_word' id='word_1_435' title='bbox 1020 2906 1222 2954; x_wconf 72' lang='lat' dir='ltr'>mencientulors</span> <span class='ocrx_word' id='word_1_436' title='bbox 1235 2918 1296 2951; x_wconf 80' lang='lat' dir='ltr'>accc</span> 
     </span>
     <span class='ocr_line' id='line_1_74' title="bbox 752 2972 1296 3038; baseline -0.007 -14"><span class='ocrx_word' id='word_1_437' title='bbox 752 2975 868 3034; x_wconf 74' lang='lat' dir='ltr'>eus,‘·et</span> <span class='ocrx_word' id='word_1_438' title='bbox 876 2974 1007 3038; x_wconf 78' lang='lat' dir='ltr'>bangius,</span> <span class='ocrx_word' id='word_1_439' title='bbox 1028 2972 1193 3023; x_wconf 82' lang='lat' dir='ltr'>vernaculus</span> <span class='ocrx_word' id='word_1_440' title='bbox 1210 2974 1296 3020; x_wconf 91' lang='lat' dir='ltr'>inter·</span> 
     </span>
     <span class='ocr_line' id='line_1_75' title="bbox 754 3041 1296 3109; baseline -0.009 -15"><span class='ocrx_word' id='word_1_441' title='bbox 754 3060 828 3109; x_wconf 88' lang='lat' dir='ltr'>pres:</span> <span class='ocrx_word' id='word_1_442' title='bbox 843 3044 891 3093; x_wconf 82' lang='lat' dir='ltr'>der</span> <span class='ocrx_word' id='word_1_443' title='bbox 898 3059 953 3092; x_wconf 83' lang='lat' dir='ltr'>war</span> <span class='ocrx_word' id='word_1_444' title='bbox 965 3047 1004 3093; x_wconf 84' lang='lat' dir='ltr'>ein</span> <span class='ocrx_word' id='word_1_445' title='bbox 1016 3044 1224 3106; x_wconf 76' lang='lat' dir='ltr'>ti⁷eirsuperoud</span> <span class='ocrx_word' id='word_1_446' title='bbox 1230 3041 1296 3091; x_wconf 85' lang='lat' dir='ltr'>Ord-</span> 
     </span>
     <span class='ocr_line' id='line_1_76' title="bbox 753 3109 1295 3177; baseline -0.002 -16"><span class='ocrx_word' id='word_1_447' title='bbox 753 3130 801 3162; x_wconf 77' lang='lat' dir='ltr'>ner</span> <span class='ocrx_word' id='word_1_448' title='bbox 813 3114 861 3162; x_wconf 84' lang='lat' dir='ltr'>der</span> <span class='ocrx_word' id='word_1_449' title='bbox 870 3114 1071 3177; x_wconf 78' lang='lat' dir='ltr'>Weisropaupen</span> <span class='ocrx_word' id='word_1_450' title='bbox 1084 3112 1129 3161; x_wconf 82' lang='lat' dir='ltr'>der</span> <span class='ocrx_word' id='word_1_451' title='bbox 1142 3109 1295 3162; x_wconf 63' lang='lat' dir='ltr'>Mmaeusx‘</span> 
     </span>
     <span class='ocr_line' id='line_1_77' title="bbox 755 3180 1297 3247; baseline -0.009 -15"><span class='ocrx_word' id='word_1_452' title='bbox 755 3181 866 3247; x_wconf 86' lang='lat' dir='ltr'>Optime</span> <span class='ocrx_word' id='word_1_453' title='bbox 886 3183 970 3240; x_wconf 81' lang='lat' dir='ltr'>enim,</span> <span class='ocrx_word' id='word_1_454' title='bbox 996 3183 1107 3246; x_wconf 78' lang='lat' dir='ltr'>opinor,</span> <span class='ocrx_word' id='word_1_455' title='bbox 1135 3180 1297 3231; x_wconf 85' lang='lat' dir='ltr'>monstravit</span> 
     </span>
     <span class='ocr_line' id='line_1_78' title="bbox 754 3248 1294 3316; baseline -0.007 -14"><span class='ocrx_word' id='word_1_456' title='bbox 754 3252 875 3302; x_wconf 85' lang='lat' dir='ltr'>Lobeclr.</span> <span class='ocrx_word' id='word_1_457' title='bbox 887 3252 915 3300; x_wconf 91' lang='lat' dir='ltr'>in</span> <span class='ocrx_word' id='word_1_458' title='bbox 924 3250 1059 3316; x_wconf 77' lang='lat' dir='ltr'>Aglaoph.</span> <span class='ocrx_word' id='word_1_459' title='bbox 1073 3250 1157 3315; x_wconf 68' lang='lat' dir='ltr'>puts</span> <span class='ocrx_word' id='word_1_460' title='bbox 1167 3265 1224 3315; x_wconf 88' lang='lat' dir='ltr'>seq.</span> <span class='ocrx_word' id='word_1_461' title='bbox 1233 3248 1294 3300; x_wconf 90' lang='lat' dir='ltr'>coll.</span> 
     </span>
     <span class='ocr_line' id='line_1_79' title="bbox 754 3319 1296 3382; baseline -0.007 -10"><span class='ocrx_word' id='word_1_462' title='bbox 754 3323 814 3382; x_wconf 72' lang='lat' dir='ltr'>titt,</span> <span class='ocrx_word' id='word_1_463' title='bbox 829 3319 1127 3371; x_wconf 85' lang='lat' dir='ltr'>assentienteNltzsclr.</span> <span class='ocrx_word' id='word_1_464' title='bbox 1147 3321 1188 3370; x_wconf 91' lang='lat' dir='ltr'>De</span> <span class='ocrx_word' id='word_1_465' title='bbox 1199 3320 1296 3370; x_wconf 86' lang='lat' dir='ltr'>histor.</span> 
     </span>
     <span class='ocr_line' id='line_1_80' title="bbox 754 3389 1295 3456; baseline -0.004 -16"><span class='ocrx_word' id='word_1_466' title='bbox 754 3393 865 3442; x_wconf 87' lang='lat' dir='ltr'>Homer.</span> <span class='ocrx_word' id='word_1_467' title='bbox 882 3407 909 3456; x_wconf 82' lang='lat' dir='ltr'>p.</span> <span class='ocrx_word' id='word_1_468' title='bbox 921 3390 978 3452; x_wconf 81' lang='grc'>1113,</span> <span class='ocrx_word' id='word_1_469' title='bbox 992 3390 1056 3441; x_wconf 91' lang='lat' dir='ltr'>huic</span> <span class='ocrx_word' id='word_1_470' title='bbox 1067 3389 1129 3440; x_wconf 94' lang='lat' dir='ltr'>loco</span> <span class='ocrx_word' id='word_1_471' title='bbox 1139 3406 1198 3440; x_wconf 87' lang='lat' dir='ltr'>eam</span> <span class='ocrx_word' id='word_1_472' title='bbox 1215 3403 1295 3440; x_wconf 90' lang='lat' dir='ltr'>unam</span> 
     </span>
     <span class='ocr_line' id='line_1_81' title="bbox 753 3456 1297 3521; baseline -0.007 -10"><span class='ocrx_word' id='word_1_473' title='bbox 753 3462 900 3512; x_wconf 84' lang='lat' dir='ltr'>convenire</span> <span class='ocrx_word' id='word_1_474' title='bbox 919 3461 1055 3510; x_wconf 86' lang='lat' dir='ltr'>notionem</span> <span class='ocrx_word' id='word_1_475' title='bbox 1074 3461 1150 3510; x_wconf 85' lang='lat' dir='ltr'>verbi</span> <span class='ocrx_word' id='word_1_476' title='bbox 1172 3456 1297 3521; x_wconf 59' lang='lat' dir='ltr'>diarria}</span> 
     </span>
     <span class='ocr_line' id='line_1_82' title="bbox 753 3530 1298 3595; baseline -0.002 -16"><span class='ocrx_word' id='word_1_477' title='bbox 753 3545 810 3584; x_wconf 87' lang='grc' dir='ltr'><strong><em>ναι,</em></strong></span> <span class='ocrx_word' id='word_1_478' title='bbox 828 3546 882 3595; x_wconf 88' lang='lat' dir='ltr'>qua</span> <span class='ocrx_word' id='word_1_479' title='bbox 892 3530 986 3581; x_wconf 87' lang='lat' dir='ltr'>valeat</span> <span class='ocrx_word' id='word_1_480' title='bbox 994 3531 1140 3580; x_wconf 81' lang='lat' dir='ltr'>inordinata</span> <span class='ocrx_word' id='word_1_481' title='bbox 1151 3545 1298 3590; x_wconf 83' lang='lat' dir='ltr'>componere</span> 
     </span>
     <span class='ocr_line' id='line_1_83' title="bbox 755 3600 1298 3664; baseline -0.006 -13"><span class='ocrx_word' id='word_1_482' title='bbox 755 3609 781 3651; x_wconf 87' lang='lat' dir='ltr'>et</span> <span class='ocrx_word' id='word_1_483' title='bbox 799 3602 835 3650; x_wconf 84' lang='lat' dir='ltr'>ad</span> <span class='ocrx_word' id='word_1_484' title='bbox 850 3601 1026 3664; x_wconf 75' lang='lat' dir='ltr'>usmeolitutem</span> <span class='ocrx_word' id='word_1_485' title='bbox 1043 3602 1170 3664; x_wconf 73' lang='lat' dir='ltr'>redigere.</span> <span class='ocrx_word' id='word_1_486' title='bbox 1200 3600 1298 3664; x_wconf 88' lang='lat' dir='ltr'>Itaque</span> 
     </span>
     <span class='ocr_line' id='line_1_84' title="bbox 756 3662 1297 3732; baseline -0.011 -12"><span class='ocrx_word' id='word_1_487' title='bbox 756 3670 961 3720; x_wconf 89' lang='lat' dir='ltr'>Onomacritum</span> <span class='ocrx_word' id='word_1_488' title='bbox 992 3662 1133 3732; x_wconf 75' lang='grc' dir='ltr'><strong><em>διαθέτην</em></strong></span> <span class='ocrx_word' id='word_1_489' title='bbox 1163 3664 1297 3732; x_wconf 77' lang='grc' dir='ltr'><strong><em>χρησμόν</em></strong></span> 
     </span>
     <span class='ocr_line' id='line_1_85' title="bbox 756 3736 1298 3803; baseline -0.004 -15"><span class='ocrx_word' id='word_1_490' title='bbox 756 3736 911 3788; x_wconf 66' lang='grc' dir='ltr'><strong><em>Μουσαίου</em></strong></span> <span class='ocrx_word' id='word_1_491' title='bbox 927 3738 1094 3803; x_wconf 87' lang='lat' dir='ltr'>appellatum</span> <span class='ocrx_word' id='word_1_492' title='bbox 1115 3753 1175 3789; x_wconf 87' lang='lat' dir='ltr'>esse</span> <span class='ocrx_word' id='word_1_493' title='bbox 1190 3736 1249 3788; x_wconf 86' lang='lat' dir='ltr'>vult</span> <span class='ocrx_word' id='word_1_494' title='bbox 1263 3737 1298 3786; x_wconf 88' lang='lat' dir='ltr'>ab</span> 
     </span>
     <span class='ocr_line' id='line_1_86' title="bbox 757 3809 1299 3873; baseline -0.006 -14"><span class='ocrx_word' id='word_1_495' title='bbox 757 3825 799 3870; x_wconf 89' lang='lat' dir='ltr'>eo,</span> <span class='ocrx_word' id='word_1_496' title='bbox 812 3809 882 3873; x_wconf 91' lang='lat' dir='ltr'>quod</span> <span class='ocrx_word' id='word_1_497' title='bbox 902 3824 966 3872; x_wconf 88' lang='lat' dir='ltr'>prae</span> <span class='ocrx_word' id='word_1_498' title='bbox 984 3809 1124 3860; x_wconf 86' lang='lat' dir='ltr'>sstulerit</span> <span class='ocrx_word' id='word_1_499' title='bbox 1143 3812 1225 3873; x_wconf 90' lang='lat' dir='ltr'>atque</span> <span class='ocrx_word' id='word_1_500' title='bbox 1238 3823 1299 3872; x_wconf 92' lang='lat' dir='ltr'>pro·</span> 
     </span>
     <span class='ocr_line' id='line_1_87' title="bbox 759 3876 1300 3942; baseline -0.004 -15"><span class='ocrx_word' id='word_1_501' title='bbox 759 3879 847 3928; x_wconf 86' lang='lat' dir='ltr'>fessus</span> <span class='ocrx_word' id='word_1_502' title='bbox 866 3879 917 3940; x_wconf 89' lang='lat' dir='ltr'>sit,</span> <span class='ocrx_word' id='word_1_503' title='bbox 944 3880 1054 3942; x_wconf 87' lang='lat' dir='ltr'>negotio</span> <span class='ocrx_word' id='word_1_504' title='bbox 1072 3892 1170 3940; x_wconf 86' lang='lat' dir='ltr'>sparsa</span> <span class='ocrx_word' id='word_1_505' title='bbox 1193 3876 1300 3926; x_wconf 86' lang='lat' dir='ltr'>Musaei</span> 
     </span>
     <span class='ocr_line' id='line_1_88' title="bbox 757 3945 1300 4012; baseline -0.004 -18"><span class='ocrx_word' id='word_1_506' title='bbox 757 3947 891 3997; x_wconf 81' lang='lat' dir='ltr'>vaticinia</span> <span class='ocrx_word' id='word_1_507' title='bbox 910 3945 1053 4012; x_wconf 86' lang='lat' dir='ltr'>colligendi</span> <span class='ocrx_word' id='word_1_508' title='bbox 1079 3946 1220 4009; x_wconf 87' lang='lat' dir='ltr'>literisque</span> <span class='ocrx_word' id='word_1_509' title='bbox 1237 3961 1300 3994; x_wconf 92' lang='lat' dir='ltr'>con·</span> 
     </span>
     <span class='ocr_line' id='line_1_89' title="bbox 759 4015 1299 4081; baseline -0.009 -15"><span class='ocrx_word' id='word_1_510' title='bbox 759 4016 887 4081; x_wconf 89' lang='lat' dir='ltr'>signandi</span> <span class='ocrx_word' id='word_1_511' title='bbox 902 4020 939 4074; x_wconf 86' lang='lat' dir='ltr'>et,</span> <span class='ocrx_word' id='word_1_512' title='bbox 952 4031 1004 4081; x_wconf 92' lang='lat' dir='ltr'>quo</span> <span class='ocrx_word' id='word_1_513' title='bbox 1017 4015 1136 4078; x_wconf 91' lang='lat' dir='ltr'>quidque</span> <span class='ocrx_word' id='word_1_514' title='bbox 1153 4015 1299 4077; x_wconf 86' lang='lat' dir='ltr'>pertineat,</span> 
     </span>
     <span class='ocr_line' id='line_1_90' title="bbox 759 4082 1300 4145; baseline -0.006 -11"><span class='ocrx_word' id='word_1_515' title='bbox 759 4084 886 4137; x_wconf 85' lang='lat' dir='ltr'>docendi.</span> <span class='ocrx_word' id='word_1_516' title='bbox 908 4085 991 4134; x_wconf 77' lang='lat' dir='ltr'>Addit</span> <span class='ocrx_word' id='word_1_517' title='bbox 1002 4084 1073 4133; x_wconf 90' lang='lat' dir='ltr'>idem</span> <span class='ocrx_word' id='word_1_518' title='bbox 1086 4083 1217 4145; x_wconf 67' lang='lat' dir='ltr'>Lobeelr„</span> <span class='ocrx_word' id='word_1_519' title='bbox 1234 4082 1300 4132; x_wconf 88' lang='lat' dir='ltr'>alibi</span> 
     </span>
     <span class='ocr_line' id='line_1_91' title="bbox 758 4152 1300 4220; baseline -0.007 -16"><span class='ocrx_word' id='word_1_520' title='bbox 758 4169 867 4220; x_wconf 90' lang='lat' dir='ltr'>quoque</span> <span class='ocrx_word' id='word_1_521' title='bbox 882 4153 1084 4204; x_wconf 88' lang='lat' dir='ltr'>commemorari</span> <span class='ocrx_word' id='word_1_522' title='bbox 1097 4152 1300 4203; x_wconf 88' lang='lat' dir='ltr'>Onomacritum</span> 
     </span>
    </p>
   </div>
   <div class='ocr_carea' id='block_1_9' title="bbox 163 4218 1302 4567">
    <p class='ocr_par' dir='ltr' id='par_1_9' title="bbox 163 4218 1302 4567">
     <span class='ocr_line' id='line_1_92' title="bbox 164 4218 1301 4288; baseline -0.003 -14"><span class='ocrx_word' id='word_1_523' title='bbox 164 4232 284 4275; x_wconf 88' lang='lat' dir='ltr'>turvocs</span> <span class='ocrx_word' id='word_1_524' title='bbox 297 4218 523 4288; x_wconf 73' lang='grc' dir='ltr'><strong><em>διαθέτης,ηαοο</em></strong></span> <span class='ocrx_word' id='word_1_525' title='bbox 536 4221 705 4283; x_wconf 86' lang='lat' dir='ltr'>hancipssm</span> <span class='ocrx_word' id='word_1_526' title='bbox 758 4222 929 4273; x_wconf 87' lang='lat' dir='ltr'>oraculorum</span> <span class='ocrx_word' id='word_1_527' title='bbox 959 4221 1180 4286; x_wconf 89' lang='lat' dir='ltr'>interpolatorem</span> <span class='ocrx_word' id='word_1_528' title='bbox 1217 4227 1301 4287; x_wconf 86' lang='lat' dir='ltr'>atque</span> 
     </span>
     <span class='ocr_line' id='line_1_93' title="bbox 164 4280 1301 4357; baseline -0.002 -14"><span class='ocrx_word' id='word_1_529' title='bbox 164 4293 199 4343; x_wconf 91' lang='lat' dir='ltr'>ob</span> <span class='ocrx_word' id='word_1_530' title='bbox 215 4309 327 4346; x_wconf 86' lang='lat' dir='ltr'>causam</span> <span class='ocrx_word' id='word_1_531' title='bbox 343 4309 403 4344; x_wconf 87' lang='lat' dir='ltr'>cnm</span> <span class='ocrx_word' id='word_1_532' title='bbox 426 4307 492 4342; x_wconf 84' lang='lat' dir='ltr'>voce</span> <span class='ocrx_word' id='word_1_533' title='bbox 512 4280 708 4354; x_wconf 78' lang='grc' dir='ltr'><strong><em>χρησμολόγος</em></strong></span> <span class='ocrx_word' id='word_1_534' title='bbox 758 4294 866 4343; x_wconf 82' lang='lat' dir='ltr'>Musaei</span> <span class='ocrx_word' id='word_1_535' title='bbox 884 4290 1020 4357; x_wconf 79' lang='lat' dir='ltr'>quoddam</span> <span class='ocrx_word' id='word_1_536' title='bbox 1042 4306 1150 4342; x_wconf 87' lang='lat' dir='ltr'>carmen</span> <span class='ocrx_word' id='word_1_537' title='bbox 1172 4292 1207 4341; x_wconf 91' lang='lat' dir='ltr'>ab</span> <span class='ocrx_word' id='word_1_538' title='bbox 1227 4293 1301 4342; x_wconf 89' lang='lat' dir='ltr'>Ono·</span> 
     </span>
     <span class='ocr_line' id='line_1_94' title="bbox 163 4357 1301 4426; baseline -0.003 -13"><span class='ocrx_word' id='word_1_539' title='bbox 163 4369 241 4413; x_wconf 87' lang='lat' dir='ltr'>arcte</span> <span class='ocrx_word' id='word_1_540' title='bbox 256 4363 405 4414; x_wconf 85' lang='lat' dir='ltr'>coniuncta</span> <span class='ocrx_word' id='word_1_541' title='bbox 418 4366 460 4412; x_wconf 91' lang='lat' dir='ltr'>est</span> <span class='ocrx_word' id='word_1_542' title='bbox 477 4377 523 4425; x_wconf 88' lang='lat' dir='ltr'>per</span> <span class='ocrx_word' id='word_1_543' title='bbox 537 4373 565 4407; x_wconf 83' lang='grc' dir='ltr'>τε</span> <span class='ocrx_word' id='word_1_544' title='bbox 578 4357 636 4408; x_wconf 79' lang='grc' dir='ltr'><strong><em>κατ’.</em></strong></span> <span class='ocrx_word' id='word_1_545' title='bbox 665 4360 707 4409; x_wconf 86' lang='lat' dir='ltr'>Tu</span> <span class='ocrx_word' id='word_1_546' title='bbox 759 4362 874 4411; x_wconf 89' lang='lat' dir='ltr'>macrito</span> <span class='ocrx_word' id='word_1_547' title='bbox 887 4363 1058 4426; x_wconf 86' lang='lat' dir='ltr'>suppositum</span> <span class='ocrx_word' id='word_1_548' title='bbox 1073 4361 1189 4411; x_wconf 84' lang='lat' dir='ltr'>indicari</span> <span class='ocrx_word' id='word_1_549' title='bbox 1201 4378 1218 4411; x_wconf 85' lang='lat' dir='ltr'>a</span> <span class='ocrx_word' id='word_1_550' title='bbox 1229 4362 1301 4410; x_wconf 92' lang='lat' dir='ltr'>Pau-</span> 
     </span>
     <span class='ocr_line' id='line_1_95' title="bbox 165 4420 1301 4498; baseline -0.003 -15"><span class='ocrx_word' id='word_1_551' title='bbox 165 4433 244 4485; x_wconf 83' lang='lat' dir='ltr'>coni.</span> <span class='ocrx_word' id='word_1_552' title='bbox 267 4447 338 4498; x_wconf 87' lang='lat' dir='ltr'>quae</span> <span class='ocrx_word' id='word_1_553' title='bbox 360 4433 394 4482; x_wconf 90' lang='lat' dir='ltr'>de</span> <span class='ocrx_word' id='word_1_554' title='bbox 418 4447 487 4482; x_wconf 81' lang='lat' dir='ltr'>roos</span> <span class='ocrx_word' id='word_1_555' title='bbox 513 4420 708 4494; x_wconf 82' lang='grc' dir='ltr'><strong><em>χρησμολόγος</em></strong></span> <span class='ocrx_word' id='word_1_556' title='bbox 759 4447 820 4482; x_wconf 82' lang='lat' dir='ltr'>san.</span> <span class='ocrx_word' id='word_1_557' title='bbox 836 4432 858 4493; x_wconf 85' lang='lat'>1,</span> <span class='ocrx_word' id='word_1_558' title='bbox 872 4433 915 4482; x_wconf 77' lang='lat' dir='ltr'>tt.</span> <span class='ocrx_word' id='word_1_559' title='bbox 929 4433 984 4495; x_wconf 68' lang='lat'>§.7</span> <span class='ocrx_word' id='word_1_560' title='bbox 1008 4431 1125 4497; x_wconf 90' lang='lat' dir='ltr'>quodsb</span> <span class='ocrx_word' id='word_1_561' title='bbox 1137 4431 1247 4482; x_wconf 92' lang='lat' dir='ltr'>oraculo</span> <span class='ocrx_word' id='word_1_562' title='bbox 1261 4432 1301 4480; x_wconf 90' lang='lat' dir='ltr'>di-</span> 
     </span>
     <span class='ocr_line' id='line_1_96' title="bbox 166 4498 1302 4567; baseline -0.001 -15"><span class='ocrx_word' id='word_1_563' title='bbox 166 4501 318 4553; x_wconf 81' lang='lat' dir='ltr'>attulsrunt</span> <span class='ocrx_word' id='word_1_564' title='bbox 337 4500 509 4560; x_wconf 83' lang='lat' dir='ltr'>Graefenlrau</span> <span class='ocrx_word' id='word_1_565' title='bbox 524 4500 568 4550; x_wconf 84' lang='lat' dir='ltr'>iu:</span> <span class='ocrx_word' id='word_1_566' title='bbox 590 4498 706 4552; x_wconf 83' lang='lat' dir='ltr'>Jahrhb.</span> <span class='ocrx_word' id='word_1_567' title='bbox 759 4516 868 4553; x_wconf 84' lang='lat' dir='ltr'>versum</span> <span class='ocrx_word' id='word_1_568' title='bbox 898 4501 984 4554; x_wconf 85' lang='lat' dir='ltr'>fuisse</span> <span class='ocrx_word' id='word_1_569' title='bbox 1009 4501 1154 4566; x_wconf 82' lang='lat' dir='ltr'>videatur,</span> <span class='ocrx_word' id='word_1_570' title='bbox 1182 4501 1302 4567; x_wconf 89' lang='lat' dir='ltr'>itemque</span> 
     </span>
    </p>
   </div>
   <div class='ocr_carea' id='block_1_10' title="bbox 0 0 1568 5175">
    <p class='ocr_par' dir='ltr' id='par_1_10' title="bbox 0 0 1568 5175">
     <span class='ocr_line' id='line_1_97' title="bbox 0 0 1568 5175; baseline 0 0"><span class='ocrx_word' id='word_1_571' title='bbox 0 0 1568 5175; x_wconf 95' lang='lat' dir='ltr'> </span> 
     </span>
    </p>
   </div>
  </div>
 </body>
</html>
