3100 5175
566 433 745 496 ERATO.
769 434 825 496 VI.
844 443 887 498 16.
1229 424 1290 493 283

158 606 271 694 μένγε
291 611 361 676 τῶν
381 609 417 676 ἐκ
432 611 589 697 Σκαπτης
600 603 699 696 Ὕλης
718 613 787 677 τῶν
799 607 952 696 χρυσέων
971 605 1144 696 μετάλλων
1166 604 1204 675 τὸ
1218 609 1289 676 ἐπί·

159 737 225 779 παν
246 709 442 798 ὀγδώκοντα
467 711 613 781 τάλαντα
634 713 790 800 προσήιε,
823 714 860 780 ἐκ
882 711 919 780 dl
939 716 1008 779 τῶν
1030 715 1066 779 ἐν
1088 707 1172 801 αὕτη
1192 711 1291 802 Θάσῳ

159 815 287 884 ἐλάσσω
302 814 365 902 μὲν
377 813 525 900 τούτων,
539 813 646 903 συχνὰ
661 816 697 885 dl
713 813 818 900 οὕτω,
838 811 921 883 ῶστι
936 812 972 883 τὸ
988 819 1111 883 ἐπίπαν
1126 821 1290 900 Θασίοισι,

159 921 250 986 ἐοῦσι
267 923 407 1002 καρπῶν
416 915 558 1004 ιἰτελέσι,
573 919 712 1008 προσήιε
726 917 792 987 ἀπό
805 945 842 987 τε
855 924 912 1008 τῆς
925 915 1066 1006 ἠπείρου
1080 920 1135 986 καὶ
1149 923 1217 986 τῶν
1230 944 1289 1006 ρε-

159 1021 290 1090 τάλλων
310 1026 400 1101 ἔτεος
421 1021 561 1093 ἑκάστου
581 1021 733 1111 διηκόσια
752 1023 913 1108 τάλαντα,
943 1018 998 1090 ὅτε
1019 1022 1053 1093 dl
1078 1021 1115 1091 τὸ
1135 1031 1291 1094 πλεῖστον

193 1213 223 1271 ἐκ
240 1214 410 1303 pe'npsroin
428 1216 608 1287 ίκΣκαπτῆς
617 1211 700 1288 Ὕλης
751 1223 855 1274 Eodem
875 1223 1069 1276 modoNester
1085 1224 1190 1286 11101
1214 1213 1290 1272 elre-

160 1288 215 1340 τῶν
232 1286 533 1358 χρυσέωνμετιὶλλιον]
568 1295 700 1344 Voculam
750 1292 809 1342 λέα
823 1286 1200 1358 Πέρσαινέμονταιχῶρην,
1212 1296 1290 1343 ἰῑειιι-

160 1361 330 1426 ysinprimis
347 1363 565 1426 urgethrcher,
586 1364 700 1413 reddens
751 1379 802 1428 que
819 1363 871 1418 111,
882 1363 924 1413 97.
941 1364 1067 1422 lauert,
1081 1364 1139 1414 192.
1167 1365 1290 1428 ,,-Ε1Ιιιι

160 1447 292 1481 aurneina
321 1430 467 1481 Mihrurbrl
482 1433 700 1497 ampliusvalere
751 1434 836 1483 menti
858 1434 938 1498 copiti
954 1435 1115 1484 abundabat
1131 1402 1238 1483 Thlasus
1264 1437 1292 1483 et

160 1500 268 1550 videtur
280 1502 334 1549 nisi
343 1510 420 1551 certe.
448 1502 574 1556 Eustath.
588 1503 623 1551 ad
636 1504 701 1552 Dio·
751 1503 843 1551 vinum
858 1518 962 1567 quoque
974 1505 1096 1569 inprimis
1106 1502 1291 1553 celebreTha·

161 1585 219 1633 nys.
236 1571 343 1634 Perieg.
358 1571 409 1620 517
423 1570 591 1621 Herodotum
610 1573 700 1622 citans
750 1587 818 1621 sium
836 1577 904 1621 erat
935 1572 988 1621 Sed
1002 1575 1130 1622 videntur
1146 1577 1173 1621 et
1188 1570 1291 1621 fertiles
1382 1612 1385 1617 Δ

161 1639 270 1689 exhibet
282 1609 402 1701 μέταλλα
422 1652 511 1703 χρυσα
530 1638 656 1705 σκοπιῆς
672 1630 700 1688 ῶ-

161 1709 218 1771 λης.
258 1709 390 1773 Equidem
415 1725 475 1759 cunr
499 1710 698 1761 ιεοειιΙ1.ειΙι1.

160 1778 326 1840 Florentiui,
347 1779 463 1828 aliorum
485 1780 585 1830 retinui
604 1779 700 1830 lectio-

160 1864 218 1897 nem
229 1863 337 1912 ,quam
355 1864 388 1898 cx
405 1863 459 1898 uno
473 1848 613 1900 Sancrofti
631 1850 699 1899 libro

161 1886 311 1998 Schtleigh
330 1925 358 1967 ct
375 1918 462 1969 Gaist‘.
477 1925 617 1969 mutarunt
630 1909 701 1967 inlr

161 1985 279 2051 Σκαπτῇ
289 1979 367 2052 *Tin
394 1987 525 2038 Herodot.
541 1990 597 2052 ΙΙΙ,
611 1989 636 2038 0.
652 1989 700 2049 IV,

164 2058 209 2106 115
227 2063 256 2106 et
269 2072 339 2121 quae
357 2057 394 2106 ibi
407 2056 585 2108 laudavimus
606 2060 643 2121 V
658 2057 700 2108 35

160 2125 295 2176 Kuehner
310 2126 354 2178 Gr
368 2127 415 2177 Gr
431 2131 455 2190 ξ
466 2128 527 2181 623.
548 2127 627 2192 Apud
641 2128 699 2176 Ste-

160 2195 242 2268 phan.
258 2197 324 2271 Byr.
340 2211 401 2261 pag.
415 2196 479 2275 ste,
498 2189 700 2275 Σκαπτηρύλη,

161 2256 243 2321 πόλις
260 2258 377 2332 Θρᾴκης
395 2259 495 2330 μικρά,
512 2256 631 2327 ἆντιιιρυ
622 2258 701 2316 Θά-

161 2346 220 2384 σοι
246 2334 300 2384 Ubi
314 2335 478 2385 coniunctim
494 2336 623 2385 scribitur
637 2350 700 2385 vox

161 2403 202 2452 Tu
233 2405 335 2454 rectius
363 2419 428 2454 sane
453 2407 557 2456 scribes
582 2394 700 2468 Σκαπτη

152 2462 199 2519 ”AT
188 2486 236 2534 η,
255 2473 345 2522 divisa
359 2477 473 2538 utraque
488 2474 599 2534 vocula,
620 2489 700 2538 qnam

162 2540 211 2592 hoe
232 2556 340 2609 quoque
365 2542 423 2594 loco
440 2543 614 2596 coniunctam
633 2543 701 2593 San

161 2611 242 2661 croiti
258 2611 324 2663 liber
340 2613 427 2663 offert.
454 2614 563 2679 Regio
555 2630 615 2678 ipsa
629 2614 701 2662 Tha-

162 2697 192 2730 so
207 2681 259 2730 tuit
275 2683 401 2747 opposita
420 2684 448 2731 in
463 2684 630 2741 continenti,
649 2697 702 2746 qna

162 2750 276 2814 posthac
312 2752 394 2815 potiti
430 2758 494 2803 sunt
521 2753 702 2802 Athenienses

163 2834 296 2885 quamque
323 2822 405 2870 etiam
425 2822 467 2871 ita
490 2827 651 2883 tennerunt,
672 2826 704 2870 ut

162 2890 277 2955 singulis
306 2890 407 2940 Atticis
436 2892 543 2941 civibus
582 2891 702 2952 metalla,

163 2975 275 3024 quorum
295 2959 377 3009 etiam
390 2960 565 3023 Thucydides
581 2962 705 3010 meminit

162 3030 190 3090 l,
207 3029 270 3093 100,
291 3044 426 3094 agrosque
446 3032 613 3081 concessisse
628 3031 703 3080 vide-

162 3106 254 3149 antur.
286 3099 362 3148 Satis
379 3104 503 3160 constat,
518 3100 704 3163 Thucydidem

163 3169 260 3219 ibidem
275 3168 433 3232 possedisse
445 3169 565 3227 metalla,
583 3184 653 3234 quae
669 3169 703 3218 ab

163 3254 245 3288 uxore
260 3238 325 3288 hine
337 3238 421 3288 ducta
433 3242 597 3303 acceperet,
611 3239 703 3302 ibique

163 3310 243 3358 etiam
258 3308 362 3357 diutius
375 3323 434 3358 esse
448 3313 650 3365 commoratum,
664 3308 705 3356 hi-

163 3380 266 3428 storiae
283 3377 444 3427 scribendae
468 3393 578 3442 operam
599 3393 704 3427 navan-

163 3454 224 3497 tem.
255 3447 317 3495 Vid.
334 3446 485 3497 Marcellin
499 3449 532 3495 V.
553 3447 705 3510 Thucydid.

164 3521 186 3581 ξ,
203 3519 242 3567 ut.
256 3517 392 3580 ’urbique
404 3523 484 3570 nott
497 3517 703 3567 MannertVlI

163 3603 225 3651 pag.
239 3588 299 3636 ·235.
328 3588 370 3637 Ad
384 3601 415 3635 το
407 3577 538 3635 ἒπιπαν
552 3586 588 3637 ei
602 3586 656 3648 IV,
670 3586 704 3635 08

164 3657 253 3735 ibique
272 3660 343 3705 nott.
373 3658 438 3706 Mox
456 3648 566 3705 τούτων
579 3656 642 3706 dedi
656 3671 704 3720 pro

163 3719 294 3775 τουτέων.

196 3855 275 3913 ἐοῦσι
294 3855 414 3925 καρπῶν
432 3854 555 3927 ἀτελέσι]
585 3863 646 3912 Ηοο
665 3866 705 3913 ita

164 3934 296 3998 intelligo,
309 3939 341 3982 ut
355 3933 460 3995 Thasii,
475 3949 586 3997 quorum
603 3934 706 3983 reditus

165 4010 218 4053 tam
232 4002 318 4067 ampli
333 4002 443 4052 fuerunt
457 4019 471 4052 c
486 4002 619 4065 metallis,
632 4005 706 4052 omni

164 4090 195 4123 eo
223 4074 343 4133 tributo,
370 4073 442 4136 quod
466 4074 538 4137 agris
560 4088 706 4137 eorumque

164 4144 287 4206 frugibus
303 4142 406 4205 imponi
421 4142 541 4202 solebat,
554 4144 638 4207 igitur
652 4158 707 4192 om-

165 4214 192 4261 ni
206 4213 314 4264 decima
331 4210 376 4259 vel
389 4211 444 4261 alia
461 4214 578 4276 quadam
593 4216 670 4276 parte
691 4227 706 4261 e

166 4283 289 4347 frugibus
307 4282 443 4345 perceptis
461 4282 557 4332 tributi
573 4282 633 4331 loco
652 4281 706 4331 sol·

164 4353 251 4402 venda
253 4350 503 4416 ,exemptiiuerint
510 4350 612 4401 nullum
622 4353 707 4415 igitur

166 4423 297 4471 tributum
311 4435 421 4483 prorsus
431 4421 573 4480 solverint,
585 4436 646 4471 cnm
660 4421 707 4470 vix

164 4491 220 4542 alia
239 4491 404 4541 tributorum
417 4504 518 4556 genera
534 4492 706 4544 exsisterent.

751 1642 914 1691 'Phasiorum
927 1657 943 1690 ιι
964 1658 988 1690 rr
1001 1643 1150 1692 etvinete
1144 1658 1170 1690 ιιι
1184 1642 1291 1722 qppoui-

750 1716 779 1759 te
789 1711 927 1760 continente
937 1655 1007 1774 (Vn'
989 1706 1107 1777 η’πείρφ)
1123 1711 1239 1760 maxime
1249 1709 1291 1759 lu-

750 1780 818 1841 isse3
837 1794 933 1843 nempe
954 1782 981 1829 iu
996 1780 1130 1830 Thraciae
1143 1796 1204 1840 ora,
1220 1795 1291 1844 quae

750 1848 914 1898 Thasiorum
927 1848 996 1898 fuit:
1017 1851 1063 1914 qui
1078 1865 1139 1899 cum
1155 1851 1291 1899 fructuum

752 1919 859 1968 nomine
875 1933 907 1966 ex
927 1933 960 1968 ea
978 1919 1089 1983 regione
1103 1923 1291 1983 perceptorum

750 2003 800 2036 nec
811 1987 948 2036 Thracum
961 1988 1071 2054 regibus
1084 2004 1133 2038 nec
1146 1989 1238 2039 Persis
1251 2003 1292 2037 ee-

749 2059 827 2121 clipol
841 2058 914 2106 ιιλλιοιι
931 2062 980 2106 aut
997 2058 1113 2107 tribunus
1132 2057 1291 2121 penderent,

752 2115 830 2174 ἐοῦσι
849 2122 968 2188 καρπῶν
984 2117 1105 2186 ἀτελέσι,
1123 2127 1158 2177 ad
1176 2127 1291 2188 reditus,

751 2211 817 2277 qups
829 2199 861 2245 ex
877 2195 993 2245 metallis
1006 2197 1207 2261 percipiebant,
1228 2197 1292 2246 insi-

750 2267 811 2330 gnis
825 2266 971 2329 quotannis
984 2266 1107 2317 cumulus
1118 2283 1150 2316 ex
1166 2281 1292 2330 agrorum

751 2337 866 2385 istorum
885 2336 1091 2400 vinetorumque
1109 2340 1243 2400 proventu
1261 2335 1292 2383 il·

750 2404 785 2454 lis
799 2403 977 2454 accedebat.“
1003 2403 1024 2453 S
1032 2406 1068 2453 cli
1078 2421 1099 2452 ιο
1109 2409 1139 2455 ei
1145 2421 1162 2470 p
1171 2405 1194 2453 λι.
1235 2406 1292 2454 Nec

751 2473 832 2523 aliter
849 2472 875 2522 h.
893 2473 910 2522 Ι.
928 2473 1018 2538 accipi
1037 2474 1116 2524 video
1137 2492 1153 2524 a
1172 2472 1291 2525 Boechh.

751 2541 983 2593 Stnstshaushalt.
1002 2543 1142 2594 drAthen.
1158 2544 1180 2593 Ι.
1201 2559 1225 2608 p.
1241 2542 1293 2594 423

752 2614 797 2664 ed.
811 2629 877 2675 sec,
892 2614 1010 2678 quicum
1024 2613 1079 2663 iere
1089 2613 1222 2663 Herodoti
1234 2629 1293 2662 seu-

751 2683 867 2731 tentiam
887 2697 947 2731 esse
966 2682 1062 2732 docet:
1086 2698 1100 2732 e
1124 2681 1241 2732 metallis
1265 2684 1293 2730 iu

754 2757 828 2801 terra
845 2751 996 2800 continenti
1016 2753 1079 2800 sitis
1100 2752 1133 2801 ad
1148 2753 1293 2816 Scaptesy-

753 2821 807 2870 lem
827 2821 973 2885 quotannis
993 2823 1020 2869 in
1034 2821 1196 2871 'rhosiorum
1219 2836 1294 2870 aera-

753 2891 823 2939 rium
837 2890 950 2940 rediisse
968 2891 1108 2955 octogiuta
1120 2890 1231 2951 talenta,
1247 2891 1294 2938 mi·

753 2976 845 3009 norem
862 2974 992 3008 summam
1005 2976 1020 3009 e
1035 2960 1152 3009 metallis
1167 2963 1195 3009 in
1209 2959 1295 3008 Thasi

754 3029 845 3078 insula
867 3030 941 3091 sitis,
963 3028 1010 3078 sed
1031 3034 1138 3077 tantum
1157 3035 1246 3090 certe,
1264 3032 1295 3077 ut

755 3097 917 3147 Thesiorum
933 3097 989 3163 (qui
1006 3098 1058 3162 ipsi
1075 3099 1147 3147 omni
1168 3113 1294 3164 agrorum

753 3167 952 3232 fundorumque
966 3168 1067 3218 tributo
1079 3169 1198 3232 exempti
1209 3168 1294 3227 inere)

753 3237 857 3286 reditus
875 3238 961 3288 annui
982 3253 996 3286 c
1019 3237 1137 3288 metallis
1160 3240 1187 3286 in
1210 3238 1297 3286 cunti-

755 3308 833 3356 nenti
857 3322 942 3372 aeque
963 3312 1044 3371 atque
1067 3307 1095 3356 in
1114 3306 1205 3357 insula
1224 3308 1295 3368 sitis,

754 3378 809 3425 una
835 3392 895 3426 cnm
914 3376 1096 3441 vectigalibus
1121 3375 1198 3435 aliis,
1223 3378 1295 3427 intra

754 3446 861 3496 draconta
876 3462 908 3497 ae
922 3455 1035 3496 trecertta
1048 3447 1153 3496 talenta
1166 3448 1296 3497 constite-

755 3517 820 3569 rint.
852 3520 891 3566 Αο
909 3516 1026 3567 ducents
1046 3517 1163 3579 talenta,
1180 3518 1296 3566 Wururi-

755 3602 799 3635 um
814 3588 838 3634 si
849 3600 1010 3650 sequamur,
1026 3586 1147 3637 efficiunt
1165 3602 1297 3637 summam

755 3654 1051 3718 caticumenum,
1065 3659 1096 3706 24
1108 3659 1263 3722 οιιισίρειι,
1275 3672 1296 3706 ι.

758 3724 897 3785 1,112,180
921 3727 1025 3778 france.
1047 3726 1175 3790 Gallice,
1199 3736 1297 3777 trecen-

756 3803 782 3844 ισ
796 3793 919 3845 officiunt
932 3797 1043 3857 telasa
1058 3797 1170 3848 florenn.
1184 3798 1200 3847 u
1212 3796 1298 3848 cruci-

755 3880 827 3929 gerr.
848 3865 907 3914 sive
934 3865 1073 3929 nubserit
1091 3866 1190 3916 france
1215 3866 1297 3925 (tait,

756 3938 881 3997 octoqinta
906 3934 1011 3984 talenta
1039 3941 1158 3999 aequant
1184 3936 1299 3995 teuent

757 4005 870 4052 floreun.
894 4001 926 4053 ll)
940 4005 1056 4068 crucigg.
1088 4005 1163 4054 Haec
1183 4003 1299 4054 Thasio-

756 4086 815 4121 rum
831 4071 941 4121 metalla
954 4073 1096 4135 postmodo
1111 4074 1139 4121 in
1153 4073 1300 4122 Athenien·

758 4142 826 4189 sium
845 4145 1008 4205 potestatem
1029 4141 1173 4192 devenisse
1192 4143 1299 4206 accepi-

758 4226 825 4260 mus.
855 4211 966 4263 Orenz.
986 4210 1091 4261 consoli
1108 4211 1168 4261 vult
1185 4211 1298 4261 Eckhel.

757 4282 852 4329 Doctr.
872 4281 906 4329 N.
928 4282 961 4331 V.
979 4279 1040 4329 Vol
1067 4281 1104 4332 ΙΙ
1128 4296 1191 4344 pag
1214 4281 1248 4332 53
1273 4284 1300 4330 ct

757 4349 1244 4414 ne.add.queeprote1tv0emet
1264 4351 1300 4400 ad

758 4417 935 4470 Demosthen.
956 4419 1071 4486 Philipp.
1091 4419 1217 4486 Prolegg
1234 4436 1298 4491 pag.

757 4488 801 4543 uo
