3100 5175
498 436 775 496 POLYMNIA.
799 435 873 496 Vll.
896 444 939 498 43.

1222 429 1281 490 521

152 636 209 688 νος
230 608 267 677 dl
289 610 344 677 καί
365 608 557 697 πυθόμὲνος
576 613 715 678 ἐκείνων
729 611 852 679 ἕκαστα
875 612 914 698 τῇ
936 606 1100 697 Ἀθηναίῃ
1117 612 1158 697 τῇ
1173 604 1286 676 Ἰλιάδι

153 720 257 782 ἔθυσε
282 718 363 800 βοῦς
391 721 513 801 χιλίας·
549 711 626 801 χοὰς
654 714 691 782 dt
716 710 866 800 ol'pa'yor
892 728 977 782 rotor
1008 710 1113 802 ἥρωσι
1141 715 1285 799 ἐχέαντο.

185 878 218 945 τῇ
228 871 365 945 Ἀθηναίῃ
376 877 411 945 τῇ
420 872 507 931 'litoid
510 897 519 929 ι
530 872 615 930 ἔθυσε
626 877 695 948 βοῦς

154 949 254 1015 χιλίας]
272 950 322 1001 Cui
335 951 420 1002 eidem
434 951 515 1012 deae,
531 943 694 1002 obserdante

152 1020 344 1086 Wesselingio,
359 1020 512 1070 Alexander
525 1036 631 1086 quoqne
640 1021 697 1071 Ma·

153 1091 220 1147 cedo
231 1089 310 1139 llium
323 1089 430 1141 delatus
442 1105 521 1139 saera
531 1090 604 1151 tecit,
618 1092 696 1140 testi-

154 1162 204 1209 bns
219 1162 336 1209 Arriano
349 1159 373 1220 l,
388 1159 414 1209 ll
430 1166 457 1209 et
472 1160 592 1211 Diodoro
604 1160 694 1223 XVII,

156 1231 197 1280 18.
236 1230 308 1279 ldem
328 1235 412 1282 autea
432 1230 535 1281 fecerat
551 1231 694 1281 Mindarus

152 1291 183 1346 ἐν
192 1291 264 1359 Ἰλίῳ
279 1294 363 1347 θύων
376 1296 409 1364 τῇ
420 1291 543 1367 Ἀθηνᾷ,
557 1307 587 1350 ut
598 1300 695 1349 scribit

153 1368 305 1434 Xenophon
322 1369 350 1418 in
371 1369 496 1420 Helleun.
515 1373 546 1431 l,
567 1372 595 1432 l,
615 1373 646 1432 4,
667 1374 695 1420 et

153 1446 251 1503 postea
263 1439 330 1489 tecit
342 1438 372 1489 C.
387 1440 495 1502 Livius,
511 1440 694 1501 Romanorum
708 1468 713 1479 ·

153 1508 222 1571 dax,
252 1510 299 1574 qui
317 1515 388 1560 teste
410 1510 489 1559 Livio
509 1510 656 1570 XXXVII,
678 1508 695 1559 9

153 1578 255 1642 „Ilium
270 1579 394 1628 aseendit
407 1582 582 1644 sacrificioque
597 1582 695 1630 illiner-

154 1665 221 1709 „oae
242 1650 314 1712 facto
336 1648 489 1709 terrationes
506 1650 635 1701 finitimas
661 1650 695 1699 ab'

155 1716 308 1780 „Elaeunte
328 1725 355 1768 et
373 1718 502 1768 Dardano
524 1728 551 1769 et
565 1720 696 1777 Rhoeteo,

155 1787 317 1851 „tradentes
335 1790 364 1837 in
383 1788 461 1837 fidem
477 1789 605 1839 civitates
622 1805 695 1852 suas,

156 1858 292 1922 „benigne
305 1857 410 1908 audivit
420 1858 446 1910 :⁴¹
465 1858 521 1908 alia
535 1861 568 1909 de
584 1860 634 1909 hac
646 1861 698 1909 Mi—

154 1943 240 1978 nerra
262 1929 395 1978 excitarit
419 1929 536 1978 Creuzer
552 1929 656 1979 hlelett.
674 1930 695 1979 1.

155 2014 182 2062 p.
195 1997 229 2048 23
243 1996 305 2047 coll.
319 1997 438 2061 Symbol.
452 1998 504 2048 lll.
517 2015 544 2064 p.
558 2000 620 2051 352.
646 1998 697 2049 His

155 2068 240 2132 igitar
259 2068 423 2117 testimoniis
439 2083 497 2117 cum
518 2070 586 2118 satis
600 2069 695 2131 proba·

154 2144 212 2186 tum
243 2137 387 2199 rideatur,
401 2135 558 2188 'illineroarn
583 2138 698 2199 Iliacam,

157 2222 239 2271 quam
252 2208 376 2257 Graecam
392 2207 470 2258 deam
488 2208 570 2273 vulgo
586 2207 698 2267 habent,

155 2277 201 2341 pie
214 2276 337 2341 adeoque
349 2277 493 2342 insigniter
505 2277 557 2328 hoc
570 2278 629 2329 loco
642 2277 700 2329 cul·

157 2351 303 2407 tamesae,
319 2348 377 2396 iure
388 2347 492 2397 mireris
506 2350 621 2399 Xerxem
635 2350 699 2398 Per·

155 2432 247 2465 aarum
263 2432 351 2482 regem
366 2417 477 2468 Graecis
493 2418 591 2468 bellam
609 2417 700 2468 illata·

155 2502 214 2536 rum
229 2485 293 2535 huie
305 2486 372 2536 deae
389 2502 468 2537 sacra
480 2488 571 2539 tacere
586 2484 703 2551 esmqae'

155 2557 207 2607 hoe
219 2557 297 2607 modo
309 2558 453 2622 propitiam
465 2557 517 2608 sibi
531 2558 642 2609 reddere
653 2573 700 2608 ro-

155 2627 253 2677 luisse:
284 2642 367 2693 quare
385 2629 506 2679 Graecae
529 2629 610 2679 huius
630 2629 698 2678 deae

155 2696 208 2746 hoc
225 2695 285 2747 loco
301 2696 391 2747 cultae
410 2698 595 2762 appellatione
610 2699 699 2748 Persi-

156 2782 217 2816 cum
231 2769 327 2831 utique
340 2782 447 2828 namen,
460 2768 532 2832 quod
542 2770 644 2820 Xerxes
653 2783 700 2819 re·

156 2842 268 2887 aeratus
292 2838 343 2898 sit,
369 2837 483 2902 intelligi
506 2839 614 2888 credam
637 2853 698 2887 eam

158 2906 238 2970 plane
260 2907 288 2955 in
308 2906 432 2964 modum,
455 2924 507 2972 quo
522 2908 700 2967 Artaxerxes,

156 2980 304 3040 antequam
330 2993 441 3040 regnum
471 2982 641 3041 capesseret,
668 2981 699 3026 ut

156 3047 322 3102 initiaretur,
331 3048 449 3099 intrasse
460 3048 560 3097 dicitur
572 3046 699 3111 templum

156 3117 241 3178 deae,
258 3105 295 3178 ἥν
308 3109 434 3186 Ἀθηνᾷ
447 3110 483 3164 dv
496 3132 538 3173 τις
552 3110 699 3178 εἰκάσειεν,

156 3200 226 3251 quae
245 3186 328 3235 rerba
349 3191 413 3236 sunt
433 3186 575 3237 Plutarchi
595 3189 622 3236 iu
640 3187 697 3239 Vit.

156 3258 302 3306 Artaxerx.
315 3272 375 3321 cap.
386 3260 411 3306 4.
432 3258 473 3307 De
485 3258 595 3306 Persico
607 3262 697 3307 autem

157 3328 267 3375 numine
282 3327 306 3375 si
323 3333 484 3391 quaeratur,
506 3328 559 3375 iam
579 3326 699 3378 Kleuher

156 3396 280 3459 Append.
295 3397 329 3446 ad
341 3396 505 3447 Zendavest.
521 3397 572 3447 111.
587 3413 649 3462 pag.
664 3397 698 3449 23

157 3465 333 3522 observarat.
348 3467 371 3515 si
385 3483 449 3517 vcra
462 3472 567 3530 essent,
584 3467 699 3532 quaeda

157 3536 247 3586 Xerxe
258 3536 399 3586 Minervae
412 3537 513 3588 Iliacae
526 3538 700 3588 sacrificante

158 3606 315 3656 llerodotus
328 3607 457 3669 tradidit,
473 3610 586 3660 Xerxem
603 3608 701 3670 proba·

157 3675 249 3725 biliter
264 3677 402 3740 cogitasse
415 3677 447 3726 de
459 3680 589 3739 Anaitide,
605 3678 701 3728 Persa-

156 3761 214 3794 rum
230 3746 293 3806 dea,
309 3761 390 3809 quam
404 3762 455 3810 pro
470 3748 634 3796 Graecorum
650 3748 700 3796 bli-

158 3830 245 3865 nerva
267 3815 377 3878 quidam
404 3817 557 3880 accipiunt,
581 3816 627 3866 alii
651 3833 700 3880 pro

158 3885 250 3934 Diana
263 3884 378 3948 habent,
397 3901 456 3935 cum
470 3887 550 3938 lunae
564 3885 702 3950 signitica-

156 3956 261 4004 tionem
284 3956 312 4003 in
337 3971 369 4005 ea
392 3957 481 4006 inesse
503 3962 612 4021 patent;
644 3956 699 4007 vid.

157 4023 261 4074 lueth:
281 4025 380 4074 Gesch.
391 4026 417 4077 d.
429 4024 586 4090 Philosoph.
597 4025 619 4074 1.
631 4030 700 4074 nott.

156 4108 219 4158 pap.
234 4093 285 4143 282
304 4094 365 4146 coll.
382 4095 506 4148 Creuzer.
526 4094 646 4158 Symbol.
661 4094 697 4145 Il.

157 4179 184 4227 p.
202 4162 262 4212 673.
300 4165 448 4228 Equidem,
475 4168 506 4213 ut
528 4165 616 4214 dicam
634 4164 699 4228 quid

156 4234 289 4291 sentiam,
308 4234 341 4283 de
360 4251 392 4286 ea
407 4234 457 4284 dea
476 4233 520 4283 hic
535 4235 579 4290 aei
597 4239 699 4297 putem,

156 4318 238 4367 quam
253 4302 354 4354 Persae
372 4305 510 4354 vocabant
526 4302 643 4362 Μίτραν
662 4309 700 4353 te·

157 4379 199 4422 ste
214 4371 354 4422 Herodoto
370 4376 399 4436 I,
415 4376 476 4432 13¹2,
498 4374 545 4423 ubi
559 4373 614 4424 vid.
630 4390 700 4439 qaae

156 4441 314 4493 attulimus:
332 4443 374 4492 his
390 4444 458 4493 adde
473 4442 699 4493 Windischmanu

155 4513 201 4561 in:
221 4510 366 4567 Abbandll.
381 4514 407 4564 d.
423 4513 551 4567 Miinchn.
565 4513 652 4565 Akad.
672 4513 698 4566 d.

744 883 829 932 Wiss.
848 879 920 932 1856.
934 881 1011 942 VIlI,
1026 883 1037 932 1
1054 878 1208 947 (XXXIII).
1220 894 1285 943 pag.

746 951 796 1002 103
806 966 881 1015 seqq.
896 951 923 1000 in
934 952 1136 1002 Dissertatione
1147 949 1179 999 de
1190 951 1286 999 Persa·

744 1038 802 1072 ram
817 1021 930 1081 Mithra,
947 1021 993 1070 ubi
1009 1023 1092 1072 etiam
1106 1022 1138 1071 de
1152 1020 1203 1070 dea
1215 1020 1286 1069 hna-

743 1091 817 1154 hita,
838 1106 907 1155 qaae
927 1106 1009 1155 prope
1022 1091 1148 1141 Mithram
1167 1089 1287 1154 appella-

744 1168 804 1223 tur,
817 1160 977 1225 disputavit.
1010 1162 1051 1211 De
1063 1161 1149 1212 luam
1163 1161 1287 1210 Minerva

744 1233 876 1282 disseruit
908 1230 938 1282 C.
972 1231 1005 1284 Ο.
1033 1231 1148 1282 Mueller
1179 1230 1287 1293 (Kleine

745 1300 876 1351 Deutseh.
892 1299 1003 1354 Schrift.
1021 1300 1060 1351 ΙΙ.
1077 1317 1102 1366 p.
1116 1300 1193 1364 205),
1215 1315 1286 1348 eam·

745 1387 798 1436 que
810 1370 903 1420 retulit
914 1369 948 1419 ad
960 1371 1100 1436 antiquam
1112 1370 1187 1420 illam
1200 1369 1286 1427 deam,

745 1441 874 1492 Troianis
891 1440 1007 1500 cultam,
1022 1441 1067 1490 cui
1080 1440 1217 1491 Troianae
1231 1454 1287 1488 mu·

744 1512 826 1562 lieres
840 1510 948 1575 peplum
964 1510 1079 1560 offerunt
1093 1498 1165 1576 apud
1174 1511 1286 1559 Homer.

745 1581 789 1633 Ili.
803 1582 850 1643 Vl,
865 1580 917 1630 ⁶270
933 1595 1009 1645 seqq.

781 1648 850 1718 βοῦς
868 1647 970 1714 χιλίας]
990 1650 1151 1700 Eustathius
1166 1664 1198 1698 ee
1217 1647 1288 1726 loeo,

747 1737 825 1782 quem
839 1722 873 1769 ad
886 1735 946 1784 cap.
963 1721 997 1769 42
1009 1721 1166 1777 citavimus,
1183 1716 1288 1781 χιλιομ-

746 1788 802 1858 βην
814 1789 865 1840 hcc
878 1788 1041 1840 sacrificium
1057 1789 1128 1839 tuille
1143 1790 1222 1839 boum
1241 1801 1288 1850 ap·

746 1861 844 1926 pellat:
865 1875 917 1925 quo
931 1859 1066 1910 sacrificio
1079 1859 1173 1924 epulas
1186 1857 1289 1908 exerci-

746 1938 792 1981 tus
807 1930 887 1980 simul
899 1930 1032 1979 contineri
1047 1929 1106 1981 vult
1118 1928 1212 1980 Rhode
1225 1925 1288 1990 (Die

747 1999 841 2064 heilig.
854 1999 917 2064 Sag.
932 1999 959 2049 d.
973 2000 1047 2050 Pers.
1063 2014 1126 2064 pag.
1135 1996 1213 2061 507),
1228 2011 1289 2047 cum

747 2069 820 2135 apud
833 2071 931 2120 Persas
951 2086 1024 2120 more
1040 2074 1177 2133 receptum
1197 2066 1289 2117 tuerit.

747 2145 779 2191 ut
792 2139 901 2190 hostiae
914 2144 1051 2191 mactatae
1065 2154 1160 2190 carnes
1172 2136 1205 2187 ad
1219 2152 1288 2193 eum,

748 2211 794 2275 qui
809 2207 972 2259 sacrificium
985 2209 1145 2271 obtulisset,
1159 2206 1290 2258 redierint

748 2286 777 2331 et
791 2281 825 2330 ab
841 2295 872 2330 eo
885 2280 949 2329 sive·
959 2280 1016 2329 solo
1030 2280 1089 2330 sive
1101 2279 1155 2329 unt
1170 2292 1230 2326 cum
1242 2275 1289 2324 ho·

749 2351 866 2415 spitihus
876 2354 924 2399 aut
936 2349 1078 2400 sodalibus
1088 2362 1213 2399 comesse
1223 2346 1288 2397 sint.

748 2423 858 2485 Deque
874 2424 936 2469 utut
950 2420 1065 2483 statuis,
1087 2419 1147 2483 ipse
1162 2431 1289 2466 uumerus

747 2490 821 2541 mille
839 2490 920 2539 boum
936 2491 1070 2539 neminem
1086 2487 1219 2546 offendet,
1243 2486 1289 2549 qui

747 2556 1290 2627 reputaverit,termiliehostiasaGroe-

749 2649 779 2682 so
796 2625 908 2680 'oblatas
930 2629 1042 2694 (Herod.
1064 2630 1091 2691 I,
1111 2628 1145 2680 50
1165 2628 1212 2677 ubi
1233 2626 1289 2674 rid.

749 2699 848 2765 nott),
878 2700 934 2749 alia
964 2699 1120 2750 huiusmodi
1146 2696 1290 2756 sacrificia,

749 2786 820 2835 quae
834 2770 1057 2820 commemoravit
1068 2766 1202 2818 Lasaulx:
1224 2765 1290 2814 Stu-

749 2841 812 2890 dien
829 2841 854 2920 d.
865 2838 947 2891 class.
960 2838 1076 2914 Altertb.
1089 2853 1117 2902 p.
1129 2837 1182 2919 {tid
1193 2851 1250 2915 seq.

749 2901 1087 3042 nalithiiriaillil
1101 2915 1291 3025 iltuit}

749 3055 794 3099 cte
811 3049 920 3111 accepit
938 3063 987 3113 pro
1007 3037 1154 3108 ἕνήγισαν;
1180 3045 1213 3095 de
1238 3059 1290 3108 quo
1347 3103 1350 3110 1

749 3119 833 3169 verbo
846 3118 902 3168 vid.
918 3122 989 3167 nott.
1001 3116 1035 3165 ad
1049 3117 1071 3175 1,
1085 3115 1144 3167 lar.
1171 3117 1228 3165 Nec
1241 3111 1291 3162 ali-

749 3195 792 3239 ter
814 3187 981 3238 intellexisse
1000 3187 1079 3236 video
1098 3185 1234 3250 Heynium
1256 3182 1290 3231 ad

748 3257 933 3309 Lechevalier.
948 3257 965 3309 l.
978 3257 995 3307 1.
1010 3273 1036 3320 p.
1050 3255 1085 3306 58
1095 3261 1162 3305 nott.
1183 3253 1238 3304 Sub
1248 3253 1290 3303 he·
1384 3305 1388 3310 ,

748 3330 834 3380 raihna
849 3331 939 3378 autem
953 3327 979 3380 h,
993 3327 1010 3376 l.
1021 3326 1141 3376 Kleulrer
1159 3323 1177 3373 l.
1190 3323 1206 3372 l.
1226 3339 1288 3388 pag.

749 3403 783 3450 24
804 3398 922 3462 intelligi
946 3398 1006 3448 vult
1027 3396 1117 3448 ίιιναόα
1135 3395 1290 3455 Horaericos,

748 3486 819 3532 cum,
835 3468 1015 3533 Xenophonte
1028 3482 1134 3531 quoque
1147 3469 1226 3526 teste,
1239 3464 1290 3526 Cy·

749 3555 795 3591 rus
815 3545 897 3604 atque
909 3539 985 3602 Magi
1004 3537 1217 3599 uniuscuiusque
1237 3538 1290 3582 ter·

749 3626 806 3672 rae,
817 3625 897 3674 quam
909 3605 1196 3673 permea1·ent,'heroiis
1207 3604 1291 3653 advo-

750 3695 814 3732 care
832 3678 1026 3729 consueverint
1039 3677 1202 3739 indigenas,
1223 3688 1292 3737 quos

750 3752 803 3800 sibi
816 3750 951 3814 propitios
964 3747 1117 3798 redderent.
1141 3746 1236 3806 Neque
1249 3749 1292 3790 ta-

748 3820 787 3869 lia
804 3819 950 3869 abhorrere
964 3820 1044 3881 putat
1057 3831 1073 3864 a
1087 3814 1214 3864 Persicae
1229 3811 1292 3861 reli-

750 3890 839 3954 gionis
854 3887 959 3945 indole3
980 3887 1003 3936 si
1016 3884 1123 3949 quidem
1135 3884 1236 3932 Persae
1247 3881 1293 3931 he·

749 3962 812 4009 rods
831 3973 884 4008 noa
902 3962 1031 4020 tanquam
1050 3954 1114 4004 deos
1133 3954 1224 4017 ipsos,
1244 3951 1292 4001 sod

750 4033 781 4077 ut
795 4029 890 4092 genios
902 4026 988 4074 bonos
998 4026 1056 4075 sive
1066 4024 1163 4073 summi
1173 4022 1237 4070 boui
1248 4037 1293 4085 ge-

751 4099 789 4147 nii
801 4097 941 4146 ministros
955 4099 1038 4158 atque
1051 4093 1206 4153 adiutores,
1226 4106 1292 4155 qua·

749 4168 790 4217 les
800 4170 935 4216 vocantur
946 4164 1051 4222 Ferrrer,
1065 4162 1199 4213 coluerint
1211 4166 1293 4225 atque

750 4235 950 4286 invocaverint.
975 4233 1011 4282 ht
1021 4232 1099 4283 Gallo
1111 4233 1202 4292 docto,
1214 4231 1294 4281 Choi-

750 4304 966 4360 seul-Gousrier,
992 4305 1106 4368 Voyape
1122 4303 1293 4367 pittoresque

751 4382 804 4428 etc.
822 4377 859 4426 ll.
872 4391 935 4440 pag.
950 4373 1001 4424 385
1014 4374 1061 4424 vix
1075 4371 1204 4423 credibile
1218 4371 1294 4420 ride-

750 4452 809 4506 tur,
830 4448 927 4508 Maqos
942 4444 969 4493 in
988 4443 1126 4509 peregrini
1140 4442 1231 4492 herois
1247 4441 1293 4488 ho·

750 4532 842 4567 aorem
854 4514 1001 4565 libationes
1013 4515 1124 4573 lecisse3
1136 4512 1294 4578 itaqueHe·
