3100 5175
249 407 309 470 182

676 407 946 470 HERODOTI

246 583 472 672 μαρτύροντο,
494 582 538 672 μὴ
559 586 686 653 ποιέειν
703 583 811 672 μηδὲν
831 582 997 672 νεώτερον
1019 585 1096 673 περὶ
1114 582 1213 653 πόλιν
1229 577 1381 653 Ἐλλάδα.

198 684 343 765 §Itonion
356 687 419 777 μὲν
438 692 542 755 ταῦτα
564 687 708 775 ἐπαύθη.
748 684 859 777 Ἱππίῃ
880 688 918 757 dl
939 690 1102 758 ἐνθεῦτεν
1121 685 1383 779 ἀπελαυνομένῳ

246 793 363 861 444404
383 791 444 879 μὲν
467 786 630 878 Ἀμύντης
653 787 671 860 ὁ
695 789 869 860 Μακεδών
886 789 1134 879 Ἀνθεμοῦντα,
1161 794 1320 860 ἐδίδοσαν
1346 790 1383 858 dl

247 895 411 964 Θεσσαλοὶ
430 891 574 965 Ἰωλκόν.
598 890 617 963 ὁ
638 895 675 963 dl
696 893 826 965 τούτων
839 895 902 983 μὲν
915 892 1075 985 οὐδέτερα
1091 897 1237 984 αἱρέετο,
1258 892 1384 980 ἀνεχώ-

247 1066 337 1121 Gaief.
355 1071 383 1116 44
398 1070 512 1116 4444444.
529 1063 589 1115 444.
598 1081 692 1131 ,quos
711 1082 790 1117 secu-

247 1144 374 1188 tuesnm.
405 1135 513 1186 48414444.
532 1135 673 1185 441144414.
693 1138 791 1186 dietin-

246 1208 364 1259 ctionem
377 1209 527 1271 posueruut
539 1209 605 1255 ente
614 1197 789 1268 Ileodipmu

247 1276 326 1327 male
352 1277 384 1326 Iu
420 1274 537 1340 lorisque
558 1274 634 1325 libris
650 1274 715 1326 olim
732 1277 787 1324 ita:

246 1344 380 1401 εἴπαντος
398 1291 602 1405 Ξλεοθεροίοαι,
626 1343 682 1402 πᾶς
700 1360 743 1402 τις
761 1359 787 1393 u.

245 1432 269 1467 τ
282 1414 352 1469 1.-
364 1407 533 1464 4444444444
529 1428 595 1495 pro
607 1404 726 1463 αύτέων.
745 1412 788 1464 Ad

247 1485 394 1536 dictionem
408 1477 509 1562 φωνὴν
519 1472 611 1562 ῥήξας
623 1483 658 1532 ci.
674 1483 717 1548 11,
730 1484 746 1532 2
761 1489 790 1533 44

246 1556 282 1606 ad
300 1555 385 1606 verba
403 1544 441 1617 μὴ
458 1546 567 1601 ποιέειν
585 1547 675 1617 μηδὲν
693 1520 789 1601 remre-

246 1640 300 1687 ρον
320 1623 444 1690 (nequid
459 1625 527 1684 novi,
546 1623 565 1672 i.
585 1639 608 1672 e.
626 1623 707 1689 mali,
728 1637 790 1686 age-

246 1703 333 1747 rents
344 1697 492 1744 molirentur
499 1707 570 1742 orrea
579 1695 701 1743 unitatem
708 1693 789 1743 Grae

246 1764 318 1848 conr)
331 1765 389 1828 III,
402 1764 445 1814 62.
457 1763 497 1826 2,
511 1761 553 1813 35.
568 1762 626 1813 106.
638 1763 691 1827 21,
705 1766 731 1814 2.
745 1762 789 1813 74.

246 1837 300 1887 Pro
312 1802 450 1893 Ελλάδα,
472 1831 543 1897 quod
565 1831 690 1884 44414ο444
708 1831 788 1882 codd.

247 1910 367 1971 tuentur,
381 1870 492 1954 44411414
502 1903 618 1952 fluxerat
627 1895 787 1965 Ελληνίδα,

247 1975 395 2040 quodcum
414 1977 529 2023 recentt
547 1971 606 2021 edd.
628 1971 788 2021 abiecimus.

247 2045 289 2097 Cf
306 2044 353 2106 IV,
369 2043 495 2107 1081b1q
510 2046 579 2091 4ο44.
593 2043 656 2104 211,
670 2042 712 2093 25.
728 2042 787 2092 115.

247 2114 280 2163 14
291 2113 342 2163 fine
353 2128 414 2177 cap.
421 2127 470 2176 pro
479 2111 551 2176 vulg.
563 2079 706 2176 ἐπαύύθη,
717 2126 789 2175 quae

247 2184 358 2233 forma'
353 2198 382 2231 m
398 2181 536 2231 Herodoto
552 2180 617 2230 14444
631 2182 736 2245 nequit,
754 2197 788 2232 ex

248 2269 301 2303 uuo
316 2252 442 2302 Parisino
460 2265 521 2300 cum
534 2250 659 2300 Behkero
678 2251 789 2315 repoeui

247 2313 373 2385 ἐπαύθη,
387 2320 496 2370 iubente
509 2335 616 2385 quoque
629 2320 745 2370 Β44444
759 2336 786 2384 p

246 2392 311 2442 3444
335 2406 414 2474 quem
429 2389 543 2440 eundem
562 2405 588 2453 p.
608 2385 659 2439 363
676 2394 787 2439 4444444

247 2463 346 2526 scripsi
359 2451 587 2580 ἐπεμαρτύραντο
604 2474 653 2523 pro
668 2459 741 2525 vulg.
762 2450 788 2507 4-

247 2523 412 2597 πεμαρτνρέ
419 2542 496 2579 οντο.
531 2527 614 2580 (34.2
618 2512 681 2594 ,.81

424 2735 490 2792 Gan.
510 2737 608 2789 XCIV.
690 2796 694 2805 ,

276 2867 375 2940 Ἱππίῃ
393 2867 425 2925 dl
442 2867 578 2925 ἐνθεῦτεν
598 2867 788 2938 ἀπελαυνομέ-

246 2944 299 3013 νῳ]
319 2945 337 2994 i.
355 2960 379 2995 e.
398 2946 498 3011 Hippio
512 2946 569 2996 linc
586 2944 788 3011 (Lacedaemo-

247 3014 296 3080 ne)
311 3016 465 3066 discedente.
497 3017 539 3065 Tu
553 3015 625 3065 conf.
640 3014 785 3077 211,216.

246 3085 300 3135 Sed
311 3085 456 3135 ridendum
470 3092 561 3137 monet
574 3083 738 3149 Schweigh,
752 3100 787 3133 ne

246 3153 357 3218 gravius
368 3154 433 3219 quid
445 3155 626 3220 significetur:
643 3155 787 3217 1444ρί444-

246 3224 279 3273 de
290 3225 400 3286 repulso,
414 3239 474 3273 cum
489 3240 556 3274 sane
567 3222 613 3273 ille
626 3223 734 3273 tulisset
747 3239 789 3301 re:

246 3293 360 3358 pulsam.
392 3291 592 3355 01.211,161.
624 3292 657 3343 In
673 3306 749 3357 seqq
770 3285 785 3340 ὁ

245 3352 390 3411 Μακεδών
403 3361 620 3412 eatMocedonum
631 3378 691 3424 rex,
702 3367 733 3410 ut
742 3376 788 3411 ea·

244 3435 280 3480 he
291 3432 336 3480 rix
350 3445 418 3509 opus
430 3431 474 3487 444,
489 3431 560 3508 qnod
572 3430 621 3480 alii
632 3399 784 3489 afferunt‚‘
770 3446 785 3479 ο

245 3492 427 3548 Μακεδόνων
443 3492 581 3563 βασιλεύς
611 3500 654 3549 Τ4
672 3500 744 3550 cous.
760 3500 785 3563 I,

245 3572 271 3620 2.
283 3570 315 3634 2,
327 3569 369 3618 26.
381 3569 458 3630 VIII,
472 3570 529 3620 142.
539 3570 588 3631 IX,
598 3570 642 3632 44,
654 3569 787 3634 neplum.

244 3638 363 3689 Verbum
377 3606 475 3687 Iotoo’v
487 3638 579 3689 malim
593 3608 719 3689 reddere.
745 3640 787 3702 os-

242 3707 352 3772 44441444,
365 3713 396 3759 44
409 3698 552 3772 ἐδίδοσαν,
560 3709 715 3774 offerebatur
728 3708 784 3758 444.

245 3778 325 3828 modo
339 3782 407 3827 nott.
423 3776 458 3828 44
471 3779 503 3842 V,
516 3778 555 3829 18.
582 3781 721 3844 Anagnino,
737 3780 785 3843 qui

244 3848 425 3899 Macedoniae
441 3863 552 3913 reguum
566 3849 655 3899 tenuit
671 3847 735 3898 inde
749 3849 784 3898 ab

245 3934 317 3969 anno
336 3919 468 3969 54114444
488 3918 551 3970 chr.
569 3934 596 3968 44.
623 3916 688 3984 (quo
711 3919 785 3981 patri

244 3987 389 4052 succeseit)
413 4003 499 4053 usque
517 3989 552 4038 ad
569 4003 670 4038 annum
686 3988 738 4039 498
756 4003 783 4037 s.

244 4058 305 4109 Chr.
318 4075 355 4121 n.,
363 4074 417 4124 quo
428 4063 549 4109 mortuus
560 4056 785 4119 est,Authemun·

244 4136 299 4179 tem
315 4130 418 4193 primus
432 4129 540 4179 ridetur
550 4144 634 4193 reguo
648 4143 697 4178 ouo
711 4128 783 4178 adie-

244 4199 315 4249 cisse
340 4213 453 4264 eamque
471 4197 543 4248 haud
566 4199 612 4248 diu
635 4202 783 4263 antequam

242 4268 360 4332 Hippiae
374 4268 483 4318 offerret
498 4266 537 4332 (id
551 4268 623 4332 quod
637 4283 691 4317 non
702 4267 782 4332 louge

242 4341 305 4402 post
317 4352 416 4386 annum
428 4338 487 4399 516,
501 4351 556 4420 ‘quo
567 4337 684 4401 Hippias
698 4337 781 4388 Athe·

840 1064 1315 1132 44444444441441411444444444
1331 1080 1382 1115 vor

841 1134 1063 1219 KdnigPhilipp.
1078 1150 1140 1200 pag
1156 1136 1216 1186 147.

870 1198 1073 1270 Ἀνθεμοῦντα]
1100 1204 1222 1254 Locum*
1215 1218 1243 1252 444
1257 1202 1385 1253 1144444-

840 1276 887 1325 444
900 1276 982 1326 situm
995 1289 1078 1341 prope
1092 1274 1222 1324 ditionem
1236 1271 1382 1323 Thessalo-

840 1346 976 1396 nicensem
991 1360 1041 1395 neo
1055 1344 1149 1409 procul
1158 1344 1194 1393 ab
1207 1342 1273 1392 urbe
1287 1357 1328 1403 ea,
1340 1342 1385 1392 cui

840 1430 912 1465 nuuc
927 1430 1025 1464 nomen
1037 1413 1174 1476 Salonichr',
1188 1417 1385 1463 commemorat

841 1483 993 1550 Thucydid.
1007 1484 1044 1547 11,
1055 1482 1098 1543 99,
1111 1498 1189 1547 quern
1201 1497 1261 1532 curu
1272 1481 1385 1532 4144444-

840 1555 976 1604 stimoniis
986 1554 1118 1604 excitavit
1127 1552 1273 1616 Forbiger:
1287 1552 1384 1602 Hand-

839 1623 951 1673 buchd.
972 1622 1021 1671 414.
1037 1622 1135 1688 (leogr.
1154 1623 1207 1672 111.
1226 1636 1288 1686 peg
1305 1620 1382 1672 1066.

840 1694 975 1743 decorate
994 1691 1027 1742 de
1051 1691 1103 1743 hac
1120 1693 1186 1742 urbe
1211 1697 1239 1740 et
1262 1690 1383 1754 regione,

840 1778 920 1828 quam
942 1767 1018 1814 recte
1042 1777 1074 1812 4ο
1096 1777 1160 1813 4444
1181 1761 1308 1812 1144444444
1329 1759 1384 1810 dici

839 1848 919 1897 posse
938 1833 998 1897 ipso
1009 1833 1117 1881 nomine
1129 1822 1309 1893 (Λνθεμούς)
1326 1845 1383 1879 mo·

838 1898 1383 1967 444444,444444444Τ444141142144444-

838 1971 930 2022 Ionica
943 1977 996 2022 etc.
1009 1987 1034 2035 p.
1045 1972 1095 2021 255
1108 1986 1195 2036 seqq„
1208 1969 1328 2020 vicinam
1341 1969 1383 2018 iu·

838 2043 893 2093 isse
906 2046 1032 2091 statuens
1048 2039 1262 2091 Thessalonicae
1275 2053 1290 2088 o
1302 2040 1383 2087 meri-

839 2110 884 2162 die
909 2118 936 2162 et
949 2111 1147 2161 conterminam
1166 2113 1292 2159 Aenaeae
1310 2108 1383 2171 urbi,

840 2181 918 2231 cuiue
931 2195 1028 2245 agrum
1043 2180 1077 2228 ob
1089 2179 1261 2230 fertilitatem
1274 2178 1381 2228 aLivio

838 2251 942 2314 XLIV,
959 2251 990 2301 16
1008 2265 1093 2315 aeque
1112 2255 1194 2314 atque
1210 2264 1228 2299 a
1246 2249 1382 2298 recentio·
1441 2243 1445 2249 ”

838 2320 913 2371 446444
947 2320 1197 2384 peregrinatoribns
1226 2316 1379 2382 (ΡοοοοΙτε,

838 2388 933 2454 11444)
952 2389 1161 2450 144444444444;
1180 2388 1297 2452 indeque
1319 2402 1380 2437 eum

837 2475 892 2510 non
906 2458 986 2509 valde
1003 2462 1153 2510 erratorum
1166 2462 1261 2524 putat,
1276 2458 1321 2522 qui
1336 2472 1382 2506 ur-

838 2529 898 2579 bem
912 2534 1031 2580 veterem
1045 2529 1073 2578 in
1081 2528 1174 2595 aliqua
1186 2527 1291 2577 novitia
1303 2542 1381 2592 repe·

838 2601 916 2663 44444,
930 2615 953 2650 e.
969 2617 995 2665 g.
1007 2599 1127 2650 Basilica
1139 2598 1181 2649 vel
1195 2597 1304 2649 Galata.
1326 2598 1380 2648 Re·

839 2671 901 2720 iicit
917 2670 980 2720 iude
993 2670 1147 2734 opinionem
1160 2668 1213 2718 4444
1226 2667 1300 2717 docti
1309 2666 1381 2718 (lou-

837 2739 931 2803 444444
946 2740 1068 2804 (Voyage
1077 2755 1110 2790 44
1119 2736 1259 2788 14144441.
1271 2753 1296 2801 p.
1307 2736 1381 2802 141),

839 2811 888 2874 qui
903 2811 981 2859 iuxta
998 2809 1101 2860 Bolben
1116 2809 1195 2873 ponit
1212 2806 1381 2856 Anthemun-

838 2885 893 2931 tem
913 2894 968 2929 non
988 2878 1068 2943 louge
1086 2880 1182 2943 utique
1203 2892 1220 2926 a
1239 2875 1380 2927 Salonichi

838 2965 861 3002 s.
875 2947 1074 2999 Thessalonica
1092 2947 1127 2998 ad
1142 2948 1231 3009 viem,
1252 2960 1324 3011 quae
1342 2945 1378 2995 44

838 3018 931 3069 urbem
952 3018 1045 3070 Serree
1063 3017 1126 3067 iude
1144 3016 1235 3078 ducit,
1254 3016 1379 3081 idemque

837 3089 975 3153 reprobat,
989 3087 1062 3153 quod
1075 3086 1167 3138 Lealre
1178 3084 1285 3150 (North.
1298 3085 1380 3136 Gree-

838 3173 869 3208 ce
881 3159 932 3208 III.
948 3174 973 3222 p.
990 3156 1054 3222 456)
1067 3173 1150 3222 prope
1163 3156 1376 3220 1444414444,-

837 3226 1027 3347 {:{,(flssb2¹,},⁰
1043 3224 1378 3359 svillssmnffsteeairuis'tffl

837 3365 930 3416 Iolemrr
951 3367 980 3414 44
997 3365 1141 3417 ’1144444144
1159 3364 1195 3414 44
1215 3365 1304 3416 sinum
1324 3365 1377 3414 Pa-

836 3450 981 3500 gasaeum,
1006 3435 1054 3485 ubi
1069 3437 1246 3500 Argonautae
1268 3434 1304 3483 ad
1324 3435 1377 3484 iter

837 3505 991 3555 iaciendum
999 3519 1159 3564 convenere,
1171 3519 1248 3555 nemo
1261 3503 1317 3554 4444
1329 3518 1375 3553 ne·

835 3575 898 3624 ecit.
925 3575 1052 3625 Veterum
1074 3574 1232 3625 testimonia
1251 3573 1378 3639 suppedi-

837 3645 907 3694 tabit
919 3643 990 3693 idem
1003 3644 1143 3709 Forbiger.
1163 3643 1215 3694 1.1.
1237 3659 1298 3708 pag.
1313 3643 1375 3693 887.

836 3715 860 3763 N
864 3730 915 3764 unc
928 3713 989 3765 loco
1007 3729 1105 3764 nomen
1119 3729 1179 3764 esse
1198 3712 1312 3763 tradunt
1322 3712 1376 3761 Bo·

835 3786 901 3833 44244
911 3783 946 3833 ad
963 3783 1093 3834 orientem
1109 3783 1203 3848 oppidi
1216 3785 1290 3845 Volo,
1302 3780 1376 3847 quod

836 3855 924 3918 ipsum
945 3853 973 3902 iu
992 3852 1052 3903 loco
1067 3853 1168 3904 veteris
1188 3851 1257 3903 Iolci
1272 3856 1383 3919 exaltu,

835 3928 909 3972 olum
921 3922 970 3972 alii
983 3923 1161 3973 contendunt.
1183 3921 1375 3973 0414444444.

835 3992 932 4073 Geogr.
946 3992 1039 4069 VILp
1022 4008 1086 4075 pag.
1097 3992 1157 4043 591.

867 4053 1008 4126 α’νεχύρεε
1023 4055 1055 4111 414
1070 4056 1173 4127 ὀπίσω]
1202 4060 1245 4110 Ad
1261 4058 1377 4110 locutio·

835 4146 896 4181 nem
908 4131 944 4182 44
957 4136 1027 4182 nott.
1044 4131 1198 4193 4411116.
1212 4129 1300 4192 2,27.
1322 4129 1377 4180 Re·

833 4200 885 4251 41444
910 4216 975 4252 4444
998 4202 1097 4266 Sparta
1120 4201 1230 4265 Sigeum
1255 4200 1374 4263 Hippias

832 4268 940 4334 Olymp.
953 4269 1049 4326 LXXI,
1065 4271 1089 4332 1,
1104 4268 1174 4320 idem
1188 4267 1301 4320 Athenis
1316 4268 1376 4332 pul-

832 4340 935 4404 444014
938 4356 982 4405 mp
985 4341 1114 4400 .va11,
1126 4338 1152 4397 3,
1162 4337 1374 4389 utnotatPlehu

242 4421 286 4455 ms
299 4405 402 4456 erectus
415 4410 470 4469 444
484 4421 558 4456 circa
568 4406 619 4455 505
635 4422 660 4455 4.
677 4405 738 4456 Chr.
752 4423 779 4456 n.
830 4424 859 4458 m
873 4409 971 4460 Leebb
986 4426 1012 4474 p
1025 4409 1123 4461 53.-
1141 4410 1172 4458 14
1191 4423 1313 4490 proxime
1325 4423 1374 4457 44

242 4475 379 4528 accidisse
397 4481 609 4527 consentaneum
626 4474 679 4542 est)
698 4491 780 4543 expu-
830 4478 937 4531 teoedd.
960 4495 1008 4546 pro
1025 4478 1147 4528 τουτέων
1168 4478 1231 4529 dedi
1252 4472 1370 4530 τουτων
1379 4468 1385 4479 “
