3100 5175
264 365 325 427 806
495 332 500 339 ’
662 366 935 472 ιιιιοοιιοοο
964 366 998 425 11

552 784 1018 866 EXOU'RSUS
1079 792 1118 864 ΙΙ

585 961 649 1025 uo
667 960 952 1026 unnouonuu
971 959 1010 1042 ι,
1027 965 1078 1024 ιι.

420 1138 495 1215 (Ex
521 1141 700 1199 ureuzeri
729 1138 916 1194 Commentau.
943 1139 1089 1199 Herodott.
1115 1156 1145 1210 ρ.
1178 1133 1252 1211 22.)

735 1324 928 1331 ...ss—...—

315 1438 356 1505 Tu'
369 1466 400 1505 τε
417 1439 452 1519 δὴ
472 1433 546 1502 itta
560 1462 588 1501 οι
581 1435 768 1502 Σικυώνιοι
786 1430 937 1543 ἐτίμων
908 1461 959 1500 τον
972 1431 1137 1536 Ἀδρηστον
1154 1462 1205 1499 και
1195 1432 1261 1517 ’δὴ
1278 1430 1359 1512 πρὸς
1373 1462 1409 1500 τα

395 1522 497 1590 παθεοι
515 1523 607 1588 αὐτοῦ
623 1530 789 1627 τραγικοῖσι
805 1524 915 1602 χὀροῖσι
930 1517 1137 1604 ἐγέραιρον,
1106 1547 1160 1586 τον
1174 1523 1229 1603 μὲν
1251 1524 1408 1585 Διόνυσον

395 1638 431 1677 ον
422 1606 650 1709 ’τιμίωντες,
622 1636 673 1675 τον
689 1610 721 1673 δὲ
733 1606 904 1710 Ἀδρηστογ.
930 1609 1112 1688 Κλεισθένης
1129 1608 1161 1671 δὲ
1176 1632 1285 1690 χορους
1297 1608 1397 1694 μὲν
1367 1612 1409 1671 roi

399 1694 544 1803 Διονύσῳ
563 1690 711 1773 ἀπέδωκε,
735 1688 791 1773 τὴν
818 1694 849 1757 δὲ
871 1689 965 1771 ὅλλην
990 1698 1104 1773 θυσίην
1132 1698 1173 1757 toi
1199 1674 1408 1781 Μελανίππῳ

398 1787 498 1846 Ταύτα
513 1761 567 1862 μὲν
585 1782 614 1856 ἐς
624 1776 786 1860 Ἀδρηστόν
800 1782 832 1841 ol
843 1782 993 1859 πεποίητο.

354 1961 449 2028 „Haec
466 1959 563 2028 partim
579 1959 672 2023 vertit,
688 1957 786 2027 partim
801 1949 959 2025 περιφρᾰζει
981 1955 1021 2007 ita
1036 1955 1179 2008 Bentleius
1196 1961 1269 2028 [mox
1291 1956 1409 2010 laudan-

269 2044 349 2112 dus]:
364 2086 381 2113 ‚‚
391 2044 534 2111 „Sicyonii
547 2043 672 2096 ominibus
683 2043 769 2096 modis
786 2042 936 2095 memoriam
949 2040 1095 2093 coluerunt
1107 2041 1218 2093 Adrasti
1231 2050 1259 2094 et
1273 2042 1410 2113 imprimis

269 2149 314 2183 res
331 2130 404 2180 vitae
420 2129 479 2180 eius
496 2129 608 2196 tragicis
625 2129 715 2180 choris
732 2127 921 2193 celebrarunt3
944 2144 1004 2179 cum
1021 2126 1158 2178 materiam
1181 2127 1235 2178 illis
1252 2129 1410 2181 subiectam

269 2234 323 2269 non
341 2216 488 2279 Bacchum,
503 2218 548 2266 ced
558 2217 704 2267 Adrastum
720 2214 852 2265 facerent.
880 2212 934 2264 Sed
948 2210 1105 2263 Clisthenes
1122 2213 1233 2265 chorum
1250 2214 1411 2281 assignavit

271 2300 375 2352 Baccho
397 2306 424 2351 et
449 2297 583 2367 reliquum
604 2298 764 2350 festivitatis
782 2297 997 2367 Melanippo.““
1014 2327 1057 2338 —
1073 2296 1146 2361 „Est
1168 2296 1245 2349 locus
1269 2299 1409 2350 classicus

270 2386 303 2437 de
319 2385 424 2451 origine
441 2383 609 2451 tragoediae.
653 2383 694 2435 De
709 2398 764 2453 quo
779 2383 818 2433 ite
832 2381 975 2434 Bentleius
990 2380 1017 2433 in
1034 2381 1202 2434 nobilissima
1216 2383 1410 2451 disputatione

270 2470 405 2523 adversus
428 2468 559 2535 Boyleum
581 2484 644 2536 pag.
660 2471 711 2521 293
727 2467 864 2537 (Opuscc.
887 2466 990 2537 pbiloll.
1008 2485 1034 2535 p.
1052 2469 1178 2536 310seq.
1202 2468 1245 2520 ed.
1271 2465 1409 2536 Lips.*):

270 2596 288 2624 ‚‚
298 2553 425 2622 „Revera
441 2552 507 2605 nibil
523 2553 595 2606 aliud
613 2570 645 2606 ex
661 2552 704 2606 his
720 2551 787 2604 locis
807 2552 867 2605 elici
882 2559 993 2622 potest,
1011 2551 1063 2604 nisi
1080 2552 1153 2622 quod
1171 2561 1235 2606 ante
1254 2552 1409 2624 Thespidis

270 2649 377 2709 tempus
394 2638 479 2708 prima
493 2639 670 2692 fundamenta
684 2646 712 2691 et
726 2637 806 2707 quasi
821 2638 925 2690 semina
939 2637 1097 2704 tragoediae
1114 2638 1184 2689 iacta
1200 2639 1271 2704 sint3
1290 2641 1422 2698 suerunt,

270 2725 347 2778 chori
361 2733 389 2776 et
404 2742 437 2790 ex
453 2742 485 2776 eo
500 2731 620 2793 tempore
637 2730 734 2776 cantus
752 2715 1012 2792 αὖτοσχεδιαστικᾶ,
1030 2723 1080 2774 sed
1106 2723 1171 2774 nibil
1197 2723 1331 2792 scriptum
1359 2742 1410 2777 nec

271 2811 387 2877 editum,
413 2817 444 2861 ut
465 2811 560 2879 poema
585 2809 815 2862 dramaticum.““
859 2808 923 2870 Qua
942 2808 975 2860 de
998 2825 1027 2859 re
1048 2807 1115 2859 nibil
1135 2808 1204 2861 certi
1224 2810 1410 2879 pronuntiare

271 2896 355 2948 audet
376 2894 545 2963 Wesseling.
567 2894 601 2946 ad
622 2896 648 2946 b.
670 2894 688 2946 1.
711 2894 867 2947 Larcherus
891 2911 954 2963 pag.
969 2895 1021 2947 303
1040 2910 1099 2961 seq.
1117 2892 1157 2944 ad,
1173 2901 1296 2945 nostrum
1318 2895 1408 2947 locum

270 2980 350 3049 plane
367 2998 398 3032 se
413 2980 447 3031 ad
460 2980 577 3032 Bentleii
592 2979 782 3032 auctoritatem
797 2978 929 3048 applicat:
946 2981 968 3030 Α
983 2977 1087 3044 t'egard
1100 2977 1137 3030 du
1152 2995 1270 3046 passage
1287 2979 1408 3032 d'Hero-

271 3066 351 3132 dote,
380 3081 479 3117 comme
506 3072 550 3116 cet
574 3065 706 3116 historien
735 3065 821 3116 viroit
846 3064 914 3114 dans
937 3080 973 3114 un
991 3069 1078 3132 temps
1094 3079 1129 3114 ou
1149 3062 1314 3130 latragedie
1331 3066 1410 3118 avoit

271 3151 370 3202 atteint
382 3168 432 3202 son
446 3149 524 3218 point
535 3149 567 3202 de
583 3150 745 3219 perlection‚
757 3149 777 3200 il
792 3149 882 3200 donne
898 3165 948 3217 par
960 3164 1014 3200 une
1030 3148 1157 3218 prolepse
1171 3165 1224 3201 anx
1240 3148 1361 3202 cboeurs
1373 3168 1407 3202 en

271 3235 416 3287 l'honneur
428 3234 574 3286 d'Adraete
595 3233 620 3286 le
637 3252 697 3286 nom
713 3233 747 3285 de
761 3234 878 3286 choeurs
890 3233 1043 3302 tragiques‚
1060 3232 1208 3302 quoiqu'ils
1221 3252 1255 3286 ne
1268 3233 1409 3288 l’eussent

271 3319 349 3389 point
364 3318 468 3371 alors.⁴‘
501 3319 583 3388 [Add.
602 3321 638 3370 G.
654 3318 819 3371 Schneider:
852 3318 893 3371 De
915 3318 1004 3387 origg.
1027 3319 1152 3386 tragoed.
1174 3321 1265 3387 cap.3
1286 3337 1353 3389 pag.
1375 3323 1407 3374 16

271 3423 330 3473 seq.
346 3404 406 3470 Bu]
450 3403 482 3454 In
499 3402 551 3455 alia
567 3404 696 3457 abierunt
716 3420 804 3473 nuper
817 3403 959 3455 Heinrich.
975 3403 1003 3455 in
1020 3403 1181 3472 Epimenide
1198 3405 1323 3474 Append.
1340 3423 1405 3475 pag.

273 3492 321 3542 158
347 3495 375 3541 et
399 3489 542 3556 Boettiger
568 3489 595 3540 in
622 3489 742 3558 prolum,
774 3506 845 3558 quae
869 3488 1044 3540 inscribitur:
1076 3487 1216 3551 Quattuor
1235 3497 1341 3542 aetates
1365 3491 1407 3543 rei

270 3575 395 3628 scenicae
412 3592 438 3643 p.
454 3576 480 3626 d.
501 3575 612 3636 Quibus
628 3573 697 3624 adde
710 3573 861 3625 Hermanni
874 3572 1063 3643 disputataad
1078 3572 1218 3628 Aristotel.
1233 3575 1335 3642 poetic.
1354 3576 1405 3638 111,

270 3664 286 3712 5
307 3677 370 3727 pag.
393 3662 457 3725 104,
478 3659 525 3728 qui
548 3660 700 3728 Epigeuem
721 3658 879 3726 Sicyonium
897 3658 1029 3725 tragicum
1052 3674 1068 3708 a
1090 3657 1210 3710 Bentleii
1233 3658 1405 3713 dubitatione

271 3743 423 3796 vindicavit
447 3745 506 3813 (ef.
533 3743 621 3796 Bentl.
647 3744 767 3813 (lpuscc.
794 3762 821 3812 p.
838 3746 889 3796 279
910 3762 968 3812 seq.
984 3743 1027 3794 ed.
1049 3743 1142 3812 Lips.)
1178 3743 1240 3810 Ego
1263 3762 1296 3796 ex
1319 3746 1405 3797 Suida

270 3828 346 3898 (Vol.
363 3828 400 3879 11.
417 3846 444 3895 p.
461 3832 509 3883 731
528 3828 657 3892 Kaster.)
674 3835 702 3879 et
716 3828 813 3880 Photio
830 3828 945 3897 (Lexico
961 3829 1011 3880 Gr.
1029 3845 1093 3896 pag.
1110 3829 1163 3881 260
1184 3825 1258 3901 seq.)
1282 3830 1316 3881 ab
1332 3830 1403 3883 Her·

270 3930 367 3966 manno
383 3912 509 3978 laudatis,
533 3913 637 3981 aliquot
653 3915 736 3964 verba
750 3930 893 3983 apponam,
909 3929 980 3983 quae
1000 3929 1059 3964 cum
1075 3912 1217 3965 Herodoto
1237 3916 1403 3968 conferenda

271 4017 333 4051 esse
357 3998 501 4050 videntur:
534 3991 626 4051 Οὐδὲν
652 3994 722 4066 πρὸς
742 3992 791 4052 τὸν
806 3994 955 4052 Διόνυσον.
988 3989 1151 4066 Ἐπιγένους
1171 4000 1221 4066 qoai
1243 4002 1402 4055 Σικυωνίου

269 4084 424 4154 τραγῳδίαν
445 4080 483 4145 είς
504 4077 554 4137 τὸν
569 4078 710 4137 Διόνυσον
723 4078 901 4154 ποιήσαντες,
927 4078 1111 4152 ίιιεφοίνησιίν
1126 4101 1198 4145 τινες
1212 4086 1309 4138 τοῦτο’
1331 4079 1402 4140 ὅθεν

270 4162 287 4237 ἡ
304 4171 446 4236 παροιμία.
491 4167 601 4223 Βέλτιον
616 4166 646 4222 dl
663 4161 751 4223 οὔποτ’
775 4163 807 4223 τὸ
825 4164 949 4238 πρόσθεν
966 4165 1004 4229 είς
1018 4163 1067 4222 τὸν
1082 4163 1223 4223 Διόνυσον
1238 4166 1399 4240 γράφοντες,

338 4385 454 4452 *)[Vid.
470 4387 585 4454 Bentley
588 4388 760 4440 ’.sAbhandl
776 4389 843 4439 iiber
863 4388 1055 4439 Phalariseto.
1072 4405 1126 4441 ron
1142 4391 1185 4443 W
1202 4389 1326 4440 Ribbeck
1339 4406 1399 4456 pag

269 4455 315 4506 311
332 4472 407 4522 seqq.
423 4456 473 4508 318
486 4457 574 4523 seqq]
