3100 5175
1114 461 1236 523 ER
1257 462 1308 520 A
1324 460 1379 520 Τ
1397 460 1472 527 Ο.
1519 457 1632 520 VI.
1685 468 1803 522 140.

2429 498 2432 501 »
2464 456 2588 522 429

208 659 314 710 501
337 635 649 724 σκόμενοι
684 635 859 706 εἶναι
891 634 1015 726 τὴν
1046 633 1475 726 Χερσόνησον
1509 633 1854 723 Ἀττικὴν,
1887 636 2427 724 ἐπολιορκέοντο,
2459 636 2525 714 ἐς
2554 631 2591 703 ὃ

318 740 431 808 καὶ
474 736 663 809 αὐτοὶ
710 743 1150 830 παρέστησαν.
1212 737 1388 809 οὕτω
1434 738 1515 829 δὴ
1555 739 1679 829 τὴν
1705 746 1984 829 Λῆμνον
2023 746 2215 828 ἔσχον
2243 735 2599 828 Ἀθηναῖοί

316 870 389 911 τε
421 846 531 912 καὶ
564 845 964 932 Μιλτιάδης.

388 1036 445 1102 ἐς
481 1033 513 1095 ὃ
546 1041 640 1094 καὶ
668 1037 834 1095 αὐτοὶ
870 1039 1249 1108 παρέστησαν]
1293 1045 1325 1094 i.
1351 1060 1400 1098 e.

318 1116 477 1164 donee
501 1114 554 1163 Ιιί
576 1132 766 1181 quoque
791 1117 842 1165 in
865 1116 1093 1164 dicionem
1113 1119 1398 1167 venerunt.

318 1185 446 1234 vid.
486 1190 626 1237 nott.
659 1186 729 1235 ad
765 1185 886 1242 111,
921 1184 982 1236 13
1023 1183 1145 1233 coll.
1175 1184 1280 1247 VI,
1312 1184 1398 1236 99.

318 1254 445 1303 Alia
488 1254 554 1304 de
592 1254 992 1319 significatione
1032 1254 1184 1303 verbi
1220 1268 1403 1314 παρα-

319 1320 519 1388 στῆναι
565 1325 727 1394 affqfi
770 1323 1031 1375 Valcken.
1051 1361 1064 1384 ‚
1120 1325 1213 1388 qui
1259 1324 1401 1374 idem

316 1394 385 1442 ad
416 1393 523 1443 loci
564 1394 938 1458 argumentum
970 1394 1109 1443 citat
1142 1393 1403 1443 Characis

316 1464 677 1526 fragmentum
705 1463 850 1528 apud
880 1462 1140 1528 Stephan.
1168 1464 1245 1526 By
1254 1468 1402 1513 zant.

317 1533 912 1596 eoll.Zenob.111,85.
945 1547 1072 1597 pag.
1108 1533 1192 1582 73.
1258 1533 1398 1586 Add.

314 1601 570 1652 Rhodel.
597 1603 632 1653 l.
663 1618 789 1681 pag.
821 1605 889 1652 45
915 1618 1066 1668 seqq.

372 1687 520 1721 ουτω
542 1666 613 1738 δὴ
635 1665 990 1737 τήνΛῆμνον
1013 1667 1179 1734 ἔσχον
1199 1685 1253 1720 κ.
1266 1686 1313 1721 τ.
1332 1667 1401 1734 L]

1503 1042 1675 1094 Paulo
1706 1042 1866 1093 aliter
1889 1042 2024 1094 haec
2051 1058 2084 1092 a
2105 1042 2359 1093 Cornelio
2381 1045 2590 1108 Nepote

1506 1118 1832 1165 enarrantur
1864 1113 1978 1163 vit.
2020 1112 2256 1164 Miltiad.
2303 1113 2348 1162 1.
2382 1114 2445 1175 2,
2494 1113 2592 1163 ubi

1504 1183 1711 1233 consul.
1735 1184 2077 1247 interpretes.
2147 1182 2439 1232 Tractavit
2463 1198 2591 1247 quo·

1504 1269 1609 1318 que
1635 1252 1733 1301 has
1759 1268 1874 1313 rezi,
1905 1257 2170 1317 quantum
2196 1253 2265 1301 ad
2286 1251 2589 1303 Miltiadem

1506 1323 1808 1388 pertinent,
1838 1320 2192 1373 Funkhaenel
2222 1322 2275 1370 in
2298 1322 2592 1372 Schneide-

1507 1392 1640 1442 wini
1675 1392 1943 1457 Philolog.
1983 1393 2079 1444 IV.
2119 1406 2243 1456 pag·-
2280 1391 2364 1441 91.
2404 1420 2469 1427 —
2507 1393 2590 1442 De

1506 1461 1709 1512 Atticis
1737 1461 2002 1512 clernchis
2029 1476 2203 1511 sermo
2229 1461 2287 1510 fit
2312 1464 2366 1510 in
2397 1463 2591 1511 inscri-

1503 1532 1693 1596 ptione
1720 1532 1933 1585 Graeca.
1970 1533 2162 1581 Lemni
2199 1530 2410 1582 insulae
2445 1531 2589 1596 apud

1505 1600 1768 1664 Rangabe'
1780 1618 1792 1650 :
1815 1598 2129 1666 Antiquite's
2148 1600 2359 1650 Hellen.
2383 1616 2465 1655 nr.
2485 1600 2590 1652 406

1505 1676 1562 1720 et
1591 1672 1709 1721 408.
