3100 5175
420 457 689 521 POLYMNIA.
713 460 787 521 vll.
813 471 964 525 ιοι-ιοο.
1197 458 1258 522 595

127 626 347 718 ἀπεπέμψατο.
381 630 488 724 τούτῳ
511 632 548 700 di
569 622 740 720 ἐςλόγους
754 633 1005 723 ἐλθύνΞέρξης
1030 637 1086 705 καλ
1106 631 1259 722 ὕπαρχον

127 736 161 807 ἐν
173 739 217 826 τῷ
226 741 384 827 Δορίσκῳ
397 735 504 827 τούτῳ
520 739 725 826 καταστήσας
737 739 931 827 Μασκάμην
944 740 1003 808 τόν
1016 739 1256 827 Μεγαδόστεω,

125 833 180 904 τόν
192 838 228 905 di
244 834 311 911 ini
318 846 473 925 Ampelon
492 844 660 910 σταθέντα
673 842 889 923 καταπαύσας
909 843 1068 932 ἐξήλαυνε
1082 841 1142 912 τόν
1152 863 1253 927 στρα·
1310 898 1314 907 .

125 937 180 1007 τὸν
204 939 259 1008 διὰ
285 946 343 1028 τής
364 948 510 1028 Θρήϊκης
536 945 591 1010 ἐπὶ
616 943 678 1032 τήν
700 940 849 1013 Ἑλλάδα.
895 948 1062 1016 Κατέλιπε
1083 946 1121 1015 δὲ
1140 943 1248 1031 ἄνδρα
1263 959 1322 1022 106

123 1043 249 1112 τοιόνδε
272 1045 463 1133 Μασκάμην
482 1044 680 1134 γενόμενον,
708 1054 754 1141 τῷ
774 1048 889 1142 μούνῳ
908 1052 1032 1138 Ξέρξης
1051 1054 1143 1139 δῶρα
1165 1051 1247 1135 πέμ-

124 1167 236 1231 πεσκε,
258 1143 301 1226 ὡς
315 1144 523 1234 ἀριστεύοντι
537 1149 690 1239 πάντων,
713 1149 813 1231 όσους
832 1155 1012 1241 κατέστησε
1033 1151 1133 1233 αὐτὸς
1145 1147 1166 1241 ἢ
1180 1164 1251 1220 Δα-

123 1318 223 1375 temptas
239 1314 320 1364 etiam
339 1313 568 1378 significationem
582 1333 660 1368 assu·
709 1319 883 1384 insignienda
897 1321 995 1372 dueum
1007 1321 1133 1384 nomina,
1151 1321 1198 1384 qni
1210 1317 1255 1370 vel

123 1387 201 1433 mant.
220 1384 317 1449 ltaque
329 1383 374 1433 ille
389 1401 421 1433 ex
432 1386 658 1437 antecedentibus
709 1390 837 1439 universo
854 1391 985 1442 exercitui
1004 1390 1046 1441 vel
1069 1388 1186 1453 singulis
1207 1405 1273 1454 poa

122 1452 153 1501 sd
163 1453 271 1503 verbum
284 1444 421 1515 ἐτρέψατο
431 1454 559 1519 supplens
571 1454 660 1506 ταῦτα
710 1459 782 1523 pulis
812 1460 1020 1525 agminibusque
1046 1459 1254 1526 praefuerunt.“

122 1521 383 1587 itainterpretatur:
411 1524 487 1573 Haec
504 1524 658 1587 (Demarati
710 1528 827 1577 Verbum
847 1523 1018 1579 καθιστάναι
1040 1536 1067 1581 et
1079 1529 1131 1579 hon
1150 1527 1210 1579 Ιοοο
1228 1531 1256 1577 et

122 1590 203 1656 diota)
216 1592 352 1641 Χαναναία
364 1595 441 1641 mrum
452 1597 535 1643 vertit.
552 1596 659 1661 Aopro·
708 1612 791 1662 snpra
807 1600 839 1659 V,
855 1599 888 1649 at
909 1598 968 1664 (ubi
986 1599 1041 1649 vid.
1058 1597 1158 1663 nott),
1177 1597 1255 1647 aliis-

120 1661 310 1711 uomentusira
320 1668 408 1712 mente
418 1663 613 1728 assumipoass
623 1666 658 1715 ad
710 1682 760 1731 que
785 1668 857 1733 apud
876 1684 935 1729 eos,
954 1668 1000 1733 qui
1024 1668 1057 1717 de
1076 1668 1157 1720 rebus
1172 1667 1255 1716 Asiae

120 1721 261 1794 ἐτρέψατο,
271 1731 542 1797 Schweighaeuserus
551 1750 657 1800 quoque
711 1742 811 1801 agunt,
826 1744 929 1788 certum
943 1753 1004 1787 esse
1018 1742 1100 1804 atque
1116 1738 1253 1802 proprium

121 1807 270 1863 censuerat,
281 1804 379 1851 eontra
387 1799 597 1866 Wesselingium
607 1805 661 1853 dis·
711 1812 803 1857 monet
814 1807 1032 1873 Hengstenberg.
1045 1806 1098 1872 (De
1110 1805 1185 1856 rebb.
1199 1806 1253 1869 Ty-

120 1876 224 1933 pntaus,
239 1870 285 1935 qui
298 1868 443 1920 lectionem
456 1865 563 1935 ἔτρεφε,
575 1889 591 1923 a
603 1873 661 1923 Me·
710 1876 788 1925 riori.
804 1892 828 1941 p.
841 1878 885 1938 40)
904 1878 938 1927 ad
957 1875 1155 1942 designandam
1168 1875 1254 1939 magl-

121 1937 209 2003 dieeo,
240 1939 399 1989 Florentino
423 1956 455 1990 ae
482 1941 569 1991 tribus
597 1944 659 1992 aliis
709 1950 845 1995 stratuum
870 1946 1028 1996 interiorum
1050 1946 1252 1997 institutionem
1314 1974 1321 1987 ι

120 2008 185 2057 codd
208 2009 321 2059 allatam
337 2010 398 2061 ideo
414 2013 658 2078 respuerat,quod
710 2030 726 2062 a
752 2016 864 2066 summis
891 2016 1061 2080 principibus
1088 2016 1250 2080 proiectam.

120 2078 659 2145 obieetiaoonsstivusquivooatur,alias
710 2083 756 2133 Sic
767 2100 873 2149 quoque
882 2085 960 2143 vul,
971 2086 1013 2137 85.
1029 2086 1076 2147 IX,
1089 2084 1132 2136 00.
1159 2085 1201 2134 Ad
1213 2085 1253 2134 si-

120 2162 176 2197 enm
203 2148 269 2198 addi
296 2148 401 2211 soleat,
434 2150 517 2202 absit.
564 2153 659 2216 Neque
708 2153 911 2215 gnificationem
928 2155 1005 2206 verbi
1024 2146 1251 2204 καταπαύεινοΙ.

120 2217 257 2282 Hoegerus
267 2219 363 2282 ipsese
372 2218 453 2269 valde
465 2219 596 2270 reluctari
606 2223 656 2278 ait.
710 2222 746 2281 11,
765 2225 820 2274 lte.
835 2224 867 2283 V,
881 2224 922 2275 38.
939 2226 986 2289 Vl,
1000 2224 1043 2275 04.
1058 2224 1101 2275 00.

119 2288 141 2335 si
158 2289 218 2351 quis
232 2288 267 2337 ob
285 2289 517 2353 praepositionem
537 2282 565 2347 to
584 2291 658 2340 adie-
1145 2297 1147 2301 ’

119 2361 187 2405 otum
203 2358 342 2423 praeferre
360 2357 427 2407 velit
448 2352 559 2422 ἔτρεῳει
585 2360 657 2424 qnod

104 2425 200 2489 «ipsum
214 2443 286 2478 nuuc
304 2433 442 2493 receptum
459 2429 537 2479 video
553 2443 569 2477 a
587 2429 658 2480 Bek·
900 2430 965 2481 Cae.
987 2430 1058 2482 cvl.

118 2493 195 2555 kero,
219 2496 359 2547 Dindorlio
381 2503 409 2547 et
429 2497 581 2548 Dietsohio.
617 2500 656 2549 Ao
854 2536 860 2547 .

118 2579 181 2616 sane
202 2567 242 2617 ita
260 2567 405 2629 scripsisse
427 2573 517 2633 putem
536 2568 657 2619 Herodo—
741 2565 783 2633 τῳ
799 2559 908 2636 μούνῳ]
929 2568 1028 2620 Vooern
1049 2559 1161 2636 μούνῳ,
1178 2582 1249 2634 qnae

117 2639 185 2699 tum,
202 2638 238 2699 si,
260 2651 329 2702 quae
342 2637 483 2703 Hoegerns
494 2653 553 2688 enm
566 2637 657 2689 ‹lieen-
707 2652 724 2686 a
734 2636 867 2702 Medioeo,
879 2639 1038 2689 Florentino
1048 2655 1080 2689 ao
1091 2638 1176 2688 tribus
1186 2638 1249 2689 aliis

116 2709 167 2755 torn
192 2705 274 2769 lacit,
306 2706 397 2757 dicere
424 2706 571 2766 voluisset3
611 2710 656 2774 qui
707 2707 786 2756 codd.
801 2708 892 2770 abest,
914 2708 1016 2760 retinui
1031 2723 1090 2757 oum
1103 2706 1250 2758 Wesseliu·

115 2775 196 2825 verbo
213 2776 569 2842 medionsusbneopotins
591 2777 656 2827 mihi
706 2777 752 2841 gio
785 2777 854 2828 bens
888 2779 1097 2843 interpretante:
1137 2778 1249 2839 „Soli,

116 2845 215 2895 dixisse
228 2844 351 2895 videtur:
365 2845 469 2896 Xernes
482 2847 654 2912 lineetdiota)
707 2849 761 2894 ani
775 2847 925 2897 Masoamae
944 2864 979 2897 τα
994 2847 1102 2898 omnibus
1120 2862 1158 2896 se.
1172 2861 1250 2908 prae-

115 2916 139 2962 in
153 2919 228 2964 risam
239 2914 289 2965 sibi
298 2918 419 2965 conuertit
428 2932 450 2966 s.
461 2919 598 2967 derisit-
614 2918 656 2967 Ad
703 2917 781 2977 sentis
794 2932 811 2964 a
822 2931 850 2965 se
864 2932 943 2981 neque
955 2925 1030 2982 atque
1044 2932 1061 2966 α
1077 2923 1153 2978 patre
1167 2917 1250 2964 Durio

115 2981 278 3035 locutionem
291 2978 381 3048 ὀργήν
397 2985 655 3051 ποιεῖσθαιρνατοί)
705 2988 731 3034 in
749 2984 857 3036 Teroua
869 2985 1037 3036 constitutis.“
1072 2988 1111 3034 Ao
1124 2984 1249 3050 pluribus

115 3055 260 3104 conferunt
271 3053 421 3118 Thucydid.
436 3055 516 3112 Lea.
707 3055 798 3104 Persis
812 3054 884 3104 dona
903 3055 1051 3119 quotannis
1069 3070 1086 3104 a
1098 3069 1162 3120 rege
1176 3054 1250 3102 mitti

149 3113 180 3171 ἐν
193 3121 232 3192 τῷ
246 3121 376 3189 Δορίσκῳ
394 3116 497 3191 τούτῳ]
516 3125 656 3176 Sanoroiti
708 3129 785 3187 patet
801 3139 834 3174 ex
848 3123 870 3186 1,
887 3124 944 3175 135.
958 3124 1010 3187 ΙΙΙ,
1022 3125 1081 3184 160,
1095 3140 1165 3189 quse
1177 3123 1249 3174 idem

114 3192 180 3243 liber
190 3191 305 3255 τούτου,
316 3193 387 3258 quod
398 3200 540 3258 praestare
551 3195 658 3246 videtur
708 3194 803 3243 attulit
821 3194 1029 3260 Wesselingins.
1070 3194 1113 3244 Ad
1134 3194 1249 3244 sormam

115 3262 313 3328 Wesselingio,
327 3264 374 3328 qui
387 3258 478 3328 τούτῳ
490 3264 524 3315 ad
537 3280 597 3329 esp.
612 3264 655 3327 59,
708 3256 849 3326 πέμπεσκε
861 3263 918 3315 vid.
931 3280 1014 3330 supra
1028 3265 1051 3327 Ι,
1067 3262 1117 3315 100
1130 3267 1157 3313 et
1170 3262 1249 3328 plura

114 3333 158 3382 ubi
171 3333 281 3384 Dorisei
293 3334 408 3395 mentio,
429 3335 530 3385 reterre
542 3351 596 3384 non
609 3349 658 3384 au·
708 3333 781 3399 apud
802 3333 919 3387 Bredov.
939 3349 1001 3400 pag.
1018 3335 1082 3395 2853
1113 3334 1148 3383 ad
1164 3334 1249 3385 verba

114 3402 167 3464 det,
178 3418 238 3453 curn
252 3404 332 3452 nimis
345 3405 381 3452 sit
393 3409 534 3457 remotum.
549 3404 657 3454 Wesse-
706 3404 783 3451 τοῖσι
801 3400 1012 3467 Μασκαμείοισι
1038 3395 1195 3466 ἐκγόνοισι,
1219 3404 1248 3453 in

113 3472 227 3536 seliugio
247 3472 432 3538 adstipulatur
446 3474 517 3525 Eltz.
542 3475 654 3536 Quaest.
708 3474 806 3538 quibus
821 3473 937 3538 genitivi
956 3474 1016 3524 looo
1035 3474 1200 3524 adiectivum
1213 3473 1248 3524 ab

114 3542 232 3592 Herodd.
253 3558 278 3606 ρ.
292 3544 326 3592 22
353 3543 478 3607 (Jahrbb.
501 3544 520 3595 f.
539 3542 609 3596 Phil.
627 3560 655 3593 n.
707 3543 801 3593 eodem
811 3543 920 3593 nornine
933 3543 1077 3595 formatum
1088 3544 1248 3608 reperimus,

112 3611 233 3678 Paedng.
248 3611 526 3678 Suppl.lX.p.132)‚
542 3615 587 3678 qui
604 3612 654 3663 hoo
706 3613 762 3663 rid.
775 3612 902 3663 Kuelrner
916 3612 963 3665 Gr.
982 3613 1029 3664 Gr.
1047 3616 1072 3677 ξ.
1088 3613 1149 3663 413.
1182 3612 1248 3663 Mox

113 3678 216 3730 τοῦτον
242 3697 302 3731 oum
324 3676 500 3746 καταστήσας
526 3684 655 3748 coniungi
706 3698 755 3747 pro
767 3674 956 3746 Ἀρτοξέρξης
973 3683 1082 3747 reposui
1099 3673 1249 3742 Ἀρταξέρ-

112 3750 334 3813 rnlt,eornmate
345 3758 408 3817 post
421 3745 596 3816 καταστήσας
608 3769 654 3817 po·
706 3751 767 3815 ξης.
796 3752 858 3802 vid.
874 3758 945 3803 nott.
959 3753 996 3802 ad
1010 3752 1057 3814 Vl,
1072 3750 1115 3801 43.
1128 3750 1172 3801 08.
1206 3749 1247 3799 Ad

112 3819 174 3870 sito.
195 3822 253 3884 „At
266 3821 362 3885 (uerba
375 3821 655 3888 snntSohweighaeu·
706 3822 790 3872 verba
813 3821 867 3870 τοῦ
887 3813 1098 3885 Ἑλλησπόντου
1118 3815 1249 3882 πανταχῆ

112 3879 653 3956 ποτὶ)ρτοτιοταετιούτοςοιίἰίοοτοεοᾱοιτι
704 3891 869 3954 Wesseling.
885 3890 992 3967 confert¹
1008 3890 1077 3952 VII,
1093 3887 1143 3939 120
1164 3877 1250 3936 aridu-

111 3961 190 4010 rnodn
212 3961 247 4010 iis
265 3961 419 4011 nominibus
436 3962 593 4012 Herodotus
607 3962 653 4011 nd·
704 3955 778 4023 μόθι
789 3953 941 4023 πύσήςτής
952 3952 1105 4021 Ευριόπης.
1131 3956 1249 4008 Celsa·

111 4032 215 4092 suevit,
240 4030 337 4095 quibus
354 4030 530 4096 designantur
546 4049 589 4084 res
605 4036 655 4081 sut
705 4031 754 4080 dat
767 4027 931 4082 Valckenar.
954 4028 989 4078 ad
1001 4027 1125 4090 Euripid.
1141 4028 1247 4090 Hippo-

110 4113 257 4162 personae‚
281 4100 313 4149 de
332 4100 429 4165 quibus
446 4106 528 4152 antea
542 4118 575 4152 ex
593 4116 653 4166 pro·
704 4098 754 4164 lyt.
772 4113 815 4149 vs.
837 4098 913 4152 1012,
931 4113 994 4163 pag.
1013 4097 1073 4147 212.
1089 4121 1124 4130 -
1147 4095 1189 4145 Ad
1208 4094 1248 4144 lo-

112 4168 183 4220 iesso
194 4170 280 4220 verba
291 4168 400 4220 fenerat.
418 4171 517 4236 itaque
526 4171 577 4221 lise
592 4172 653 4234 ipsa
704 4168 841 4219 ontionem
853 4160 909 4215 ιἰνὰ
919 4164 978 4216 πᾶν
990 4158 1052 4222 ἔτος
1064 4163 1094 4230 (i.
1108 4181 1132 4219 e.
1142 4173 1249 4230 quotan-

112 4237 238 4301 iormula,
253 4231 283 4287 ἐν
296 4236 337 4304 τῷ
349 4237 480 4307 Δορίσκῳ
493 4233 599 4305 τούτῳ,
614 4255 654 4289 re·
706 4236 757 4302 nis)
771 4237 827 4287 vid.
842 4236 971 4287 Kuehner·
981 4234 1026 4287 Gr.
1040 4234 1088 4286 Gr.
1099 4237 1124 4297 ξ.
1137 4237 1189 4285 002
1200 4234 1246 4287 flu.

111 4309 198 4359 mittit
210 4308 340 4360 lentorem
358 4309 392 4359 ad
410 4325 470 4360 eam
489 4309 656 4359 narrationis
706 4306 808 4357 Eodem
825 4305 903 4356 modo
915 4307 1016 4358 Noster
1028 4305 1057 4363 1,
1075 4303 1132 4356 130.
1149 4305 1186 4364 ΙΙ,
1201 4304 1245 4358 llll.

110 4384 217 4441 partem
228 4377 319 4443 (o.59)
328 4380 420 4441 ‚unde
432 4379 571 4445 digressus
585 4382 655 4441 erat,
706 4375 988 4438 ΙΙΙ,100.11111,05.
1019 4365 1133 4424 Sinduni
1150 4372 1246 4424 πᾶσαν

111 4447 145 4496 ad
163 4449 352 4515 exponendam
366 4450 514 4508 rationem,
534 4464 587 4520 qua
606 4462 654 4497 nu·
705 4437 814 4510 ἡμέρην
834 4445 968 4511 (quotidie)
995 4444 1038 4507 11,
1057 4443 1100 4496 31.
1122 4444 1179 4497 130.
1199 4443 1247 4506 vt,

111 4532 202 4569 merus
224 4519 309 4570 initus
331 4524 374 4570 est
397 4520 552 4584 copiarum,
571 4523 598 4569 et
619 4518 654 4569 ad
705 4517 748 4569 01.
763 4517 812 4578 lx,
826 4515 869 4566 38.

984 4596 1049 4662 38*
