<?xml version="1.0" encoding="UTF-8"?>
<!DOCTYPE html PUBLIC "-//W3C//DTD XHTML 1.0 Transitional//EN"
    "http://www.w3.org/TR/xhtml1/DTD/xhtml1-transitional.dtd">
<html xmlns="http://www.w3.org/1999/xhtml" xml:lang="en" lang="en">
 <head>
  <title>
</title>
<meta http-equiv="Content-Type" content="text/html;charset=utf-8" />
  <meta name='ocr-system' content='tesseract 3.04.00' />
  <meta name='ocr-capabilities' content='ocr_page ocr_carea ocr_par ocr_line ocrx_word'/>
</head>
<body>
  <div class='ocr_page' id='page_1' title='image "./herodotihalicar01unkngoog/herodotihalicar01unkngoog_0398.png"; bbox 0 0 3100 5175; ppageno 0'>
   <div class='ocr_carea' id='block_1_1' title="bbox 159 1978 797 2045">
    <p class='ocr_par' dir='ltr' id='par_1_1' title="bbox 159 1978 797 2045">
     <span class='ocr_line' id='line_1_1' title="bbox 159 1978 797 2045; baseline 0 -16"><span class='ocrx_word' id='word_1_1' title='bbox 159 1997 162 2001; x_wconf 62' lang='grc'><strong>’</strong></span> <span class='ocrx_word' id='word_1_2' title='bbox 260 1984 288 2029; x_wconf 89' lang='lat' dir='ltr'><strong>et</strong></span> <span class='ocrx_word' id='word_1_3' title='bbox 298 1979 349 2027; x_wconf 85' lang='lat' dir='ltr'><strong>hoo</strong></span> <span class='ocrx_word' id='word_1_4' title='bbox 361 1978 422 2028; x_wconf 84' lang='lat' dir='ltr'><strong>loco</strong></span> <span class='ocrx_word' id='word_1_5' title='bbox 433 1983 460 2027; x_wconf 89' lang='lat' dir='ltr'><strong>et</strong></span> <span class='ocrx_word' id='word_1_6' title='bbox 469 1979 517 2039; x_wconf 90' lang='lat' dir='ltr'><strong>VI,</strong></span> <span class='ocrx_word' id='word_1_7' title='bbox 531 1978 578 2029; x_wconf 89' lang='grc'><strong>134</strong></span> <span class='ocrx_word' id='word_1_8' title='bbox 591 1994 639 2042; x_wconf 86' lang='lat' dir='ltr'><strong>pro</strong></span> <span class='ocrx_word' id='word_1_9' title='bbox 652 1980 716 2029; x_wconf 89' lang='lat' dir='ltr'><strong>olim</strong></span> <span class='ocrx_word' id='word_1_10' title='bbox 725 1980 797 2045; x_wconf 79' lang='lat' dir='ltr'><strong>vulg</strong></span> 
     </span>
    </p>
   </div>
   <div class='ocr_carea' id='block_1_2' title="bbox 255 413 964 482">
    <p class='ocr_par' dir='ltr' id='par_1_2' title="bbox 255 413 964 482">
     <span class='ocr_line' id='line_1_2' title="bbox 255 413 964 482; baseline -0.001 -1"><span class='ocrx_word' id='word_1_11' title='bbox 255 413 317 482; x_wconf 89' lang='grc'><strong>386</strong></span> <span class='ocrx_word' id='word_1_12' title='bbox 695 417 964 481; x_wconf 84' lang='lat' dir='ltr'><strong>HERODOTI</strong></span> 
     </span>
    </p>
   </div>
   <div class='ocr_carea' id='block_1_3' title="bbox 256 584 1391 1516">
    <p class='ocr_par' dir='ltr' id='par_1_3' title="bbox 256 584 1391 1516">
     <span class='ocr_line' id='line_1_3' title="bbox 256 584 1391 687; baseline -0.002 -24"><span class='ocrx_word' id='word_1_13' title='bbox 256 617 321 663; x_wconf 86' lang='grc' dir='ltr'><strong>σαν</strong></span> <span class='ocrx_word' id='word_1_14' title='bbox 339 598 374 662; x_wconf 88' lang='grc' dir='ltr'><strong>οί</strong></span> <span class='ocrx_word' id='word_1_15' title='bbox 391 590 584 681; x_wconf 68' lang='grc' dir='ltr'><strong><em>Ἀθηναῖοι,</em></strong></span> <span class='ocrx_word' id='word_1_16' title='bbox 606 593 718 687; x_wconf 92' lang='grc' dir='ltr'><strong><em>δρόμῳ</em></strong></span> <span class='ocrx_word' id='word_1_17' title='bbox 736 599 827 664; x_wconf 70' lang='grc' dir='ltr'><strong><em>’ίεντο</em></strong></span> <span class='ocrx_word' id='word_1_18' title='bbox 848 597 882 674; x_wconf 77' lang='grc' dir='ltr'><strong>ἐς</strong></span> <span class='ocrx_word' id='word_1_19' title='bbox 903 592 980 674; x_wconf 85' lang='grc' dir='ltr'><strong><em>τούς</em></strong></span> <span class='ocrx_word' id='word_1_20' title='bbox 1003 591 1203 682; x_wconf 76' lang='grc' dir='ltr'><strong><em>βαρβάρους.</em></strong></span> <span class='ocrx_word' id='word_1_21' title='bbox 1246 584 1333 682; x_wconf 80' lang='grc' dir='ltr'><strong><em>ἦσαν</em></strong></span> <span class='ocrx_word' id='word_1_22' title='bbox 1353 593 1391 662; x_wconf 73' lang='grc' dir='ltr'><strong>δὲ</strong></span> 
     </span>
     <span class='ocr_line' id='line_1_4' title="bbox 257 693 1389 787; baseline -0.003 -19"><span class='ocrx_word' id='word_1_23' title='bbox 257 696 386 768; x_wconf 78' lang='grc' dir='ltr'><em>στάδιοι</em></span> <span class='ocrx_word' id='word_1_24' title='bbox 400 694 462 767; x_wconf 81' lang='grc' dir='ltr'><strong>οὐκ</strong></span> <span class='ocrx_word' id='word_1_25' title='bbox 478 697 652 778; x_wconf 73' lang='grc' dir='ltr'><strong><em>ἐλάσσονες</em></strong></span> <span class='ocrx_word' id='word_1_26' title='bbox 666 697 702 766; x_wconf 85' lang='grc' dir='ltr'><strong><em>τό</em></strong></span> <span class='ocrx_word' id='word_1_27' title='bbox 713 707 907 787; x_wconf 85' lang='grc' dir='ltr'><strong><em>μεταίχμιον</em></strong></span> <span class='ocrx_word' id='word_1_28' title='bbox 920 695 1034 776; x_wconf 77' lang='grc' dir='ltr'><strong><em>αὐτων</em></strong></span> <span class='ocrx_word' id='word_1_29' title='bbox 1046 693 1067 785; x_wconf 82' lang='grc' dir='ltr'><em>ἢ</em></span> <span class='ocrx_word' id='word_1_30' title='bbox 1079 694 1176 766; x_wconf 76' lang='grc' dir='ltr'><strong><em>όιιτοό.</em></strong></span> <span class='ocrx_word' id='word_1_31' title='bbox 1205 700 1239 766; x_wconf 81' lang='lat' dir='ltr'><strong>oi</strong></span> <span class='ocrx_word' id='word_1_32' title='bbox 1253 697 1289 766; x_wconf 72' lang='grc' dir='ltr'><strong>δὲ</strong></span> <span class='ocrx_word' id='word_1_33' title='bbox 1302 697 1389 784; x_wconf 80' lang='grc' dir='ltr'><strong><em>Πόρ-</em></strong></span> 
     </span>
     <span class='ocr_line' id='line_1_5' title="bbox 257 796 1390 893; baseline -0.003 -22"><span class='ocrx_word' id='word_1_34' title='bbox 257 823 330 886; x_wconf 88' lang='grc' dir='ltr'><strong><em>σαι,</em></strong></span> <span class='ocrx_word' id='word_1_35' title='bbox 350 797 504 888; x_wconf 80' lang='grc' dir='ltr'><strong><em>ὁρέοντες</em></strong></span> <span class='ocrx_word' id='word_1_36' title='bbox 523 801 635 893; x_wconf 92' lang='grc' dir='ltr'><strong><em>δρόμῳ</em></strong></span> <span class='ocrx_word' id='word_1_37' title='bbox 651 802 821 887; x_wconf 79' lang='grc' dir='ltr'><strong><em>ἐπιόντας,</em></strong></span> <span class='ocrx_word' id='word_1_38' title='bbox 843 800 1128 888; x_wconf 80' lang='grc' dir='ltr'><strong><em>παρεσκευάζοντο</em></strong></span> <span class='ocrx_word' id='word_1_39' title='bbox 1149 796 1193 881; x_wconf 82' lang='grc' dir='ltr'><strong>ὠς</strong></span> <span class='ocrx_word' id='word_1_40' title='bbox 1209 800 1390 888; x_wconf 83' lang='grc' dir='ltr'><strong><em>δεξόμενοι,</em></strong></span> 
     </span>
     <span class='ocr_line' id='line_1_6' title="bbox 258 902 1390 994; baseline -0.003 -18"><span class='ocrx_word' id='word_1_41' title='bbox 258 912 383 994; x_wconf 84' lang='grc' dir='ltr'><strong><em>μανίην</em></strong></span> <span class='ocrx_word' id='word_1_42' title='bbox 404 933 440 974; x_wconf 89' lang='grc' dir='ltr'><strong><em>τε</em></strong></span> <span class='ocrx_word' id='word_1_43' title='bbox 460 922 546 975; x_wconf 80' lang='grc' dir='ltr'><strong><em>τοῖσι</em></strong></span> <span class='ocrx_word' id='word_1_44' title='bbox 568 902 778 994; x_wconf 80' lang='grc' dir='ltr'><strong><em>Ἀθηναίοισι</em></strong></span> <span class='ocrx_word' id='word_1_45' title='bbox 807 908 974 993; x_wconf 80' lang='grc' dir='ltr'><strong><em>ἐπέφερον</em></strong></span> <span class='ocrx_word' id='word_1_46' title='bbox 1001 906 1057 974; x_wconf 82' lang='grc' dir='ltr'><strong>καὶ</strong></span> <span class='ocrx_word' id='word_1_47' title='bbox 1081 904 1192 991; x_wconf 78' lang='grc' dir='ltr'><strong><em>πάγχυ</em></strong></span> <span class='ocrx_word' id='word_1_48' title='bbox 1218 902 1390 992; x_wconf 78' lang='grc' dir='ltr'><strong><em>ὀλεθρίην,</em></strong></span> 
     </span>
     <span class='ocr_line' id='line_1_7' title="bbox 257 1006 1389 1101; baseline -0.002 -23"><span class='ocrx_word' id='word_1_49' title='bbox 257 1006 409 1096; x_wconf 79' lang='grc' dir='ltr'><strong><em>ὁρέοντες</em></strong></span> <span class='ocrx_word' id='word_1_50' title='bbox 423 1006 546 1088; x_wconf 83' lang='grc' dir='ltr'><strong><em>αὐτούς</em></strong></span> <span class='ocrx_word' id='word_1_51' title='bbox 560 1008 674 1088; x_wconf 78' lang='grc' dir='ltr'><strong><em>ἐόντας</em></strong></span> <span class='ocrx_word' id='word_1_52' title='bbox 687 1007 838 1096; x_wconf 78' lang='grc' dir='ltr'><strong><em>ὀλίγους,</em></strong></span> <span class='ocrx_word' id='word_1_53' title='bbox 859 1011 915 1077; x_wconf 80' lang='grc' dir='ltr'><strong>καὶ</strong></span> <span class='ocrx_word' id='word_1_54' title='bbox 932 1007 1072 1087; x_wconf 82' lang='grc' dir='ltr'><strong><em>τούτους</em></strong></span> <span class='ocrx_word' id='word_1_55' title='bbox 1091 1008 1203 1101; x_wconf 87' lang='grc' dir='ltr'><strong><em>δρόμῳ</em></strong></span> <span class='ocrx_word' id='word_1_56' title='bbox 1218 1009 1389 1096; x_wconf 80' lang='grc' dir='ltr'><strong><em>ἐπειγομό·</em></strong></span> 
     </span>
     <span class='ocr_line' id='line_1_8' title="bbox 257 1108 1389 1202; baseline -0.003 -20"><span class='ocrx_word' id='word_1_57' title='bbox 257 1139 354 1196; x_wconf 89' lang='grc' dir='ltr'><strong><em>νους,</em></strong></span> <span class='ocrx_word' id='word_1_58' title='bbox 369 1110 447 1181; x_wconf 85' lang='grc' dir='ltr'><strong><em>ούτε</em></strong></span> <span class='ocrx_word' id='word_1_59' title='bbox 461 1117 565 1182; x_wconf 81' lang='grc' dir='ltr'><strong><em>ΐιτιιον</em></strong></span> <span class='ocrx_word' id='word_1_60' title='bbox 576 1108 790 1202; x_wconf 81' lang='grc' dir='ltr'><strong><em>ὑπαρχούσης</em></strong></span> <span class='ocrx_word' id='word_1_61' title='bbox 803 1134 864 1201; x_wconf 82' lang='grc' dir='ltr'><em>σφι</em></span> <span class='ocrx_word' id='word_1_62' title='bbox 876 1110 953 1181; x_wconf 80' lang='grc' dir='ltr'><strong><em>οὔτε</em></strong></span> <span class='ocrx_word' id='word_1_63' title='bbox 964 1110 1182 1199; x_wconf 77' lang='grc' dir='ltr'><strong><em>τοξευμάτων.</em></strong></span> <span class='ocrx_word' id='word_1_64' title='bbox 1210 1118 1314 1181; x_wconf 75' lang='grc' dir='ltr'><strong><em>ταῦτα</em></strong></span> <span class='ocrx_word' id='word_1_65' title='bbox 1328 1114 1389 1201; x_wconf 83' lang='grc' dir='ltr'><strong>μέν</strong></span> 
     </span>
     <span class='ocr_line' id='line_1_9' title="bbox 259 1213 1391 1305; baseline 0 -20"><span class='ocrx_word' id='word_1_66' title='bbox 259 1244 324 1285; x_wconf 91' lang='grc' dir='ltr'><strong>νυν</strong></span> <span class='ocrx_word' id='word_1_67' title='bbox 350 1221 385 1285; x_wconf 89' lang='grc' dir='ltr'><strong>οί</strong></span> <span class='ocrx_word' id='word_1_68' title='bbox 408 1215 573 1304; x_wconf 80' lang='grc' dir='ltr'><strong><em>βάρβαροι</em></strong></span> <span class='ocrx_word' id='word_1_69' title='bbox 593 1223 796 1300; x_wconf 79' lang='grc' dir='ltr'><strong><em>κατείκαζον.</em></strong></span> <span class='ocrx_word' id='word_1_70' title='bbox 829 1213 1003 1305; x_wconf 76' lang='grc' dir='ltr'><strong><em>Ἀθηναῖοι</em></strong></span> <span class='ocrx_word' id='word_1_71' title='bbox 1030 1216 1082 1299; x_wconf 76' lang='grc' dir='ltr'><strong>δὲ,</strong></span> <span class='ocrx_word' id='word_1_72' title='bbox 1111 1219 1186 1284; x_wconf 82' lang='grc' dir='ltr'><strong><em>ἐπεί</em></strong></span> <span class='ocrx_word' id='word_1_73' title='bbox 1209 1243 1245 1284; x_wconf 90' lang='grc' dir='ltr'><strong><em>τε</em></strong></span> <span class='ocrx_word' id='word_1_74' title='bbox 1271 1213 1391 1303; x_wconf 76' lang='grc' dir='ltr'><strong><em>ἀθρόοι</em></strong></span> 
     </span>
     <span class='ocr_line' id='line_1_10' title="bbox 259 1316 1391 1408; baseline 0.002 -20"><span class='ocrx_word' id='word_1_75' title='bbox 259 1319 462 1407; x_wconf 76' lang='grc' dir='ltr'><strong><em>προσέμιξαν</em></strong></span> <span class='ocrx_word' id='word_1_76' title='bbox 480 1335 567 1388; x_wconf 83' lang='grc' dir='ltr'><strong><em>τοῖσι</em></strong></span> <span class='ocrx_word' id='word_1_77' title='bbox 585 1320 803 1408; x_wconf 83' lang='grc' dir='ltr'><strong><em>βαρβάροισι,</em></strong></span> <span class='ocrx_word' id='word_1_78' title='bbox 828 1319 987 1408; x_wconf 75' lang='grc' dir='ltr'><strong><em>ἐμάχοντο</em></strong></span> <span class='ocrx_word' id='word_1_79' title='bbox 1005 1316 1105 1400; x_wconf 78' lang='grc' dir='ltr'><strong><em>όξίως</em></strong></span> <span class='ocrx_word' id='word_1_80' title='bbox 1118 1319 1231 1406; x_wconf 78' lang='grc' dir='ltr'><strong><em>λόγου.</em></strong></span> <span class='ocrx_word' id='word_1_81' title='bbox 1265 1324 1391 1407; x_wconf 76' lang='grc' dir='ltr'><strong><em>πρῶτοι</em></strong></span> 
     </span>
     <span class='ocr_line' id='line_1_11' title="bbox 258 1417 1389 1516; baseline 0 -26"><span class='ocrx_word' id='word_1_82' title='bbox 258 1420 397 1511; x_wconf 73' lang='grc' dir='ltr'><strong><em>μὲνγὰρ</em></strong></span> <span class='ocrx_word' id='word_1_83' title='bbox 416 1417 585 1510; x_wconf 78' lang='grc' dir='ltr'><strong><em>Ἑλλήνων</em></strong></span> <span class='ocrx_word' id='word_1_84' title='bbox 604 1423 758 1509; x_wconf 81' lang='grc' dir='ltr'><strong><em>πάντων,</em></strong></span> <span class='ocrx_word' id='word_1_85' title='bbox 777 1429 847 1492; x_wconf 79' lang='grc' dir='ltr'><strong>των</strong></span> <span class='ocrx_word' id='word_1_86' title='bbox 866 1420 961 1511; x_wconf 81' lang='grc' dir='ltr'><strong><em>ἡμεῖς</em></strong></span> <span class='ocrx_word' id='word_1_87' title='bbox 975 1429 1073 1510; x_wconf 77' lang='grc' dir='ltr'><strong><em>ἴδμεν</em></strong></span> <span class='ocrx_word' id='word_1_88' title='bbox 1080 1475 1090 1510; x_wconf 88' lang='grc'><strong>,</strong></span> <span class='ocrx_word' id='word_1_89' title='bbox 1117 1423 1229 1516; x_wconf 86' lang='grc' dir='ltr'><strong><em>δρόμῳ</em></strong></span> <span class='ocrx_word' id='word_1_90' title='bbox 1246 1427 1279 1503; x_wconf 77' lang='grc' dir='ltr'><strong>ἐς</strong></span> <span class='ocrx_word' id='word_1_91' title='bbox 1292 1433 1389 1492; x_wconf 84' lang='grc' dir='ltr'><strong><em>πολε-</em></strong></span> 
     </span>
    </p>
   </div>
   <div class='ocr_carea' id='block_1_4' title="bbox 259 1626 1494 2251">
    <p class='ocr_par' dir='ltr' id='par_1_4' title="bbox 259 1626 1494 2251">
     <span class='ocr_line' id='line_1_12' title="bbox 260 1626 1494 1697; baseline -0.002 -17"><span class='ocrx_word' id='word_1_92' title='bbox 260 1629 659 1694; x_wconf 73' lang='lat' dir='ltr'><strong>nott.adV1,sbetV11134</strong></span> <span class='ocrx_word' id='word_1_93' title='bbox 679 1632 712 1681; x_wconf 93' lang='lat' dir='ltr'><strong>In</strong></span> <span class='ocrx_word' id='word_1_94' title='bbox 723 1647 799 1697; x_wconf 85' lang='lat' dir='ltr'><strong>seqq</strong></span> <span class='ocrx_word' id='word_1_95' title='bbox 850 1633 920 1695; x_wconf 85' lang='lat' dir='ltr'><strong>qu.</strong></span> <span class='ocrx_word' id='word_1_96' title='bbox 942 1630 979 1679; x_wconf 91' lang='grc' dir='ltr'><strong><em>ΙΙ.</em></strong></span> <span class='ocrx_word' id='word_1_97' title='bbox 999 1646 1063 1695; x_wconf 78' lang='lat' dir='ltr'><strong>pag.</strong></span> <span class='ocrx_word' id='word_1_98' title='bbox 1084 1630 1125 1681; x_wconf 83' lang='lat'><strong>36.</strong></span> <span class='ocrx_word' id='word_1_99' title='bbox 1164 1630 1203 1679; x_wconf 84' lang='lat' dir='ltr'><strong>Ut</strong></span> <span class='ocrx_word' id='word_1_100' title='bbox 1223 1644 1287 1679; x_wconf 81' lang='lat' dir='ltr'><strong>vero</strong></span> <span class='ocrx_word' id='word_1_101' title='bbox 1303 1626 1391 1684; x_wconf 84' lang='grc' dir='ltr'><strong><em>ιτιτιος</em></strong></span> <span class='ocrx_word' id='word_1_102' title='bbox 1492 1651 1494 1655; x_wconf 54' lang='lat'>&gt;</span> 
     </span>
     <span class='ocr_line' id='line_1_13' title="bbox 260 1691 1391 1776; baseline -0.003 -28"><span class='ocrx_word' id='word_1_103' title='bbox 260 1667 480 1762; x_wconf 74' lang='grc' dir='ltr'><strong><em>ὠςᾶιιείθηδοιν</em></strong></span> <span class='ocrx_word' id='word_1_104' title='bbox 503 1700 623 1764; x_wconf 80' lang='lat' dir='ltr'><strong>accipio·</strong></span> <span class='ocrx_word' id='word_1_105' title='bbox 648 1700 692 1751; x_wconf 79' lang='lat' dir='ltr'><strong>ubi</strong></span> <span class='ocrx_word' id='word_1_106' title='bbox 708 1701 799 1765; x_wconf 79' lang='lat' dir='ltr'><strong>(signo</strong></span> <span class='ocrx_word' id='word_1_107' title='bbox 850 1699 876 1749; x_wconf 92' lang='lat' dir='ltr'><strong>h.</strong></span> <span class='ocrx_word' id='word_1_108' title='bbox 893 1699 910 1749; x_wconf 93' lang='grc' dir='ltr'><strong>Ι.</strong></span> <span class='ocrx_word' id='word_1_109' title='bbox 926 1699 1227 1776; x_wconf 76' lang='lat' dir='ltr'><strong>equitatamaignifieat,</strong></span> <span class='ocrx_word' id='word_1_110' title='bbox 1244 1691 1391 1758; x_wconf 79' lang='grc' dir='ltr'><strong><em>11ιιτόξευ</em></strong></span> 
     </span>
     <span class='ocr_line' id='line_1_14' title="bbox 260 1762 1392 1835; baseline -0.003 -15"><span class='ocrx_word' id='word_1_111' title='bbox 260 1768 337 1833; x_wconf 89' lang='lat' dir='ltr'><strong>dato)</strong></span> <span class='ocrx_word' id='word_1_112' title='bbox 350 1785 430 1819; x_wconf 78' lang='lat' dir='ltr'><strong>ermsss</strong></span> <span class='ocrx_word' id='word_1_113' title='bbox 441 1776 499 1819; x_wconf 83' lang='lat' dir='ltr'><strong>sunt</strong></span> <span class='ocrx_word' id='word_1_114' title='bbox 513 1768 539 1832; x_wconf 91' lang='lat' dir='ltr'><strong>(e</strong></span> <span class='ocrx_word' id='word_1_115' title='bbox 554 1769 629 1832; x_wconf 84' lang='lat' dir='ltr'><strong>loeo,</strong></span> <span class='ocrx_word' id='word_1_116' title='bbox 649 1785 702 1835; x_wconf 93' lang='lat' dir='ltr'><strong>qno</strong></span> <span class='ocrx_word' id='word_1_117' title='bbox 718 1770 801 1822; x_wconf 87' lang='lat' dir='ltr'><strong>eollo</strong></span> <span class='ocrx_word' id='word_1_118' title='bbox 850 1768 929 1833; x_wconf 77' lang='grc' dir='ltr'><strong><em>μαΙι</em></strong></span> <span class='ocrx_word' id='word_1_119' title='bbox 945 1770 962 1819; x_wconf 92' lang='grc' dir='ltr'><strong><em>Ι.</em></strong></span> <span class='ocrx_word' id='word_1_120' title='bbox 980 1762 1099 1829; x_wconf 81' lang='grc' dir='ltr'><strong><em>τοξότας</em></strong></span> <span class='ocrx_word' id='word_1_121' title='bbox 1117 1769 1265 1819; x_wconf 84' lang='lat' dir='ltr'><strong>indicata</strong></span> <span class='ocrx_word' id='word_1_122' title='bbox 1285 1770 1392 1833; x_wconf 73' lang='lat' dir='ltr'><strong>soqiuo-</strong></span> 
     </span>
     <span class='ocr_line' id='line_1_15' title="bbox 260 1838 1389 1906; baseline -0.002 -17"><span class='ocrx_word' id='word_1_123' title='bbox 260 1840 317 1889; x_wconf 86' lang='lat' dir='ltr'><strong>eati</strong></span> <span class='ocrx_word' id='word_1_124' title='bbox 341 1839 370 1887; x_wconf 91' lang='lat' dir='ltr'><strong>in</strong></span> <span class='ocrx_word' id='word_1_125' title='bbox 394 1839 454 1889; x_wconf 85' lang='lat' dir='ltr'><strong>acie</strong></span> <span class='ocrx_word' id='word_1_126' title='bbox 480 1838 602 1903; x_wconf 86' lang='lat' dir='ltr'><strong>stabant)</strong></span> <span class='ocrx_word' id='word_1_127' title='bbox 628 1843 664 1890; x_wconf 83' lang='lat' dir='ltr'><strong>od</strong></span> <span class='ocrx_word' id='word_1_128' title='bbox 681 1856 798 1906; x_wconf 79' lang='grc' dir='ltr'><strong><em>ραρηαιιι,</em></strong></span> <span class='ocrx_word' id='word_1_129' title='bbox 850 1842 919 1902; x_wconf 66' lang='lat' dir='ltr'><strong>uos,</strong></span> <span class='ocrx_word' id='word_1_130' title='bbox 947 1840 964 1886; x_wconf 93' lang='lat' dir='ltr'><strong>i</strong></span> <span class='ocrx_word' id='word_1_131' title='bbox 982 1854 1006 1888; x_wconf 89' lang='lat' dir='ltr'><strong>e</strong></span> <span class='ocrx_word' id='word_1_132' title='bbox 1023 1839 1089 1889; x_wconf 77' lang='lat' dir='ltr'><strong>levis</strong></span> <span class='ocrx_word' id='word_1_133' title='bbox 1107 1844 1262 1889; x_wconf 87' lang='lat' dir='ltr'><strong>armaturae</strong></span> <span class='ocrx_word' id='word_1_134' title='bbox 1280 1839 1389 1891; x_wconf 85' lang='lat' dir='ltr'><strong>milites.</strong></span> 
     </span>
     <span class='ocr_line' id='line_1_16' title="bbox 259 1907 1390 1975; baseline -0.002 -17"><span class='ocrx_word' id='word_1_135' title='bbox 259 1925 334 1958; x_wconf 74' lang='lat' dir='ltr'><strong>curso</strong></span> <span class='ocrx_word' id='word_1_136' title='bbox 346 1909 547 1958; x_wconf 64' lang='lat' dir='ltr'><strong>contendemus</strong></span> <span class='ocrx_word' id='word_1_137' title='bbox 538 1926 562 1958; x_wconf 85' lang='grc' dir='ltr'><strong>υι</strong></span> <span class='ocrx_word' id='word_1_138' title='bbox 574 1909 707 1959; x_wconf 78' lang='lat' dir='ltr'><strong>barbaros.</strong></span> <span class='ocrx_word' id='word_1_139' title='bbox 735 1911 800 1961; x_wconf 88' lang='lat' dir='ltr'><strong>Mox</strong></span> <span class='ocrx_word' id='word_1_140' title='bbox 850 1909 980 1972; x_wconf 85' lang='lat' dir='ltr'><strong>Utrisque</strong></span> <span class='ocrx_word' id='word_1_141' title='bbox 995 1923 1075 1971; x_wconf 86' lang='lat' dir='ltr'><strong>vero,</strong></span> <span class='ocrx_word' id='word_1_142' title='bbox 1091 1914 1118 1959; x_wconf 90' lang='lat' dir='ltr'><strong>et</strong></span> <span class='ocrx_word' id='word_1_143' title='bbox 1129 1909 1268 1975; x_wconf 86' lang='lat' dir='ltr'><strong>equitibus</strong></span> <span class='ocrx_word' id='word_1_144' title='bbox 1281 1913 1309 1957; x_wconf 89' lang='lat' dir='ltr'><strong>et</strong></span> <span class='ocrx_word' id='word_1_145' title='bbox 1324 1907 1390 1957; x_wconf 83' lang='lat' dir='ltr'><strong>levis</strong></span> 
     </span>
     <span class='ocr_line' id='line_1_17' title="bbox 850 1978 1390 2040; baseline -0.004 -13"><span class='ocrx_word' id='word_1_146' title='bbox 850 1983 1005 2028; x_wconf 86' lang='lat' dir='ltr'><strong>armaturae</strong></span> <span class='ocrx_word' id='word_1_147' title='bbox 1015 1978 1156 2040; x_wconf 78' lang='lat' dir='ltr'>militibus,</span> <span class='ocrx_word' id='word_1_148' title='bbox 1164 1978 1390 2029; x_wconf 89' lang='lat' dir='ltr'><strong>abundabatPer-</strong></span> 
     </span>
     <span class='ocr_line' id='line_1_18' title="bbox 260 2047 800 2105; baseline 0.004 -8"><span class='ocrx_word' id='word_1_149' title='bbox 260 2047 335 2097; x_wconf 77' lang='grc' dir='ltr'><strong><em>ἴεντο</em></strong></span> <span class='ocrx_word' id='word_1_150' title='bbox 351 2047 418 2098; x_wconf 88' lang='lat' dir='ltr'><strong>sribi</strong></span> <span class='ocrx_word' id='word_1_151' title='bbox 431 2048 507 2097; x_wconf 89' lang='lat' dir='ltr'><strong>iubet</strong></span> <span class='ocrx_word' id='word_1_152' title='bbox 519 2049 646 2099; x_wconf 82' lang='lat' dir='ltr'><strong>Diodori.</strong></span> <span class='ocrx_word' id='word_1_153' title='bbox 660 2048 708 2105; x_wconf 89' lang='lat' dir='ltr'><strong>(ad</strong></span> <span class='ocrx_word' id='word_1_154' title='bbox 718 2051 800 2099; x_wconf 87' lang='lat' dir='ltr'><strong>Euri·</strong></span> 
     </span>
     <span class='ocr_line' id='line_1_19' title="bbox 260 2116 802 2182; baseline 0.004 -15"><span class='ocrx_word' id='word_1_155' title='bbox 260 2117 315 2182; x_wconf 83' lang='lat' dir='ltr'><strong>pid.</strong></span> <span class='ocrx_word' id='word_1_156' title='bbox 330 2116 423 2181; x_wconf 85' lang='lat' dir='ltr'><strong>Suppl.</strong></span> <span class='ocrx_word' id='word_1_157' title='bbox 436 2117 498 2168; x_wconf 90' lang='grc'><strong><em>699.</em></strong></span> <span class='ocrx_word' id='word_1_158' title='bbox 516 2133 578 2181; x_wconf 75' lang='grc' dir='ltr'><strong><em>ηις.</em></strong></span> <span class='ocrx_word' id='word_1_159' title='bbox 591 2119 643 2169; x_wconf 90' lang='grc'><strong>488</strong></span> <span class='ocrx_word' id='word_1_160' title='bbox 656 2120 698 2169; x_wconf 89' lang='lat' dir='ltr'><strong>ed.</strong></span> <span class='ocrx_word' id='word_1_161' title='bbox 710 2120 802 2170; x_wconf 84' lang='lat' dir='ltr'><strong>Teub-</strong></span> 
     </span>
     <span class='ocr_line' id='line_1_20' title="bbox 260 2182 799 2251; baseline 0.002 -14"><span class='ocrx_word' id='word_1_162' title='bbox 260 2185 331 2251; x_wconf 85' lang='lat' dir='ltr'><strong>ner.)</strong></span> <span class='ocrx_word' id='word_1_163' title='bbox 341 2182 513 2250; x_wconf 78' lang='lat' dir='ltr'><strong>i&#39;avso,quem</strong></span> <span class='ocrx_word' id='word_1_164' title='bbox 525 2189 647 2251; x_wconf 84' lang='lat' dir='ltr'><strong>sequitur</strong></span> <span class='ocrx_word' id='word_1_165' title='bbox 654 2189 799 2250; x_wconf 78' lang='lat' dir='ltr'>Matthiae,</span> 
     </span>
    </p>
   </div>
   <div class='ocr_carea' id='block_1_5' title="bbox 851 2048 1454 2251">
    <p class='ocr_par' dir='ltr' id='par_1_5' title="bbox 851 2048 1454 2251">
     <span class='ocr_line' id='line_1_21' title="bbox 851 2048 1390 2108; baseline -0.008 -11"><span class='ocrx_word' id='word_1_166' title='bbox 851 2063 942 2097; x_wconf 83' lang='lat' dir='ltr'><strong>aarum</strong></span> <span class='ocrx_word' id='word_1_167' title='bbox 951 2048 1095 2098; x_wconf 84' lang='lat' dir='ltr'><strong>exercitus</strong></span> <span class='ocrx_word' id='word_1_168' title='bbox 1098 2076 1131 2084; x_wconf 98' lang='lat'>-</span> <span class='ocrx_word' id='word_1_169' title='bbox 1139 2048 1180 2098; x_wconf 92' lang='lat' dir='ltr'><strong>Ad</strong></span> <span class='ocrx_word' id='word_1_170' title='bbox 1187 2048 1298 2098; x_wconf 77' lang='lat' dir='ltr'><strong>verbum</strong></span> <span class='ocrx_word' id='word_1_171' title='bbox 1306 2059 1390 2108; x_wconf 77' lang='grc' dir='ltr'><strong><em>προσ</em></strong></span> 
     </span>
     <span class='ocr_line' id='line_1_22' title="bbox 851 2112 1388 2183; baseline 0 -19"><span class='ocrx_word' id='word_1_172' title='bbox 851 2112 971 2180; x_wconf 80' lang='grc' dir='ltr'><strong><em>ε’μιξαν</em></strong></span> <span class='ocrx_word' id='word_1_173' title='bbox 964 2132 992 2166; x_wconf 88' lang='lat' dir='ltr'><strong>rn</strong></span> <span class='ocrx_word' id='word_1_174' title='bbox 1004 2133 1080 2183; x_wconf 89' lang='lat' dir='ltr'><strong>seqq.</strong></span> <span class='ocrx_word' id='word_1_175' title='bbox 1094 2118 1166 2167; x_wconf 84' lang='lat' dir='ltr'><strong>conf.</strong></span> <span class='ocrx_word' id='word_1_176' title='bbox 1179 2123 1248 2167; x_wconf 88' lang='lat' dir='ltr'><strong>nott.</strong></span> <span class='ocrx_word' id='word_1_177' title='bbox 1258 2118 1336 2177; x_wconf 88' lang='lat' dir='ltr'><strong>adV,</strong></span> <span class='ocrx_word' id='word_1_178' title='bbox 1345 2116 1388 2165; x_wconf 81' lang='grc'><strong><em>64.</em></strong></span> 
     </span>
     <span class='ocr_line' id='line_1_23' title="bbox 851 2181 1454 2251; baseline -0.003 -15"><span class='ocrx_word' id='word_1_179' title='bbox 851 2187 931 2248; x_wconf 85' lang='lat' dir='ltr'><strong>Quod</strong></span> <span class='ocrx_word' id='word_1_180' title='bbox 949 2187 1085 2238; x_wconf 86' lang='lat' dir='ltr'><strong>adiectum</strong></span> <span class='ocrx_word' id='word_1_181' title='bbox 1105 2193 1148 2237; x_wconf 85' lang='lat' dir='ltr'><strong>est</strong></span> <span class='ocrx_word' id='word_1_182' title='bbox 1163 2181 1286 2250; x_wconf 81' lang='grc' dir='ltr'><strong><em>ἀθρόοι,</em></strong></span> <span class='ocrx_word' id='word_1_183' title='bbox 1307 2187 1390 2251; x_wconf 85' lang='lat' dir='ltr'><strong>pluri·</strong></span> <span class='ocrx_word' id='word_1_184' title='bbox 1450 2233 1454 2239; x_wconf 81' lang='grc'><strong><em>,</em></strong></span> 
     </span>
    </p>
   </div>
   <div class='ocr_carea' id='block_1_6' title="bbox 195 2255 802 4411">
    <p class='ocr_par' dir='ltr' id='par_1_6' title="bbox 195 2255 801 3348">
     <span class='ocr_line' id='line_1_24' title="bbox 259 2255 799 2323; baseline 0 -17"><span class='ocrx_word' id='word_1_185' title='bbox 259 2259 350 2306; x_wconf 82' lang='lat' dir='ltr'><strong>citans</strong></span> <span class='ocrx_word' id='word_1_186' title='bbox 368 2255 485 2304; x_wconf 85' lang='lat' dir='ltr'><strong>Brunelr.</strong></span> <span class='ocrx_word' id='word_1_187' title='bbox 505 2255 539 2304; x_wconf 89' lang='lat' dir='ltr'><strong>ad</strong></span> <span class='ocrx_word' id='word_1_188' title='bbox 557 2257 696 2322; x_wconf 87' lang='lat' dir='ltr'><strong>Aristoph.</strong></span> <span class='ocrx_word' id='word_1_189' title='bbox 716 2260 799 2323; x_wconf 86' lang='lat' dir='ltr'><strong>Vesp.</strong></span> 
     </span>
     <span class='ocr_line' id='line_1_25' title="bbox 260 2324 801 2387; baseline 0.006 -12"><span class='ocrx_word' id='word_1_190' title='bbox 260 2325 327 2387; x_wconf 78' lang='grc'><strong><em>423,</em></strong></span> <span class='ocrx_word' id='word_1_191' title='bbox 344 2324 466 2374; x_wconf 83' lang='lat' dir='ltr'><strong>Elmslei.</strong></span> <span class='ocrx_word' id='word_1_192' title='bbox 484 2330 511 2375; x_wconf 89' lang='lat' dir='ltr'><strong>et</strong></span> <span class='ocrx_word' id='word_1_193' title='bbox 529 2325 677 2377; x_wconf 78' lang='lat' dir='ltr'><strong>Hermann.</strong></span> <span class='ocrx_word' id='word_1_194' title='bbox 699 2328 734 2377; x_wconf 89' lang='lat' dir='ltr'><strong>ad</strong></span> <span class='ocrx_word' id='word_1_195' title='bbox 751 2328 801 2378; x_wconf 84' lang='lat' dir='ltr'><strong>So·</strong></span> 
     </span>
     <span class='ocr_line' id='line_1_26' title="bbox 260 2392 800 2461; baseline 0.009 -19"><span class='ocrx_word' id='word_1_196' title='bbox 260 2392 351 2458; x_wconf 82' lang='lat' dir='ltr'><strong>phoel.</strong></span> <span class='ocrx_word' id='word_1_197' title='bbox 366 2393 434 2442; x_wconf 85' lang='lat' dir='ltr'><strong>Oed.</strong></span> <span class='ocrx_word' id='word_1_198' title='bbox 457 2396 525 2458; x_wconf 80' lang='lat' dir='ltr'><strong>Reg.</strong></span> <span class='ocrx_word' id='word_1_199' title='bbox 549 2394 625 2445; x_wconf 81' lang='lat'>1242.</span> <span class='ocrx_word' id='word_1_200' title='bbox 666 2397 800 2461; x_wconf 82' lang='lat' dir='ltr'>Equidem</span> 
     </span>
     <span class='ocr_line' id='line_1_27' title="bbox 259 2464 800 2517; baseline 0.008 -5"><span class='ocrx_word' id='word_1_201' title='bbox 259 2464 323 2512; x_wconf 88' lang='lat' dir='ltr'><strong>inde</strong></span> <span class='ocrx_word' id='word_1_202' title='bbox 344 2477 404 2512; x_wconf 83' lang='lat' dir='ltr'><strong>enm</strong></span> <span class='ocrx_word' id='word_1_203' title='bbox 425 2467 540 2512; x_wconf 77' lang='lat' dir='ltr'><strong>recenti.</strong></span> <span class='ocrx_word' id='word_1_204' title='bbox 560 2464 620 2517; x_wconf 88' lang='lat' dir='ltr'><strong>edd.</strong></span> <span class='ocrx_word' id='word_1_205' title='bbox 639 2472 666 2515; x_wconf 89' lang='lat' dir='ltr'><strong>et</strong></span> <span class='ocrx_word' id='word_1_206' title='bbox 683 2466 800 2517; x_wconf 82' lang='lat' dir='ltr'><strong>Bredov.</strong></span> 
     </span>
     <span class='ocr_line' id='line_1_28' title="bbox 259 2529 801 2600; baseline 0.009 -20"><span class='ocrx_word' id='word_1_207' title='bbox 259 2548 322 2598; x_wconf 80' lang='lat' dir='ltr'><strong>pag.</strong></span> <span class='ocrx_word' id='word_1_208' title='bbox 331 2531 383 2581; x_wconf 82' lang='grc'><strong>395</strong></span> <span class='ocrx_word' id='word_1_209' title='bbox 390 2529 600 2583; x_wconf 79' lang='lat' dir='ltr'><strong>revocavii&#39;evro</strong></span> <span class='ocrx_word' id='word_1_210' title='bbox 610 2535 736 2600; x_wconf 78' lang='lat' dir='ltr'><strong>idemque</strong></span> <span class='ocrx_word' id='word_1_211' title='bbox 745 2536 801 2585; x_wconf 68' lang='lat' dir='ltr'><strong>feei</strong></span> 
     </span>
     <span class='ocr_line' id='line_1_29' title="bbox 259 2600 800 2670; baseline 0.009 -19"><span class='ocrx_word' id='word_1_212' title='bbox 259 2604 307 2668; x_wconf 92' lang='lat' dir='ltr'><strong>VI,</strong></span> <span class='ocrx_word' id='word_1_213' title='bbox 320 2602 379 2665; x_wconf 88' lang='grc'><strong><em>134,</em></strong></span> <span class='ocrx_word' id='word_1_214' title='bbox 395 2603 442 2653; x_wconf 89' lang='lat' dir='ltr'><strong>ubi</strong></span> <span class='ocrx_word' id='word_1_215' title='bbox 453 2603 534 2668; x_wconf 80' lang='lat' dir='ltr'><strong>vulgo</strong></span> <span class='ocrx_word' id='word_1_216' title='bbox 547 2603 616 2654; x_wconf 89' lang='lat' dir='ltr'><strong>male</strong></span> <span class='ocrx_word' id='word_1_217' title='bbox 630 2600 734 2653; x_wconf 81' lang='grc' dir='ltr'><strong><em>ίεσθαι</em></strong></span> <span class='ocrx_word' id='word_1_218' title='bbox 750 2621 800 2670; x_wconf 90' lang='lat' dir='ltr'><strong>pro</strong></span> 
     </span>
     <span class='ocr_line' id='line_1_30' title="bbox 260 2671 801 2741; baseline 0.006 -19"><span class='ocrx_word' id='word_1_219' title='bbox 260 2671 383 2733; x_wconf 73' lang='grc' dir='ltr'><strong><em>ΐεοθυις</em></strong></span> <span class='ocrx_word' id='word_1_220' title='bbox 402 2673 465 2723; x_wconf 87' lang='lat' dir='ltr'><strong>add.</strong></span> <span class='ocrx_word' id='word_1_221' title='bbox 477 2673 515 2734; x_wconf 91' lang='lat'><strong>11,</strong></span> <span class='ocrx_word' id='word_1_222' title='bbox 529 2674 571 2723; x_wconf 80' lang='grc'><strong><em>79.</em></strong></span> <span class='ocrx_word' id='word_1_223' title='bbox 585 2674 633 2737; x_wconf 85' lang='lat' dir='ltr'><strong>IX,</strong></span> <span class='ocrx_word' id='word_1_224' title='bbox 649 2675 695 2736; x_wconf 74' lang='lat'><strong>783</strong></span> <span class='ocrx_word' id='word_1_225' title='bbox 716 2677 801 2741; x_wconf 82' lang='lat' dir='ltr'><strong>signi</strong></span> 
     </span>
     <span class='ocr_line' id='line_1_31' title="bbox 259 2710 800 2808; baseline 0.004 -17"><span class='ocrx_word' id='word_1_226' title='bbox 259 2744 323 2792; x_wconf 77' lang='lat' dir='ltr'><strong>licat</strong></span> <span class='ocrx_word' id='word_1_227' title='bbox 336 2747 426 2793; x_wconf 86' lang='lat' dir='ltr'><strong>autem</strong></span> <span class='ocrx_word' id='word_1_228' title='bbox 435 2710 586 2804; x_wconf 60' lang='lat' dir='ltr'><strong>festinianus</strong></span> <span class='ocrx_word' id='word_1_229' title='bbox 595 2713 645 2795; x_wconf 73' lang='lat' dir='ltr'><strong>adt</strong></span> <span class='ocrx_word' id='word_1_230' title='bbox 653 2760 766 2808; x_wconf 81' lang='lat' dir='ltr'><strong><em>propere</em></strong></span> <span class='ocrx_word' id='word_1_231' title='bbox 776 2749 800 2795; x_wconf 83' lang='lat' dir='ltr'><strong>in</strong></span> 
     </span>
     <span class='ocr_line' id='line_1_32' title="bbox 259 2814 801 2889; baseline 0.008 -27"><span class='ocrx_word' id='word_1_232' title='bbox 259 2815 364 2877; x_wconf 75' lang='lat' dir='ltr'><strong>aliquem</strong></span> <span class='ocrx_word' id='word_1_233' title='bbox 380 2814 459 2862; x_wconf 81' lang='lat' dir='ltr'><strong>locum</strong></span> <span class='ocrx_word' id='word_1_234' title='bbox 476 2828 504 2862; x_wconf 84' lang='lat' dir='ltr'><strong>se</strong></span> <span class='ocrx_word' id='word_1_235' title='bbox 521 2814 647 2889; x_wconf 70' lang='lat' dir='ltr'><strong>conferre</strong></span> <span class='ocrx_word' id='word_1_236' title='bbox 674 2816 715 2865; x_wconf 86' lang='lat' dir='ltr'><strong>Ad</strong></span> <span class='ocrx_word' id='word_1_237' title='bbox 729 2822 801 2866; x_wconf 88' lang='lat' dir='ltr'><strong>stru·</strong></span> 
     </span>
     <span class='ocr_line' id='line_1_33' title="bbox 260 2869 800 2949; baseline 0.004 -17"><span class='ocrx_word' id='word_1_238' title='bbox 260 2888 381 2932; x_wconf 85' lang='lat' dir='ltr'><strong>etnram:</strong></span> <span class='ocrx_word' id='word_1_239' title='bbox 405 2869 479 2947; x_wconf 80' lang='grc' dir='ltr'><strong><em>ἦσαν</em></strong></span> <span class='ocrx_word' id='word_1_240' title='bbox 493 2876 524 2930; x_wconf 71' lang='grc' dir='ltr'><strong>δὲ</strong></span> <span class='ocrx_word' id='word_1_241' title='bbox 539 2875 695 2932; x_wconf 79' lang='grc' dir='ltr'><strong><em>στόδιοι-</em></strong></span> <span class='ocrx_word' id='word_1_242' title='bbox 663 2879 739 2934; x_wconf 84' lang='grc' dir='ltr'><strong>-τδ</strong></span> <span class='ocrx_word' id='word_1_243' title='bbox 753 2899 800 2949; x_wconf 84' lang='grc' dir='ltr'><strong><em>με·</em></strong></span> 
     </span>
     <span class='ocr_line' id='line_1_34' title="bbox 258 2950 800 3020; baseline 0.007 -20"><span class='ocrx_word' id='word_1_244' title='bbox 258 2950 391 3016; x_wconf 80' lang='grc' dir='ltr'><strong><em>ταίχμιον</em></strong></span> <span class='ocrx_word' id='word_1_245' title='bbox 410 2952 483 3002; x_wconf 80' lang='lat' dir='ltr'><strong>eous.</strong></span> <span class='ocrx_word' id='word_1_246' title='bbox 501 2952 528 3015; x_wconf 88' lang='grc' dir='ltr'><strong>Ι,</strong></span> <span class='ocrx_word' id='word_1_247' title='bbox 547 2951 589 3002; x_wconf 88' lang='grc'><strong><em>93.</em></strong></span> <span class='ocrx_word' id='word_1_248' title='bbox 610 2953 659 3006; x_wconf 88' lang='grc'><strong>163</strong></span> <span class='ocrx_word' id='word_1_249' title='bbox 676 2955 800 3020; x_wconf 88' lang='lat' dir='ltr'><strong>aliosque</strong></span> 
     </span>
     <span class='ocr_line' id='line_1_35' title="bbox 259 2972 800 3086; baseline 0.004 -16"><span class='ocrx_word' id='word_1_250' title='bbox 259 3021 333 3072; x_wconf 84' lang='lat' dir='ltr'><strong>locos</strong></span> <span class='ocrx_word' id='word_1_251' title='bbox 345 3036 362 3069; x_wconf 88' lang='lat' dir='ltr'><strong>o</strong></span> <span class='ocrx_word' id='word_1_252' title='bbox 374 3022 490 3074; x_wconf 83' lang='lat' dir='ltr'><strong>Bredov,</strong></span> <span class='ocrx_word' id='word_1_253' title='bbox 504 3037 566 3086; x_wconf 81' lang='lat' dir='ltr'><strong>pag.</strong></span> <span class='ocrx_word' id='word_1_254' title='bbox 581 3022 632 3074; x_wconf 90' lang='grc'><strong>336</strong></span> <span class='ocrx_word' id='word_1_255' title='bbox 648 2972 800 3075; x_wconf 73' lang='lat' dir='ltr'><strong>allatusq—</strong></span> 
     </span>
     <span class='ocr_line' id='line_1_36' title="bbox 259 3082 801 3155; baseline 0.006 -14"><span class='ocrx_word' id='word_1_256' title='bbox 259 3092 293 3141; x_wconf 91' lang='lat' dir='ltr'><strong>In</strong></span> <span class='ocrx_word' id='word_1_257' title='bbox 304 3105 380 3155; x_wconf 89' lang='lat' dir='ltr'><strong>seqq.</strong></span> <span class='ocrx_word' id='word_1_258' title='bbox 394 3091 486 3141; x_wconf 84' lang='lat' dir='ltr'><strong>vorbis</strong></span> <span class='ocrx_word' id='word_1_259' title='bbox 500 3091 561 3141; x_wconf 85' lang='lat' dir='ltr'><strong>dedi</strong></span> <span class='ocrx_word' id='word_1_260' title='bbox 573 3082 702 3152; x_wconf 79' lang='grc' dir='ltr'><strong><em>ὁρέοντες</em></strong></span> <span class='ocrx_word' id='word_1_261' title='bbox 714 3093 801 3145; x_wconf 85' lang='lat' dir='ltr'><strong>eFlo-</strong></span> 
     </span>
     <span class='ocr_line' id='line_1_37' title="bbox 260 3151 800 3224; baseline 0.008 -14"><span class='ocrx_word' id='word_1_262' title='bbox 260 3161 367 3211; x_wconf 89' lang='lat' dir='ltr'><strong>rentino</strong></span> <span class='ocrx_word' id='word_1_263' title='bbox 379 3175 429 3224; x_wconf 89' lang='lat' dir='ltr'><strong>pro</strong></span> <span class='ocrx_word' id='word_1_264' title='bbox 442 3151 542 3224; x_wconf 80' lang='lat' dir='ltr'><strong>vulg.</strong></span> <span class='ocrx_word' id='word_1_265' title='bbox 528 3153 672 3222; x_wconf 83' lang='grc' dir='ltr'><strong><em>ορέωντες,</em></strong></span> <span class='ocrx_word' id='word_1_266' title='bbox 697 3164 738 3214; x_wconf 81' lang='lat' dir='ltr'><strong>Ao</strong></span> <span class='ocrx_word' id='word_1_267' title='bbox 751 3180 800 3214; x_wconf 83' lang='lat' dir='ltr'><strong>vo·</strong></span> 
     </span>
     <span class='ocr_line' id='line_1_38' title="bbox 195 3227 799 3312; baseline 0.003 -33"><span class='ocrx_word' id='word_1_268' title='bbox 195 3254 199 3263; x_wconf 92' lang='lat'>.</span> <span class='ocrx_word' id='word_1_269' title='bbox 260 3245 318 3280; x_wconf 86' lang='lat' dir='ltr'><strong>eam</strong></span> <span class='ocrx_word' id='word_1_270' title='bbox 334 3227 500 3312; x_wconf 80' lang='grc' dir='ltr'><strong><em>μεταίχμιον</em></strong></span> <span class='ocrx_word' id='word_1_271' title='bbox 515 3229 588 3279; x_wconf 80' lang='lat' dir='ltr'><strong>conf</strong></span> <span class='ocrx_word' id='word_1_272' title='bbox 600 3231 653 3294; x_wconf 87' lang='lat' dir='ltr'><strong>VI,</strong></span> <span class='ocrx_word' id='word_1_273' title='bbox 672 3234 714 3281; x_wconf 82' lang='lat'><strong>77.</strong></span> <span class='ocrx_word' id='word_1_274' title='bbox 746 3234 799 3283; x_wconf 84' lang='lat' dir='ltr'><strong>Pro</strong></span> 
     </span>
     <span class='ocr_line' id='line_1_39' title="bbox 260 3292 562 3414; baseline -0.007 -67"><span class='ocrx_word' id='word_1_275' title='bbox 260 3292 370 3347; x_wconf 76' lang='grc' dir='ltr'><strong><em>αὐτέων</em></strong></span> <span class='ocrx_word' id='word_1_276' title='bbox 383 3298 445 3348; x_wconf 89' lang='lat' dir='ltr'><strong>dedi</strong></span> <span class='ocrx_word' id='word_1_277' title='bbox 448 3292 562 3414; x_wconf 68' lang='grc' dir='ltr'><strong>ἐαύτολν.</strong></span> 
     </span>
    </p>

    <p class='ocr_par' dir='ltr' id='par_1_7' title="bbox 258 3357 801 4411">
     <span class='ocr_line' id='line_1_40' title="bbox 259 3357 800 3432; baseline 0.01 -18.346"><span class='ocrx_word' id='word_1_278' title='bbox 259 3357 461 3431; x_wconf 77' lang='grc' dir='ltr'><strong><em>μανίην-ί</em></strong></span> <span class='ocrx_word' id='word_1_279' title='bbox 461 3362 677 3447; x_wconf 59' lang='lat' dir='ltr'><strong>macswid.</strong></span> <span class='ocrx_word' id='word_1_280' title='bbox 687 3373 755 3418; x_wconf 88' lang='lat' dir='ltr'><strong>nott</strong></span> <span class='ocrx_word' id='word_1_281' title='bbox 765 3370 800 3419; x_wconf 89' lang='lat' dir='ltr'><strong>ad</strong></span> 
     </span>
     <span class='ocr_line' id='line_1_41' title="bbox 259 3435 799 3517; baseline 0.002 -30"><span class='ocrx_word' id='word_1_282' title='bbox 259 3438 310 3497; x_wconf 81' lang='lat' dir='ltr'><strong>IV,</strong></span> <span class='ocrx_word' id='word_1_283' title='bbox 335 3437 394 3487; x_wconf 84' lang='grc'><strong><em>154</em></strong></span> <span class='ocrx_word' id='word_1_284' title='bbox 435 3435 468 3485; x_wconf 92' lang='lat' dir='ltr'><strong>In</strong></span> <span class='ocrx_word' id='word_1_285' title='bbox 491 3437 612 3500; x_wconf 81' lang='lat' dir='ltr'>proxime</span> <span class='ocrx_word' id='word_1_286' title='bbox 639 3452 715 3517; x_wconf 88' lang='lat' dir='ltr'><strong>seqq.</strong></span> <span class='ocrx_word' id='word_1_287' title='bbox 739 3454 799 3488; x_wconf 87' lang='lat' dir='ltr'><strong>eum</strong></span> 
     </span>
     <span class='ocr_line' id='line_1_42' title="bbox 259 3501 802 3570; baseline 0.002 -14"><span class='ocrx_word' id='word_1_288' title='bbox 259 3504 409 3569; x_wconf 77' lang='lat' dir='ltr'><strong>thweigh.</strong></span> <span class='ocrx_word' id='word_1_289' title='bbox 424 3505 549 3556; x_wconf 83' lang='lat' dir='ltr'><strong>etGuisf.</strong></span> <span class='ocrx_word' id='word_1_290' title='bbox 560 3511 625 3557; x_wconf 88' lang='lat' dir='ltr'><strong>anto</strong></span> <span class='ocrx_word' id='word_1_291' title='bbox 637 3501 769 3570; x_wconf 77' lang='grc' dir='ltr'><strong><em>ὀλιγους’</em></strong></span> <span class='ocrx_word' id='word_1_292' title='bbox 762 3524 802 3558; x_wconf 91' lang='lat' dir='ltr'><strong>rn-</strong></span> 
     </span>
     <span class='ocr_line' id='line_1_43' title="bbox 260 3564 801 3639; baseline 0.006 -15"><span class='ocrx_word' id='word_1_293' title='bbox 260 3590 334 3625; x_wconf 83' lang='lat' dir='ltr'><strong>serur</strong></span> <span class='ocrx_word' id='word_1_294' title='bbox 326 3564 452 3636; x_wconf 56' lang='lat' dir='ltr'><strong>&#39;dovram</strong></span> <span class='ocrx_word' id='word_1_295' title='bbox 466 3575 610 3639; x_wconf 81' lang='lat' dir='ltr'><strong>quodsum</strong></span> <span class='ocrx_word' id='word_1_296' title='bbox 619 3577 721 3626; x_wconf 82' lang='lat' dir='ltr'><strong>alibris</strong></span> <span class='ocrx_word' id='word_1_297' title='bbox 735 3581 801 3628; x_wconf 85' lang='lat' dir='ltr'><strong>scri</strong></span> 
     </span>
     <span class='ocr_line' id='line_1_44' title="bbox 259 3644 801 3710; baseline 0.008 -17"><span class='ocrx_word' id='word_1_298' title='bbox 259 3645 316 3709; x_wconf 87' lang='lat' dir='ltr'><strong>ptis</strong></span> <span class='ocrx_word' id='word_1_299' title='bbox 342 3644 463 3702; x_wconf 84' lang='lat' dir='ltr'><strong>abesset,</strong></span> <span class='ocrx_word' id='word_1_300' title='bbox 486 3645 684 3710; x_wconf 75' lang='lat' dir='ltr'><strong>Wesselingius</strong></span> <span class='ocrx_word' id='word_1_301' title='bbox 710 3647 801 3708; x_wconf 82' lang='lat' dir='ltr'><strong>eiecit,</strong></span> 
     </span>
     <span class='ocr_line' id='line_1_45' title="bbox 260 3713 801 3778; baseline 0.006 -15"><span class='ocrx_word' id='word_1_302' title='bbox 260 3729 338 3778; x_wconf 88' lang='lat' dir='ltr'><strong>quem</strong></span> <span class='ocrx_word' id='word_1_303' title='bbox 348 3718 463 3765; x_wconf 88' lang='lat' dir='ltr'><strong>reeentt</strong></span> <span class='ocrx_word' id='word_1_304' title='bbox 471 3713 531 3763; x_wconf 90' lang='lat' dir='ltr'><strong>edd.</strong></span> <span class='ocrx_word' id='word_1_305' title='bbox 543 3716 631 3764; x_wconf 82' lang='lat' dir='ltr'><strong>secuti</strong></span> <span class='ocrx_word' id='word_1_306' title='bbox 643 3722 714 3768; x_wconf 89' lang='lat' dir='ltr'><strong>suut.</strong></span> <span class='ocrx_word' id='word_1_307' title='bbox 733 3717 801 3766; x_wconf 86' lang='lat' dir='ltr'>Mihi</span> 
     </span>
     <span class='ocr_line' id='line_1_46' title="bbox 260 3783 800 3847; baseline 0.009 -15"><span class='ocrx_word' id='word_1_308' title='bbox 260 3784 348 3833; x_wconf 85' lang='lat' dir='ltr'><strong>oratio</strong></span> <span class='ocrx_word' id='word_1_309' title='bbox 370 3783 495 3847; x_wconf 83' lang='lat' dir='ltr'><strong>flagitare</strong></span> <span class='ocrx_word' id='word_1_310' title='bbox 515 3783 658 3836; x_wconf 84' lang='lat' dir='ltr'><strong>videbatur</strong></span> <span class='ocrx_word' id='word_1_311' title='bbox 678 3785 800 3837; x_wconf 88' lang='lat' dir='ltr'><strong>additum</strong></span> 
     </span>
     <span class='ocr_line' id='line_1_47' title="bbox 259 3844 800 3934; baseline 0.011 -33"><span class='ocrx_word' id='word_1_312' title='bbox 259 3853 312 3903; x_wconf 85' lang='lat' dir='ltr'><strong>boe</strong></span> <span class='ocrx_word' id='word_1_313' title='bbox 332 3844 432 3909; x_wconf 78' lang='grc' dir='ltr'><strong><em>ἐόντας</em></strong></span> <span class='ocrx_word' id='word_1_314' title='bbox 449 3852 493 3903; x_wconf 82' lang='lat' dir='ltr'><strong>vel</strong></span> <span class='ocrx_word' id='word_1_315' title='bbox 512 3860 624 3934; x_wconf 64' lang='lat' dir='ltr'><strong>propter</strong></span> <span class='ocrx_word' id='word_1_316' title='bbox 646 3856 732 3905; x_wconf 83' lang='lat' dir='ltr'><strong>verbu</strong></span> <span class='ocrx_word' id='word_1_317' title='bbox 757 3872 800 3907; x_wconf 90' lang='lat' dir='ltr'><strong>se-</strong></span> 
     </span>
     <span class='ocr_line' id='line_1_48' title="bbox 259 3915 800 4005; baseline 0.006 -33"><span class='ocrx_word' id='word_1_318' title='bbox 259 3924 372 3989; x_wconf 88' lang='lat' dir='ltr'><strong>queutia</strong></span> <span class='ocrx_word' id='word_1_319' title='bbox 394 3916 444 3970; x_wconf 78' lang='lat' dir='ltr'><strong>stul</strong></span> <span class='ocrx_word' id='word_1_320' title='bbox 469 3937 638 3981; x_wconf 86' lang='grc' dir='ltr'><strong><em>τουτους-</em></strong></span> <span class='ocrx_word' id='word_1_321' title='bbox 659 3915 800 4005; x_wconf 73' lang='grc' dir='ltr'><strong><em>ἐπειγομέ-</em></strong></span> 
     </span>
     <span class='ocr_line' id='line_1_49' title="bbox 259 3985 799 4050; baseline 0.007 -9"><span class='ocrx_word' id='word_1_322' title='bbox 259 4007 336 4050; x_wconf 89' lang='grc' dir='ltr'><strong><em>νους.</em></strong></span> <span class='ocrx_word' id='word_1_323' title='bbox 344 3994 425 4043; x_wconf 85' lang='lat' dir='ltr'><strong>—Ex</strong></span> <span class='ocrx_word' id='word_1_324' title='bbox 433 3992 566 4043; x_wconf 78' lang='lat' dir='ltr'>Herodoti</span> <span class='ocrx_word' id='word_1_325' title='bbox 576 3985 711 4045; x_wconf 77' lang='lat' dir='ltr'><strong>verbis&#39;</strong></span> <span class='ocrx_word' id='word_1_326' title='bbox 677 4009 741 4045; x_wconf 85' lang='grc' dir='ltr'><strong><em>ουτε</em></strong></span> <span class='ocrx_word' id='word_1_327' title='bbox 752 3993 799 4045; x_wconf 87' lang='grc' dir='ltr'><strong><em>λ’τι-</em></strong></span> 
     </span>
     <span class='ocr_line' id='line_1_50' title="bbox 258 4053 798 4131; baseline 0.006 -19"><span class='ocrx_word' id='word_1_328' title='bbox 258 4077 316 4112; x_wconf 73' lang='lat' dir='ltr'><strong>noo</strong></span> <span class='ocrx_word' id='word_1_329' title='bbox 330 4053 514 4128; x_wconf 76' lang='grc' dir='ltr'><strong><em>ὑπαρχούσης</em></strong></span> <span class='ocrx_word' id='word_1_330' title='bbox 530 4076 579 4127; x_wconf 83' lang='grc' dir='ltr'><em>σφι</em></span> <span class='ocrx_word' id='word_1_331' title='bbox 596 4065 664 4115; x_wconf 87' lang='lat' dir='ltr'><strong>satis</strong></span> <span class='ocrx_word' id='word_1_332' title='bbox 682 4066 798 4131; x_wconf 86' lang='lat' dir='ltr'><strong>patebit,</strong></span> 
     </span>
     <span class='ocr_line' id='line_1_51' title="bbox 258 4132 801 4200; baseline 0.007 -18"><span class='ocrx_word' id='word_1_333' title='bbox 258 4132 307 4182; x_wconf 88' lang='lat' dir='ltr'><strong>illa</strong></span> <span class='ocrx_word' id='word_1_334' title='bbox 325 4136 417 4183; x_wconf 83' lang='lat' dir='ltr'><strong>aetate</strong></span> <span class='ocrx_word' id='word_1_335' title='bbox 438 4133 525 4184; x_wconf 91' lang='lat' dir='ltr'><strong>nullos</strong></span> <span class='ocrx_word' id='word_1_336' title='bbox 550 4135 682 4200; x_wconf 86' lang='lat' dir='ltr'><strong>equites</strong></span> <span class='ocrx_word' id='word_1_337' title='bbox 674 4151 702 4184; x_wconf 89' lang='lat' dir='ltr'><strong>ru</strong></span> <span class='ocrx_word' id='word_1_338' title='bbox 717 4135 801 4186; x_wconf 89' lang='lat' dir='ltr'><strong>Athe-</strong></span> 
     </span>
     <span class='ocr_line' id='line_1_52' title="bbox 258 4202 798 4270; baseline 0.011 -18"><span class='ocrx_word' id='word_1_339' title='bbox 258 4202 390 4252; x_wconf 75' lang='lat' dir='ltr'><strong>niensium</strong></span> <span class='ocrx_word' id='word_1_340' title='bbox 402 4204 522 4252; x_wconf 84' lang='lat' dir='ltr'><strong>exsroilu</strong></span> <span class='ocrx_word' id='word_1_341' title='bbox 537 4205 674 4268; x_wconf 77' lang='lat' dir='ltr'><strong>stipendio</strong></span> <span class='ocrx_word' id='word_1_342' title='bbox 690 4205 798 4270; x_wconf 81' lang='lat' dir='ltr'><strong>fecisse,</strong></span> 
     </span>
     <span class='ocr_line' id='line_1_53' title="bbox 259 4271 800 4336; baseline 0.011 -16"><span class='ocrx_word' id='word_1_343' title='bbox 259 4287 327 4336; x_wconf 90' lang='lat' dir='ltr'><strong>quos</strong></span> <span class='ocrx_word' id='word_1_344' title='bbox 347 4278 409 4336; x_wconf 87' lang='lat' dir='ltr'><strong>post</strong></span> <span class='ocrx_word' id='word_1_345' title='bbox 425 4271 498 4322; x_wconf 89' lang='lat' dir='ltr'><strong>bella</strong></span> <span class='ocrx_word' id='word_1_346' title='bbox 512 4275 624 4324; x_wconf 76' lang='lat' dir='ltr'><strong>Persius</strong></span> <span class='ocrx_word' id='word_1_347' title='bbox 639 4274 767 4326; x_wconf 87' lang='lat' dir='ltr'><strong>demum</strong></span> <span class='ocrx_word' id='word_1_348' title='bbox 760 4292 800 4326; x_wconf 90' lang='lat' dir='ltr'><strong>ru·</strong></span> 
     </span>
     <span class='ocr_line' id='line_1_54' title="bbox 259 4341 800 4411; baseline 0.009 -22"><span class='ocrx_word' id='word_1_349' title='bbox 259 4341 423 4390; x_wconf 85' lang='lat' dir='ltr'><strong>trodnotos</strong></span> <span class='ocrx_word' id='word_1_350' title='bbox 415 4343 584 4405; x_wconf 79' lang='lat' dir='ltr'><strong>invenimus,</strong></span> <span class='ocrx_word' id='word_1_351' title='bbox 603 4348 699 4395; x_wconf 81' lang='lat' dir='ltr'><strong>anctos</strong></span> <span class='ocrx_word' id='word_1_352' title='bbox 715 4360 800 4411; x_wconf 88' lang='lat' dir='ltr'><strong>usque</strong></span> 
     </span>
    </p>
   </div>
   <div class='ocr_carea' id='block_1_7' title="bbox 849 2257 1395 4412">
    <p class='ocr_par' dir='ltr' id='par_1_8' title="bbox 849 2257 1395 4412">
     <span class='ocr_line' id='line_1_55' title="bbox 851 2257 1390 2322; baseline -0.006 -16"><span class='ocrx_word' id='word_1_353' title='bbox 851 2257 901 2306; x_wconf 90' lang='lat' dir='ltr'><strong>bus</strong></span> <span class='ocrx_word' id='word_1_354' title='bbox 916 2257 1024 2307; x_wconf 88' lang='lat' dir='ltr'><strong>Aeliani</strong></span> <span class='ocrx_word' id='word_1_355' title='bbox 1041 2257 1110 2307; x_wconf 87' lang='lat' dir='ltr'><strong>locis</strong></span> <span class='ocrx_word' id='word_1_356' title='bbox 1128 2257 1211 2308; x_wconf 84' lang='lat' dir='ltr'><strong>simili</strong></span> <span class='ocrx_word' id='word_1_357' title='bbox 1230 2263 1313 2322; x_wconf 83' lang='lat' dir='ltr'><strong>pacto</strong></span> <span class='ocrx_word' id='word_1_358' title='bbox 1331 2271 1390 2306; x_wconf 86' lang='lat' dir='ltr'><strong>eum</strong></span> 
     </span>
     <span class='ocr_line' id='line_1_56' title="bbox 851 2326 1390 2391; baseline -0.002 -17"><span class='ocrx_word' id='word_1_359' title='bbox 851 2327 879 2374; x_wconf 88' lang='lat' dir='ltr'><strong>vi</strong></span> <span class='ocrx_word' id='word_1_360' title='bbox 896 2326 1012 2391; x_wconf 86' lang='lat' dir='ltr'><strong>quadam</strong></span> <span class='ocrx_word' id='word_1_361' title='bbox 1030 2326 1151 2377; x_wconf 84' lang='lat' dir='ltr'><strong>additum</strong></span> <span class='ocrx_word' id='word_1_362' title='bbox 1172 2328 1302 2391; x_wconf 84' lang='lat' dir='ltr'><strong>reperies.</strong></span> <span class='ocrx_word' id='word_1_363' title='bbox 1329 2326 1390 2376; x_wconf 85' lang='lat' dir='ltr'><strong>Vid.</strong></span> 
     </span>
     <span class='ocr_line' id='line_1_57' title="bbox 851 2395 1391 2460; baseline -0.004 -15"><span class='ocrx_word' id='word_1_364' title='bbox 851 2396 959 2448; x_wconf 83' lang='lat' dir='ltr'><strong>Iaeobs</strong></span> <span class='ocrx_word' id='word_1_365' title='bbox 974 2396 1129 2446; x_wconf 88' lang='lat' dir='ltr'><strong>adAeliau.</strong></span> <span class='ocrx_word' id='word_1_366' title='bbox 1144 2399 1177 2447; x_wconf 86' lang='lat' dir='ltr'><strong>N.</strong></span> <span class='ocrx_word' id='word_1_367' title='bbox 1190 2398 1221 2445; x_wconf 85' lang='lat' dir='ltr'><strong>A.</strong></span> <span class='ocrx_word' id='word_1_368' title='bbox 1235 2396 1259 2455; x_wconf 90' lang='grc' dir='ltr'><strong>Ι,</strong></span> <span class='ocrx_word' id='word_1_369' title='bbox 1273 2395 1323 2458; x_wconf 89' lang='grc'><strong>58,</strong></span> <span class='ocrx_word' id='word_1_370' title='bbox 1344 2396 1391 2460; x_wconf 90' lang='lat' dir='ltr'><strong>qui</strong></span> 
     </span>
     <span class='ocr_line' id='line_1_58' title="bbox 850 2465 1296 2516; baseline 0.002 -2"><span class='ocrx_word' id='word_1_371' title='bbox 850 2466 932 2515; x_wconf 88' lang='lat' dir='ltr'><strong>etiam</strong></span> <span class='ocrx_word' id='word_1_372' title='bbox 943 2466 1077 2516; x_wconf 83' lang='lat' dir='ltr'><strong>Herodoti</strong></span> <span class='ocrx_word' id='word_1_373' title='bbox 1089 2466 1177 2516; x_wconf 83' lang='lat' dir='ltr'><strong>losum</strong></span> <span class='ocrx_word' id='word_1_374' title='bbox 1191 2465 1296 2515; x_wconf 87' lang='lat' dir='ltr'><strong>attulit.</strong></span> 
     </span>
     <span class='ocr_line' id='line_1_59' title="bbox 886 2526 1391 2671; baseline 0 -19"><span class='ocrx_word' id='word_1_375' title='bbox 886 2526 1391 2671; x_wconf 48' lang='lat' dir='ltr'><strong>“idiliffliililll&#39;ilii’iii</strong></span> 
     </span>
     <span class='ocr_line' id='line_1_60' title="bbox 851 2622 1040 2662; baseline 0 0"><span class='ocrx_word' id='word_1_376' title='bbox 851 2632 884 2640; x_wconf 81' lang='grc'><strong>“”</strong></span> <span class='ocrx_word' id='word_1_377' title='bbox 1028 2622 1040 2662; x_wconf 68' lang='lat'><em>3</em></span> 
     </span>
     <span class='ocr_line' id='line_1_61' title="bbox 850 2674 1391 2755; baseline -0.002 -31"><span class='ocrx_word' id='word_1_378' title='bbox 850 2674 902 2724; x_wconf 88' lang='lat' dir='ltr'><strong>His</strong></span> <span class='ocrx_word' id='word_1_379' title='bbox 914 2675 1015 2737; x_wconf 86' lang='lat' dir='ltr'><strong>verbis,</strong></span> <span class='ocrx_word' id='word_1_380' title='bbox 1030 2676 1189 2740; x_wconf 74' lang='lat' dir='ltr'><strong>quibuscum</strong></span> <span class='ocrx_word' id='word_1_381' title='bbox 1202 2675 1391 2755; x_wconf 81' lang='lat' dir='ltr'><strong>coniungenda</strong></span> 
     </span>
     <span class='ocr_line' id='line_1_62' title="bbox 851 2743 1389 2824; baseline -0.006 -30"><span class='ocrx_word' id='word_1_382' title='bbox 851 2749 925 2806; x_wconf 88' lang='lat' dir='ltr'><strong>sunt,</strong></span> <span class='ocrx_word' id='word_1_383' title='bbox 957 2760 1009 2794; x_wconf 90' lang='lat' dir='ltr'><strong>uae</strong></span> <span class='ocrx_word' id='word_1_384' title='bbox 1014 2760 1103 2824; x_wconf 85' lang='lat' dir='ltr'><strong>supra</strong></span> <span class='ocrx_word' id='word_1_385' title='bbox 1113 2743 1254 2822; x_wconf 77' lang='lat' dir='ltr'><strong>leguntur</strong></span> <span class='ocrx_word' id='word_1_386' title='bbox 1275 2743 1293 2793; x_wconf 89' lang='grc' dir='ltr'><strong><em>δ</em></strong></span> <span class='ocrx_word' id='word_1_387' title='bbox 1299 2759 1389 2808; x_wconf 82' lang='grc' dir='ltr'><strong><em>ρομω</em></strong></span> 
     </span>
     <span class='ocr_line' id='line_1_63' title="bbox 851 2760 1390 2895; baseline 0.006 -35"><span class='ocrx_word' id='word_1_388' title='bbox 851 2810 926 2861; x_wconf 78' lang='grc' dir='ltr'><strong><em>ἵεντο</em></strong></span> <span class='ocrx_word' id='word_1_389' title='bbox 918 2760 962 2870; x_wconf 57' lang='lat' dir='ltr'><strong>de</strong></span> <span class='ocrx_word' id='word_1_390' title='bbox 973 2827 1040 2871; x_wconf 89' lang='grc' dir='ltr'><strong><em>τους</em></strong></span> <span class='ocrx_word' id='word_1_391' title='bbox 1049 2806 1211 2895; x_wconf 79' lang='grc' dir='ltr'><strong><em>βαρβάροης</em></strong></span> <span class='ocrx_word' id='word_1_392' title='bbox 1225 2819 1253 2864; x_wconf 86' lang='lat' dir='ltr'><strong>ot</strong></span> <span class='ocrx_word' id='word_1_393' title='bbox 1266 2813 1313 2865; x_wconf 77' lang='lat' dir='ltr'><strong>sat</strong></span> <span class='ocrx_word' id='word_1_394' title='bbox 1326 2811 1390 2863; x_wconf 88' lang='grc' dir='ltr'><strong><em>τού-</em></strong></span> 
     </span>
     <span class='ocr_line' id='line_1_64' title="bbox 849 2874 1390 2949; baseline 0.002 -18"><span class='ocrx_word' id='word_1_395' title='bbox 849 2896 916 2939; x_wconf 87' lang='grc' dir='ltr'><strong><em>τους</em></strong></span> <span class='ocrx_word' id='word_1_396' title='bbox 932 2880 949 2931; x_wconf 91' lang='grc' dir='ltr'><strong><em>δ</em></strong></span> <span class='ocrx_word' id='word_1_397' title='bbox 956 2899 971 2944; x_wconf 91' lang='grc' dir='ltr'><strong><em>ρ</em></strong></span> <span class='ocrx_word' id='word_1_398' title='bbox 981 2898 995 2932; x_wconf 93' lang='grc' dir='ltr'><strong><em>ο</em></strong></span> <span class='ocrx_word' id='word_1_399' title='bbox 1000 2899 1048 2949; x_wconf 88' lang='grc' dir='ltr'><strong>μω</strong></span> <span class='ocrx_word' id='word_1_400' title='bbox 1062 2874 1270 2948; x_wconf 75' lang='grc' dir='ltr'><strong><em>ἐπειγομένους,</em></strong></span> <span class='ocrx_word' id='word_1_401' title='bbox 1285 2886 1319 2933; x_wconf 86' lang='lat' dir='ltr'>W</span> <span class='ocrx_word' id='word_1_402' title='bbox 1320 2899 1390 2934; x_wconf 88' lang='lat' dir='ltr'><strong>esse·</strong></span> 
     </span>
     <span class='ocr_line' id='line_1_65' title="bbox 849 2952 1390 3018; baseline 0.002 -16"><span class='ocrx_word' id='word_1_403' title='bbox 849 2953 949 3017; x_wconf 83' lang='lat' dir='ltr'><strong>lingius</strong></span> <span class='ocrx_word' id='word_1_404' title='bbox 965 2952 1030 3003; x_wconf 81' lang='lat' dir='ltr'><strong>haee</strong></span> <span class='ocrx_word' id='word_1_405' title='bbox 1048 2954 1272 3018; x_wconf 68' lang='lat' dir='ltr'><strong>adscripserit,</strong></span> <span class='ocrx_word' id='word_1_406' title='bbox 1275 2955 1314 3015; x_wconf 85' lang='lat' dir='ltr'><strong>,si</strong></span> <span class='ocrx_word' id='word_1_407' title='bbox 1328 2969 1390 3003; x_wconf 87' lang='lat' dir='ltr'><strong>nar·</strong></span> 
     </span>
     <span class='ocr_line' id='line_1_66' title="bbox 851 3022 1389 3100; baseline 0.002 -29"><span class='ocrx_word' id='word_1_408' title='bbox 851 3024 923 3072; x_wconf 88' lang='lat' dir='ltr'><strong>ranti</strong></span> <span class='ocrx_word' id='word_1_409' title='bbox 933 3024 1086 3073; x_wconf 74' lang='lat' dir='ltr'><strong>Pausaniae</strong></span> <span class='ocrx_word' id='word_1_410' title='bbox 1096 3024 1200 3075; x_wconf 82' lang='lat' dir='ltr'><strong>veritas</strong></span> <span class='ocrx_word' id='word_1_411' title='bbox 1211 3027 1329 3100; x_wconf 78' lang='lat' dir='ltr'><strong>constat,</strong></span> <span class='ocrx_word' id='word_1_412' title='bbox 1345 3022 1389 3072; x_wconf 90' lang='lat' dir='ltr'><strong>diu</strong></span> 
     </span>
     <span class='ocr_line' id='line_1_67' title="bbox 851 3084 1390 3159; baseline 0 -18"><span class='ocrx_word' id='word_1_413' title='bbox 851 3096 915 3142; x_wconf 86' lang='lat' dir='ltr'><strong>ante</strong></span> <span class='ocrx_word' id='word_1_414' title='bbox 923 3091 1103 3144; x_wconf 75' lang='lat' dir='ltr'><strong>Athenienses</strong></span> <span class='ocrx_word' id='word_1_415' title='bbox 1113 3089 1211 3159; x_wconf 83' lang='grc' dir='ltr'><strong><em>δρόμῳ</em></strong></span> <span class='ocrx_word' id='word_1_416' title='bbox 1222 3084 1249 3150; x_wconf 75' lang='grc' dir='ltr'><strong>ἐς</strong></span> <span class='ocrx_word' id='word_1_417' title='bbox 1258 3085 1327 3150; x_wconf 85' lang='grc' dir='ltr'><strong><em>τούς</em></strong></span> <span class='ocrx_word' id='word_1_418' title='bbox 1335 3095 1390 3142; x_wconf 84' lang='grc' dir='ltr'><strong>Λα</strong></span> 
     </span>
     <span class='ocr_line' id='line_1_68' title="bbox 851 3144 1390 3227; baseline 0.004 -18"><span class='ocrx_word' id='word_1_419' title='bbox 851 3159 1052 3226; x_wconf 82' lang='grc' dir='ltr'><strong><em>κεδαιμονιόνς</em></strong></span> <span class='ocrx_word' id='word_1_420' title='bbox 1064 3144 1200 3227; x_wconf 72' lang='grc' dir='ltr'><strong><em>ἐχρῶντο</em></strong></span> <span class='ocrx_word' id='word_1_421' title='bbox 1200 3163 1331 3214; x_wconf 86' lang='lat' dir='ltr'><strong>Messenii</strong></span> <span class='ocrx_word' id='word_1_422' title='bbox 1343 3163 1390 3223; x_wconf 87' lang='lat' dir='ltr'><strong>IV,</strong></span> 
     </span>
     <span class='ocr_line' id='line_1_69' title="bbox 850 3232 1389 3293; baseline -0.004 -12"><span class='ocrx_word' id='word_1_423' title='bbox 850 3232 875 3281; x_wconf 90' lang='lat'>8</span> <span class='ocrx_word' id='word_1_424' title='bbox 890 3234 915 3293; x_wconf 65' lang='grc' dir='ltr'><strong><em>ξ.</em></strong></span> <span class='ocrx_word' id='word_1_425' title='bbox 931 3234 954 3283; x_wconf 92' lang='lat' dir='ltr'><strong>l.</strong></span> <span class='ocrx_word' id='word_1_426' title='bbox 982 3233 1068 3282; x_wconf 87' lang='lat' dir='ltr'><strong>Prisei</strong></span> <span class='ocrx_word' id='word_1_427' title='bbox 1081 3237 1155 3283; x_wconf 83' lang='lat' dir='ltr'><strong>corte</strong></span> <span class='ocrx_word' id='word_1_428' title='bbox 1167 3233 1266 3282; x_wconf 81' lang='lat' dir='ltr'><strong>Graeci</strong></span> <span class='ocrx_word' id='word_1_429' title='bbox 1276 3248 1330 3282; x_wconf 91' lang='lat' dir='ltr'><strong>non</strong></span> <span class='ocrx_word' id='word_1_430' title='bbox 1340 3232 1389 3285; x_wconf 90' lang='lat' dir='ltr'><strong>ita</strong></span> 
     </span>
     <span class='ocr_line' id='line_1_70' title="bbox 850 3297 1388 3365; baseline 0.002 -16"><span class='ocrx_word' id='word_1_431' title='bbox 850 3302 938 3350; x_wconf 69' lang='lat' dir='ltr'><strong>Poeta</strong></span> <span class='ocrx_word' id='word_1_432' title='bbox 954 3300 1035 3351; x_wconf 87' lang='lat' dir='ltr'><strong>Iliad.</strong></span> <span class='ocrx_word' id='word_1_433' title='bbox 1055 3297 1093 3365; x_wconf 76' lang='grc' dir='ltr'><strong><em>γ’,</em></strong></span> <span class='ocrx_word' id='word_1_434' title='bbox 1107 3304 1124 3352; x_wconf 88' lang='grc'>8</span> <span class='ocrx_word' id='word_1_435' title='bbox 1139 3302 1260 3351; x_wconf 84' lang='lat' dir='ltr'><strong>indioe.“</strong></span> <span class='ocrx_word' id='word_1_436' title='bbox 1290 3303 1331 3352; x_wconf 90' lang='lat' dir='ltr'><strong>De</strong></span> <span class='ocrx_word' id='word_1_437' title='bbox 1346 3302 1388 3360; x_wconf 88' lang='lat' dir='ltr'><strong>iis,</strong></span> 
     </span>
     <span class='ocr_line' id='line_1_71' title="bbox 851 3370 1389 3435; baseline 0 -16"><span class='ocrx_word' id='word_1_438' title='bbox 851 3384 919 3435; x_wconf 89' lang='lat' dir='ltr'><strong>quse</strong></span> <span class='ocrx_word' id='word_1_439' title='bbox 936 3371 1090 3421; x_wconf 74' lang='lat' dir='ltr'><strong>Pausanias</strong></span> <span class='ocrx_word' id='word_1_440' title='bbox 1111 3370 1165 3424; x_wconf 92' lang='grc' dir='ltr'><strong><em>Ι.1.</em></strong></span> <span class='ocrx_word' id='word_1_441' title='bbox 1185 3375 1293 3433; x_wconf 86' lang='lat' dir='ltr'><strong>narrat,</strong></span> <span class='ocrx_word' id='word_1_442' title='bbox 1318 3386 1389 3420; x_wconf 85' lang='lat' dir='ltr'><strong>nune</strong></span> 
     </span>
     <span class='ocr_line' id='line_1_72' title="bbox 851 3440 1391 3505; baseline 0 -16"><span class='ocrx_word' id='word_1_443' title='bbox 851 3455 904 3489; x_wconf 88' lang='lat' dir='ltr'><strong>nou</strong></span> <span class='ocrx_word' id='word_1_444' title='bbox 914 3441 1081 3505; x_wconf 85' lang='lat' dir='ltr'><strong>quaerimus:</strong></span> <span class='ocrx_word' id='word_1_445' title='bbox 1096 3441 1167 3505; x_wconf 87' lang='lat' dir='ltr'><strong>quod</strong></span> <span class='ocrx_word' id='word_1_446' title='bbox 1178 3440 1213 3491; x_wconf 83' lang='lat' dir='ltr'><strong>ad</strong></span> <span class='ocrx_word' id='word_1_447' title='bbox 1223 3440 1391 3491; x_wconf 86' lang='lat' dir='ltr'><strong>Herodotum</strong></span> 
     </span>
     <span class='ocr_line' id='line_1_73' title="bbox 851 3509 1391 3572; baseline 0 -13"><span class='ocrx_word' id='word_1_448' title='bbox 851 3510 965 3571; x_wconf 86' lang='lat' dir='ltr'><strong>attinet,</strong></span> <span class='ocrx_word' id='word_1_449' title='bbox 983 3509 1127 3561; x_wconf 85' lang='lat' dir='ltr'><strong>tenendum</strong></span> <span class='ocrx_word' id='word_1_450' title='bbox 1140 3515 1196 3572; x_wconf 89' lang='lat' dir='ltr'><strong>est,</strong></span> <span class='ocrx_word' id='word_1_451' title='bbox 1212 3509 1391 3561; x_wconf 80' lang='lat' dir='ltr'><strong>Athenienses</strong></span> 
     </span>
     <span class='ocr_line' id='line_1_74' title="bbox 850 3578 1390 3631; baseline 0.004 -4"><span class='ocrx_word' id='word_1_452' title='bbox 850 3580 878 3628; x_wconf 90' lang='lat' dir='ltr'><strong>iu</strong></span> <span class='ocrx_word' id='word_1_453' title='bbox 892 3580 951 3629; x_wconf 86' lang='lat' dir='ltr'><strong>acie</strong></span> <span class='ocrx_word' id='word_1_454' title='bbox 966 3578 1116 3630; x_wconf 80' lang='lat' dir='ltr'><strong>collocatos</strong></span> <span class='ocrx_word' id='word_1_455' title='bbox 1129 3594 1221 3630; x_wconf 87' lang='lat' dir='ltr'><strong>omues</strong></span> <span class='ocrx_word' id='word_1_456' title='bbox 1235 3578 1336 3631; x_wconf 83' lang='lat' dir='ltr'><strong>milites</strong></span> <span class='ocrx_word' id='word_1_457' title='bbox 1349 3580 1390 3629; x_wconf 80' lang='lat' dir='ltr'><strong>fu·</strong></span> 
     </span>
     <span class='ocr_line' id='line_1_75' title="bbox 851 3649 1390 3714; baseline 0 -16"><span class='ocrx_word' id='word_1_458' title='bbox 851 3649 906 3699; x_wconf 87' lang='lat' dir='ltr'><strong>isse</strong></span> <span class='ocrx_word' id='word_1_459' title='bbox 930 3649 1023 3714; x_wconf 81' lang='lat' dir='ltr'><strong>gravis</strong></span> <span class='ocrx_word' id='word_1_460' title='bbox 1040 3653 1210 3712; x_wconf 86' lang='lat' dir='ltr'><strong>armaturae,</strong></span> <span class='ocrx_word' id='word_1_461' title='bbox 1236 3664 1306 3714; x_wconf 92' lang='lat' dir='ltr'><strong>quos</strong></span> <span class='ocrx_word' id='word_1_462' title='bbox 1329 3654 1390 3700; x_wconf 82' lang='lat' dir='ltr'><strong>osto</strong></span> 
     </span>
     <span class='ocr_line' id='line_1_76' title="bbox 851 3719 1390 3784; baseline 0.006 -18"><span class='ocrx_word' id='word_1_463' title='bbox 851 3719 1003 3769; x_wconf 86' lang='lat' dir='ltr'><strong>stadiorum</strong></span> <span class='ocrx_word' id='word_1_464' title='bbox 1023 3721 1143 3784; x_wconf 86' lang='lat' dir='ltr'><strong>spatium</strong></span> <span class='ocrx_word' id='word_1_465' title='bbox 1163 3719 1193 3783; x_wconf 87' lang='lat' dir='ltr'><strong>(i</strong></span> <span class='ocrx_word' id='word_1_466' title='bbox 1210 3734 1234 3770; x_wconf 85' lang='lat' dir='ltr'><strong>e.</strong></span> <span class='ocrx_word' id='word_1_467' title='bbox 1252 3719 1390 3769; x_wconf 88' lang='lat' dir='ltr'><strong>dimidium</strong></span> 
     </span>
     <span class='ocr_line' id='line_1_77' title="bbox 849 3787 1394 3867; baseline 0.004 -29"><span class='ocrx_word' id='word_1_468' title='bbox 849 3788 907 3838; x_wconf 86' lang='lat' dir='ltr'><strong>fere</strong></span> <span class='ocrx_word' id='word_1_469' title='bbox 921 3787 1003 3839; x_wconf 88' lang='lat' dir='ltr'><strong>horae</strong></span> <span class='ocrx_word' id='word_1_470' title='bbox 1013 3788 1130 3867; x_wconf 81' lang='lat' dir='ltr'><strong>itineris)</strong></span> <span class='ocrx_word' id='word_1_471' title='bbox 1143 3789 1178 3839; x_wconf 88' lang='lat' dir='ltr'><strong>ad</strong></span> <span class='ocrx_word' id='word_1_472' title='bbox 1187 3790 1286 3840; x_wconf 86' lang='lat' dir='ltr'><strong>Persas</strong></span> <span class='ocrx_word' id='word_1_473' title='bbox 1300 3804 1394 3855; x_wconf 77' lang='lat' dir='ltr'><strong>aggre-</strong></span> 
     </span>
     <span class='ocr_line' id='line_1_78' title="bbox 851 3851 1395 3925; baseline 0.007 -20"><span class='ocrx_word' id='word_1_474' title='bbox 851 3856 963 3908; x_wconf 88' lang='lat' dir='ltr'><strong>diendos</strong></span> <span class='ocrx_word' id='word_1_475' title='bbox 975 3851 1072 3925; x_wconf 84' lang='grc' dir='ltr'><strong><em>δρόμῳ</em></strong></span> <span class='ocrx_word' id='word_1_476' title='bbox 1083 3874 1206 3910; x_wconf 86' lang='lat' dir='ltr'><strong>emensos</strong></span> <span class='ocrx_word' id='word_1_477' title='bbox 1218 3874 1278 3910; x_wconf 88' lang='lat' dir='ltr'><strong>esse</strong></span> <span class='ocrx_word' id='word_1_478' title='bbox 1292 3875 1324 3910; x_wconf 87' lang='lat' dir='ltr'><strong>eo</strong></span> <span class='ocrx_word' id='word_1_479' title='bbox 1338 3874 1395 3909; x_wconf 89' lang='lat' dir='ltr'><strong>ma-</strong></span> 
     </span>
     <span class='ocr_line' id='line_1_79' title="bbox 849 3928 1391 3994; baseline 0.006 -18"><span class='ocrx_word' id='word_1_480' title='bbox 849 3928 892 3992; x_wconf 79' lang='lat' dir='ltr'><strong>gis</strong></span> <span class='ocrx_word' id='word_1_481' title='bbox 912 3929 1008 3978; x_wconf 89' lang='lat' dir='ltr'><strong>mirum</strong></span> <span class='ocrx_word' id='word_1_482' title='bbox 1023 3929 1111 3980; x_wconf 82' lang='lat' dir='ltr'><strong>videri</strong></span> <span class='ocrx_word' id='word_1_483' title='bbox 1130 3928 1255 3979; x_wconf 87' lang='lat' dir='ltr'><strong>debuit</strong></span> <span class='ocrx_word' id='word_1_484' title='bbox 1247 3944 1391 3994; x_wconf 79' lang='lat' dir='ltr'><strong>ipsumque</strong></span> 
     </span>
     <span class='ocr_line' id='line_1_80' title="bbox 850 3996 1391 4064; baseline 0.004 -18"><span class='ocrx_word' id='word_1_485' title='bbox 850 3996 999 4049; x_wconf 87' lang='lat' dir='ltr'><strong>abhorrens</strong></span> <span class='ocrx_word' id='word_1_486' title='bbox 1020 4014 1037 4048; x_wconf 87' lang='lat' dir='ltr'><strong>a</strong></span> <span class='ocrx_word' id='word_1_487' title='bbox 1054 3999 1162 4064; x_wconf 80' lang='lat' dir='ltr'><strong>vulgari</strong></span> <span class='ocrx_word' id='word_1_488' title='bbox 1185 3999 1326 4064; x_wconf 84' lang='lat' dir='ltr'><strong>pugnandi</strong></span> <span class='ocrx_word' id='word_1_489' title='bbox 1350 4014 1391 4048; x_wconf 89' lang='lat' dir='ltr'><strong>ra·</strong></span> 
     </span>
     <span class='ocr_line' id='line_1_81' title="bbox 851 4067 1389 4133; baseline 0.004 -18"><span class='ocrx_word' id='word_1_490' title='bbox 851 4067 938 4130; x_wconf 89' lang='lat' dir='ltr'><strong>tione,</strong></span> <span class='ocrx_word' id='word_1_491' title='bbox 958 4067 1009 4119; x_wconf 87' lang='lat' dir='ltr'><strong>hae</strong></span> <span class='ocrx_word' id='word_1_492' title='bbox 1028 4084 1093 4119; x_wconf 85' lang='lat' dir='ltr'><strong>roro</strong></span> <span class='ocrx_word' id='word_1_493' title='bbox 1111 4070 1173 4133; x_wconf 85' lang='lat' dir='ltr'><strong>ipsa</strong></span> <span class='ocrx_word' id='word_1_494' title='bbox 1193 4070 1221 4118; x_wconf 88' lang='lat' dir='ltr'><strong>in</strong></span> <span class='ocrx_word' id='word_1_495' title='bbox 1238 4083 1330 4133; x_wconf 81' lang='lat' dir='ltr'><strong>pugna</strong></span> <span class='ocrx_word' id='word_1_496' title='bbox 1347 4068 1389 4119; x_wconf 84' lang='lat' dir='ltr'><strong>vel</strong></span> 
     </span>
     <span class='ocr_line' id='line_1_82' title="bbox 850 4137 1390 4220; baseline 0 -34"><span class='ocrx_word' id='word_1_497' title='bbox 850 4137 961 4203; x_wconf 81' lang='lat' dir='ltr'><strong>gravius</strong></span> <span class='ocrx_word' id='word_1_498' title='bbox 970 4138 1057 4190; x_wconf 86' lang='lat' dir='ltr'><strong>videri</strong></span> <span class='ocrx_word' id='word_1_499' title='bbox 1066 4142 1183 4220; x_wconf 83' lang='lat' dir='ltr'><strong>poterat,</strong></span> <span class='ocrx_word' id='word_1_500' title='bbox 1195 4137 1267 4203; x_wconf 90' lang='lat' dir='ltr'><strong>qnod</strong></span> <span class='ocrx_word' id='word_1_501' title='bbox 1277 4153 1325 4201; x_wconf 88' lang='lat' dir='ltr'><strong>per</strong></span> <span class='ocrx_word' id='word_1_502' title='bbox 1335 4142 1390 4187; x_wconf 89' lang='lat' dir='ltr'><strong>tam</strong></span> 
     </span>
     <span class='ocr_line' id='line_1_83' title="bbox 851 4202 1390 4291; baseline -0.002 -34"><span class='ocrx_word' id='word_1_503' title='bbox 851 4207 960 4273; x_wconf 78' lang='lat' dir='ltr'><strong>longum</strong></span> <span class='ocrx_word' id='word_1_504' title='bbox 973 4210 1025 4258; x_wconf 88' lang='lat' dir='ltr'><strong>iter</strong></span> <span class='ocrx_word' id='word_1_505' title='bbox 1040 4202 1136 4291; x_wconf 84' lang='grc' dir='ltr'><strong><em>δρόμῳ</em></strong></span> <span class='ocrx_word' id='word_1_506' title='bbox 1150 4208 1336 4257; x_wconf 84' lang='lat' dir='ltr'><strong>emetiendum</strong></span> <span class='ocrx_word' id='word_1_507' title='bbox 1351 4207 1390 4256; x_wconf 86' lang='lat' dir='ltr'><strong>fs·</strong></span> 
     </span>
     <span class='ocr_line' id='line_1_84' title="bbox 850 4270 1389 4342; baseline 0.002 -16"><span class='ocrx_word' id='word_1_508' title='bbox 850 4275 902 4326; x_wconf 83' lang='lat' dir='ltr'><strong>sile</strong></span> <span class='ocrx_word' id='word_1_509' title='bbox 919 4278 1028 4328; x_wconf 86' lang='lat' dir='ltr'><strong>ordines</strong></span> <span class='ocrx_word' id='word_1_510' title='bbox 1045 4278 1116 4328; x_wconf 81' lang='lat' dir='ltr'><strong>aciei</strong></span> <span class='ocrx_word' id='word_1_511' title='bbox 1138 4270 1291 4342; x_wconf 81' lang='lat' dir='ltr'><strong>perturbari</strong></span> <span class='ocrx_word' id='word_1_512' title='bbox 1314 4276 1389 4327; x_wconf 87' lang='lat' dir='ltr'><strong>inde·</strong></span> 
     </span>
     <span class='ocr_line' id='line_1_85' title="bbox 850 4345 1389 4412; baseline -0.004 -15"><span class='ocrx_word' id='word_1_513' title='bbox 850 4361 902 4410; x_wconf 89' lang='lat' dir='ltr'><strong>que</strong></span> <span class='ocrx_word' id='word_1_514' title='bbox 920 4347 1021 4412; x_wconf 79' lang='lat' dir='ltr'><strong>singuli</strong></span> <span class='ocrx_word' id='word_1_515' title='bbox 1044 4349 1132 4398; x_wconf 87' lang='lat' dir='ltr'><strong>minus</strong></span> <span class='ocrx_word' id='word_1_516' title='bbox 1160 4347 1219 4412; x_wconf 89' lang='lat' dir='ltr'><strong>apti</strong></span> <span class='ocrx_word' id='word_1_517' title='bbox 1244 4345 1308 4396; x_wconf 86' lang='lat' dir='ltr'><strong>sd</strong></span> <span class='ocrx_word' id='word_1_518' title='bbox 1301 4361 1389 4411; x_wconf 77' lang='lat' dir='ltr'><strong>ipsam</strong></span> 
     </span>
    </p>
   </div>
   <div class='ocr_carea' id='block_1_8' title="bbox 259 4409 1435 4549">
    <p class='ocr_par' dir='ltr' id='par_1_9' title="bbox 259 4409 1435 4549">
     <span class='ocr_line' id='line_1_86' title="bbox 259 4409 1435 4514; baseline 0.006 -56"><span class='ocrx_word' id='word_1_519' title='bbox 259 4409 294 4458; x_wconf 92' lang='lat' dir='ltr'><strong>ad</strong></span> <span class='ocrx_word' id='word_1_520' title='bbox 310 4409 668 4473; x_wconf 86' lang='lat' dir='ltr'><strong>milleequitnmnumernm.</strong></span> <span class='ocrx_word' id='word_1_521' title='bbox 692 4415 801 4464; x_wconf 89' lang='lat' dir='ltr'><strong>Monuit</strong></span> <span class='ocrx_word' id='word_1_522' title='bbox 849 4431 966 4480; x_wconf 80' lang='lat' dir='ltr'><strong>pugnam</strong></span> <span class='ocrx_word' id='word_1_523' title='bbox 981 4418 1110 4467; x_wconf 79' lang='lat' dir='ltr'><strong>accedero</strong></span> <span class='ocrx_word' id='word_1_524' title='bbox 1125 4420 1262 4483; x_wconf 86' lang='lat' dir='ltr'><strong>poterant.</strong></span> <span class='ocrx_word' id='word_1_525' title='bbox 1298 4415 1435 4514; x_wconf 81' lang='lat' dir='ltr'><strong>Quare</strong></span> 
     </span>
     <span class='ocr_line' id='line_1_87' title="bbox 259 4477 1387 4549; baseline 0.006 -21"><span class='ocrx_word' id='word_1_526' title='bbox 259 4477 290 4528; x_wconf 79' lang='lat'><strong>0.</strong></span> <span class='ocrx_word' id='word_1_527' title='bbox 310 4479 552 4531; x_wconf 81' lang='lat' dir='ltr'><strong>F.Hermann&#39;1n</strong></span> <span class='ocrx_word' id='word_1_528' title='bbox 574 4481 740 4534; x_wconf 77' lang='lat' dir='ltr'><strong>Schediasm.</strong></span> <span class='ocrx_word' id='word_1_529' title='bbox 766 4484 799 4536; x_wconf 88' lang='lat' dir='ltr'><strong>de</strong></span> <span class='ocrx_word' id='word_1_530' title='bbox 848 4484 940 4535; x_wconf 80' lang='lat' dir='ltr'><strong>Leslre</strong></span> <span class='ocrx_word' id='word_1_531' title='bbox 971 4485 1035 4549; x_wconf 86' lang='lat' dir='ltr'><strong>(Die</strong></span> <span class='ocrx_word' id='word_1_532' title='bbox 1055 4486 1160 4539; x_wconf 88' lang='lat' dir='ltr'><strong>Demen</strong></span> <span class='ocrx_word' id='word_1_533' title='bbox 1183 4485 1307 4536; x_wconf 82' lang='lat' dir='ltr'><strong>Attika&#39;s</strong></span> <span class='ocrx_word' id='word_1_534' title='bbox 1334 4489 1387 4538; x_wconf 82' lang='lat' dir='ltr'><strong>eto.</strong></span> 
     </span>
    </p>
   </div>
   <div class='ocr_carea' id='block_1_9' title="bbox 0 0 1558 5175">
    <p class='ocr_par' dir='ltr' id='par_1_10' title="bbox 0 0 1558 5175">
     <span class='ocr_line' id='line_1_88' title="bbox 0 0 1558 5175; baseline 0 0"><span class='ocrx_word' id='word_1_535' title='bbox 0 0 1558 5175; x_wconf 95' lang='lat' dir='ltr'><strong> </strong></span> 
     </span>
    </p>
   </div>
  </div>
 </body>
</html>
