3100 5175
493 419 863 482 TERPSIGHORE.
885 421 922 483 V.
943 432 969 486 9.
1260 423 1298 481 15

151 595 367 683 χρεωμένους
394 599 545 684 Μηδικῇ.
588 591 666 674 τούς
693 594 731 664 δὲ
757 600 883 673 ἵππους
910 591 1023 664 αὐτῶν
1050 593 1137 664 εἶναι
1164 602 1299 676 λασίους

152 694 245 765 ἅπαν
272 695 310 766 τὸ
332 701 444 785 σῶμα,
472 700 526 767 ἐπὶ
553 701 652 768 πέντε
673 698 859 778 δακτύλους
887 697 924 769 vt
945 698 1054 786 βάθος
1077 702 1145 766 τῶν
1164 703 1297 788 τριχῶν,

152 799 317 890 σμικροὺς
332 801 369 870 δὲ
384 803 440 870 καὶ
454 800 571 891 σιμοὺς
586 804 642 871 καὶ
656 800 846 883 ἀδυνάτους
859 799 985 891 ἄνδρας
999 806 1132 892 φέρειν·
1159 811 1297 890 ζευγνυ-

152 907 277 994 μένους
293 905 329 974 δὲ
343 900 406 973 ὑπ’
421 901 551 993 ἅρματα
569 901 866 992 εἶναιόξυτοίτους,
890 901 1151 995 ἁρματηλατέειν
1165 906 1202 974 δὲ
1216 905 1299 990 πρὸς

152 1013 260 1077 ταῦτα
273 1006 352 1088 τοὺς
366 1011 572 1096 ἐπιχωρίους.
600 1008 756 1098 κατήκειν
772 1011 809 1079 δὲ
824 1008 952 1080 τούτων
966 1009 1044 1089 τούς
1057 1006 1180 1098 οὔρους
1193 1005 1298 1098 αγχοῦ

149 1107 294 1181 Ἐνετῶν
316 1116 385 1181 τοῖν
405 1115 442 1181 ἐν
463 1117 511 1205 τῷ
529 1110 651 1202 Ἀδρίῃ.
689 1112 775 1182 εἶναι
799 1114 836 1182 δὲ
856 1112 990 1202 Μήδων
1014 1116 1119 1201 σφέας
1138 1109 1298 1193 ἀποίκους

152 1276 357 1329 Commemorat
372 1282 480 1343 gentem
496 1294 604 1346 quoque
621 1277 704 1343 Apol·
754 1278 828 1345 berg.
844 1278 921 1345 1803)
939 1296 1000 1347 pag.
1009 1281 1125 1343 19-25,
1142 1247 1296 1330 Eiehwald:

150 1346 244 1398 lonius
255 1347 409 1399 Rhodiusl.
423 1348 442 1397 l.
454 1364 508 1399 una
522 1365 581 1399 cnm
593 1349 703 1413 Scythis
753 1350 816 1400 alre
827 1350 997 1416 Geographie
1012 1352 1038 1403 d.
1050 1350 1218 1416 Caspischen
1227 1352 1298 1401 Mee-

152 1423 181 1467 et
196 1418 360 1472 Thracibus
398 1420 524 1469 Errorem
537 1420 641 1469 Zosrmr
653 1419 701 1479 IV
752 1434 796 1468 res
809 1435 870 1485 pag.
885 1421 952 1484 254,
974 1421 1073 1472 Vivien
1087 1422 1120 1471 de
1133 1420 1223 1470 Sarni
1225 1422 1296 1471 Mar

150 1489 202 1550 20,
216 1488 249 1537 de
260 1490 337 1554 equis
352 1504 422 1553 quae
436 1488 531 1539 retulit
543 1490 653 1552 Noster,
665 1489 700 1537 ad
752 1490 794 1538 tin
806 1490 933 1554 (Journal
943 1457 990 1540 des
1000 1492 1126 1556 Voyages
1140 1490 1214 1540 1847.
1226 1491 1296 1541 Jnil·

151 1557 277 1608 homines
306 1558 496 1609 transferentis
518 1558 635 1624 indeque
658 1558 700 1608 Si·
751 1558 790 1608 let
802 1575 864 1624 pag.
873 1559 927 1625 29),
944 1560 1002 1623 alii,
1014 1563 1203 1625 quicingaros
1215 1559 1296 1611 hosce

151 1642 260 1692 gynnos
272 1628 434 1678 Hunnorum
449 1628 553 1678 abavoe
569 1628 699 1678 dictitan-
751 1644 784 1678 ex
802 1630 882 1679 lndia
905 1635 1047 1695 repetunt,
1072 1646 1106 1682 ex
1126 1645 1180 1694 qua
1201 1630 1297 1679 eadem

150 1698 189 1746 tis
208 1697 309 1748 dudum
327 1703 459 1749 notarunt
476 1698 639 1764 wesseling.
660 1701 701 1747 at·
751 1702 826 1749 terra
848 1699 986 1764 Sigynnos
1009 1701 1095 1765 repeti
1116 1699 1177 1750 vult
1191 1700 1295 1749 Ritter:

151 1781 206 1832 quc
231 1767 368 1818 Gatterer.
402 1768 575 1833 (Commentt.
601 1768 699 1818 societ.
750 1768 900 1819 Erdkunde
912 1770 948 1818 Il.
962 1785 1025 1834 pag.
1041 1769 1102 1820 060.
1137 1771 1225 1831 Quam
1240 1770 1295 1834 opi·

152 1837 280 1902 Gotting.
293 1838 327 1887 T.
335 1839 408 1887 XIV.
422 1840 511 1903 pagi
523 1839 620 1904 seqq).
632 1839 700 1887 Lar·
751 1839 859 1890 nionem
887 1839 969 1888 certis
991 1839 1160 1905 argumentis
1180 1838 1295 1889 destitu-

151 1906 263 1956 eherum
286 1907 310 1956 si
330 1922 489 1974 sequamur,
518 1908 699 1974 Sigynnorum
750 1914 886 1960 tamesae
908 1910 977 1958 satis
996 1925 1029 1959 ex
1053 1911 1088 1961 iis
1109 1909 1295 1973 cognoscitur,

151 1992 220 2042 gens
232 1993 249 2027 a
260 1977 448 2042 septentrione
460 1978 555 2027 habuit
566 1978 699 2044 Carpates
750 1993 821 2044 quae
835 1979 868 2029 de
881 1978 1059 2044 Cingarorum
1070 1980 1174 2043 origine
1188 1977 1296 2028 subtili·

151 2050 274 2103 montes,
299 2063 316 2096 a
333 2048 448 2097 meridie
467 2048 641 2113 Danubium,
664 2048 699 2097 ad
750 2051 794 2098 ter
807 2047 937 2098 disseruit
950 2050 1028 2097 Pott:
1050 2050 1104 2098 Die
1116 2049 1248 2112 Ziganner
1266 2048 1294 2097 in

151 2132 232 2181 quem
244 2132 330 2182 nsque
345 2118 437 2168 Veneti
450 2116 494 2184 (de
508 2118 607 2183 quibus
622 2118 695 2168 cons,
750 2119 862 2183 Europa
873 2134 900 2171 u.
912 2118 995 2168 Asien
1008 2118 1029 2169 1.
1040 2135 1067 2183 p.
1079 2120 1113 2168 55
1125 2133 1202 2182 seqq.
1216 2132 1294 2182 prae-

151 2187 175 2248 1,
194 2187 270 2250 ltu),
285 2202 391 2236 omnem
408 2187 470 2237 olim
482 2188 604 2238 Hadriae
622 2202 698 2238 oram
749 2189 830 2252 cipue
850 2203 915 2252 pag.
936 2186 970 2237 59
986 2204 1042 2253 seq.
1061 2188 1123 2239 coll.
1143 2188 1293 2254 Czoernig:

150 2271 185 2305 ac
194 2261 321 2322 regiones
331 2257 490 2308 adiacentes
499 2262 699 2322 tenentes‚p0r-
749 2256 955 2322 Ethnographie
980 2257 1028 2308 der
1052 2257 1209 2308 osterreich.
1234 2258 1294 2307 Mo-

149 2328 222 2375 reeti
239 2332 332 2389 erant,
354 2327 388 2376 ab
409 2330 513 2379 oriente
529 2327 699 2392 Agathyrsos
750 2327 844 2378 narch.
861 2327 900 2378 ll.
919 2342 983 2392 pag.
1002 2328 1059 2381 122,
1095 2329 1189 2378 Missis
1209 2328 1294 2392 igitur

151 2396 180 2444 in
198 2396 400 2461 Transylvauia
419 2403 513 2449 nostra
530 2397 698 2447 habitantes.
749 2397 884 2461 Cingaris,
898 2412 1011 2461 qnorum
1021 2397 1096 2447 nulla
1107 2401 1181 2448 certe
1191 2398 1293 2446 mentio

148 2464 252 2515 Planos
262 2467 424 2532 Hungariae
435 2482 545 2532 campos
555 2467 626 2517 hanc
635 2483 699 2532 gen·
749 2468 778 2516 in
790 2467 925 2516 Herodoti
942 2466 1033 2529 libris,
1056 2469 1180 2532 praestat
1200 2468 1293 2532 utique

148 2540 207 2584 tem
231 2537 420 2601 nomadicam‚
446 2542 478 2588 ut
503 2537 625 2602 videtur,
656 2546 698 2586 te·
748 2537 1170 2602 inessententiaacquiescere‚
1186 2537 1309 2603 (111484-

149 2606 245 2656 nuisss
268 2610 368 2657 statuit
390 2623 497 2674 quoque
514 2609 613 2657 Zeuss:
643 2608 697 2657 Die
747 2608 845 2673 gyani,
859 2623 925 2672 gens
936 2607 1095 2667 nomadica,
1107 2607 1294 2659 exllsiaeme·

148 2676 316 2728 Germana.
326 2676 624 2743 ihreNachharst.pag.
634 2677 695 2728 279.
747 2677 810 2727 diae
822 2678 979 2741 regionibus
992 2677 1055 2726 olim
1070 2677 1199 2743 proiecti,
1219 2685 1294 2742 post-

147 2747 246 2811 Neque
260 2762 326 2797 sane
338 2747 486 2812 quidquam
499 2748 627 2814 impedit,
642 2762 695 2812 qno
747 2747 797 2797 hac
809 2748 1001 2813 inHungariae
1011 2747 1127 2812 planitie
1136 2749 1294 2799 consedisse

147 2817 239 2865 minus
268 2816 339 2867 hane
365 2823 474 2883 gentem
504 2834 519 2867 e
550 2818 695 2882 primitivis
746 2822 888 2883 putantur.
926 2817 1005 2880 Quod
1026 2818 1060 2868 de
1080 2821 1173 2882 equis,
1194 2817 1293 2882 quibus

146 2886 235 2936 Asiae
259 2885 369 2936 sedibus
385 2887 491 2952 pulsam
510 2887 538 2936 in
552 2888 622 2938 hanc
639 2886 696 2952 pla-
746 2887 861 2952 Sigyuni
872 2891 1001 2950 utuntur,
1018 2887 1125 2937 villosis
1143 2903 1175 2936 ae
1190 2887 1293 2950 parvis,

147 2956 247 3005 nitiem
259 2957 429 3022 immigrasse
439 2958 530 3023 ibique
540 2956 695 3008 consedisse
747 2959 844 3007 scribit
853 2956 1024 3016 Herodotus,
1040 2955 1114 3005 hand
1123 2955 1241 3005 alienum
1253 2959 1294 3004 vi-

147 3025 294 3077 credamus
314 3042 462 3093 verumque
478 3028 538 3078 esse
556 3029 696 3077 existime—
747 3027 841 3077 detur:
859 3026 883 3075 si
896 3026 1005 3091 quidem
1020 3024 1109 3075 adhuc
1121 3025 1150 3073 in
1162 3025 1204 3073 his
1217 3025 1294 3073 Hun-

145 3110 223 3158 mus,
253 3096 326 3160 quod
352 3097 407 3162 ipsi
428 3098 545 3163 Sigynui
567 3113 584 3147 a
607 3096 698 3147 Medis
745 3096 841 3161 garine
861 3095 1018 3161 regionibus
1039 3094 1102 3159 equi
1122 3100 1293 3160 parraesta·

145 3165 289 3231 profectos
307 3182 336 3217 se
348 3166 505 3231 perhibent;
524 3167 596 3217 coni.
614 3167 697 3216 etiam
747 3172 825 3217 turae
835 3164 991 3231 plerumque
1003 3165 1186 3230 reperiuntur,
1199 3164 1294 3230 quales

145 3235 230 3301 plura
257 3236 441 3301 proferentem
463 3236 644 3287 Dieienbach.
667 3236 697 3285 in
747 3234 1293 3299 etiaminterrisvicinisPolouiae‚Vol-

145 3304 262 3356 Celtiec.
278 3306 315 3355 11.
329 3322 392 3371 pag.
405 3306 440 3358 30
452 3323 521 3371 seq„
538 3308 585 3371 qui
599 3307 695 3372 Sigyn-
746 3306 847 3371 hyniae
863 3310 891 3356 et
906 3306 1025 3356 Russiae
1041 3305 1229 3355 meridionalis
1246 3303 1293 3354 ad·

144 3390 198 3426 nos
219 3375 264 3425 vel
289 3376 325 3425 ad
342 3376 444 3442 Ligyes
462 3377 627 3441 pertinuisse
652 3375 696 3426 vel
746 3376 874 3428 hibentur
888 3375 924 3426 ad
939 3376 1033 3426 varios
1046 3376 1121 3427 vitae
1137 3390 1220 3426 usus:
1244 3390 1292 3425 ne-

143 3460 203 3496 una
216 3444 334 3496 cumbis
346 3462 379 3496 ex
392 3446 459 3497 Asia
471 3448 632 3498 discessisse
647 3457 696 3511 pu·
745 3462 797 3513 que
811 3446 935 3512 proiecto
955 3462 1023 3512 opus
1041 3446 1093 3496 erit
1115 3447 1240 3512 cogitare
1259 3444 1293 3495 de

145 3519 200 3565 tat.
233 3514 303 3565 Inde
320 3514 442 3566 Celticae
465 3517 559 3582 stirpis
585 3524 695 3579 gentem
745 3519 823 3582 equis
842 3516 931 3567 brevis
952 3521 1088 3575 staturae,
1114 3532 1182 3581 quos
1201 3516 1294 3565 Pontes

143 3585 234 3636 fuisse
249 3585 406 3650 suspicatur
417 3586 543 3637 Luelren:
563 3588 616 3638 Die
629 3587 695 3636 Eiu-
744 3591 847 3638 vocant
864 3587 1014 3652 quibusque
1036 3602 1084 3650 per
1102 3586 1229 3637 Sueciam
1251 3585 1293 3634 uti

144 3654 206 3704 heit
222 3655 271 3704 des
287 3655 538 3720 Meusehengeschl.
553 3671 616 3721 pag.
634 3655 693 3707 134.
745 3656 1073 3707 dicunturaWheelero:
1087 3655 1295 3722 Geographyoi

143 3724 221 3775 Nihil
240 3725 310 3775 certi
326 3726 485 3789 pronuntiat
500 3726 583 3775 Hahn
598 3725 694 3790 (Alba
745 3727 877 3777 Herodot
873 3741 961 3806 pag
982 3726 1094 3777 179.-
1119 3726 1152 3775 In
1157 3725 1293 3805 proxime

143 3810 204 3845 nes
218 3794 333 3845 Stndren
345 3811 407 3860 pag
419 3793 492 3859 sut),
505 3796 641 3861 Sigynuos
652 3811 695 3845 ra
746 3812 822 3862 seqq.
846 3785 941 3844 urirrov
966 3795 1029 3846 dedi
1056 3810 1105 3861 pro
1129 3787 1237 3844 αυτέτον
1265 3799 1293 3845 et

145 3869 193 3915 tus
213 3880 231 3913 a
250 3864 403 3930 primariis,
426 3866 524 3947 quibus
546 3866 695 3915 utebantur
746 3867 829 3931 paulo
858 3866 929 3916 inira
951 3858 1062 3943 ruptus
1084 3881 1132 3931 pro
1159 3858 1291 3914 τουτέων.

144 3936 245 3993 armis.
268 3950 367 3985 nomen
389 3935 530 4000 accepisse
548 3951 635 4001 aeque
653 3940 695 3985 at-
746 3938 800 3986 Pro
815 3936 887 4001 vulg
898 3950 1018 3999 μικρους
1029 3951 1129 4001 scripsi
1142 3928 1291 4014 σμικρούςς

144 4021 221 4070 que
222 4003 352 4067 Curetes,
379 4005 517 4067 Quirites,
546 4006 695 4067 Samnites,
746 4006 783 4056 ci
797 4006 911 4056 Bredov
926 4022 951 4070 p.
966 4007 1023 4056 121.
1039 4007 1096 4058 122,
1110 3998 1294 4067 οιμουςδῑκίλ

143 4060 277 4125 Sabinos.
314 4075 355 4125 Ad
372 4074 506 4125 Medicam
525 4076 637 4141 stirpem
655 4076 696 4126 si·
746 4078 860 4138 Noster,
879 4074 1293 4142 quosendemvoesLatinesic

145 4145 234 4210 gynni
251 4143 349 4218 reterri
367 4159 448 4209 posse
463 4144 591 4195 videntur
607 4147 699 4211 Koep-
749 4145 1008 4228 quoquedesignare
1018 4144 1135 4195 solemus
1142 4143 1208 4208 ,qni
1219 4158 1294 4207 pres·

144 4229 229 4279 penio
243 4229 286 4263 1n
304 4214 393 4267 Wien
402 4214 518 4265 Jahrbb.
530 4215 589 4264 XX.
600 4230 626 4279 p
634 4215 696 4269 328.
749 4217 788 4265 sis
805 4220 886 4265 utun
888 4231 919 4265 ur
939 4215 1065 4275 naribus;
1085 4214 1139 4264 rid.
1158 4213 1290 4263 T.hesaur

144 4284 202 4333 Alii
220 4284 339 4348 denique
352 4284 489 4350 Sigynnos
508 4300 557 4348 pro
576 4286 699 4347 Cingere·
748 4285 828 4349 Ling.
837 4285 933 4335 Graec.
940 4285 1003 4334 Vll.
1019 4301 1045 4349 p.
1054 4283 1158 4335 sured.
1166 4281 1292 4333 Dindorf.

144 4370 199 4403 τινα
206 4353 425 4419 ,quidicurrtur,
440 4354 591 4405 maioribus
603 4353 699 4405 haberi
747 4355 789 4404 Ad
803 4355 887 4404 verbu
903 4345 932 4403 ἕν
943 4368 981 4402 τω
972 4348 1082 4419 Αδριη
1093 4353 1166 4406 coni
1176 4356 1245 4403 nott.
1258 4353 1293 4403 ad

144 4424 261 4475 uolunt:
275 4424 331 4474 vid
339 4424 545 4489 potissimuml.
554 4424 696 4475 G.Hasse·
748 4425 770 4478 1,
790 4423 838 4474 103
853 4428 880 4474 et
891 4425 938 4483 IV
954 4424 996 4475 33
1032 4424 1292 4541 Adusumlrraep‘q:

143 4494 310 4560 Zigeuner'
301 4508 339 4544 rm
350 4494 481 4545 Herodot.
499 4498 553 4545 etc.
568 4494 697 4560 (Kiinigs-
748 4486 934 4545 sitionislrri
928 4510 954 4543 m
967 4494 1073 4544 verbis.
1091 4488 1137 4542 tut
1148 4506 1169 4540 π
1184 4506 1280 4541 stru
