<?xml version="1.0" encoding="UTF-8"?>
<!DOCTYPE html PUBLIC "-//W3C//DTD XHTML 1.0 Transitional//EN"
    "http://www.w3.org/TR/xhtml1/DTD/xhtml1-transitional.dtd">
<html xmlns="http://www.w3.org/1999/xhtml" xml:lang="en" lang="en">
 <head>
  <title>
</title>
<meta http-equiv="Content-Type" content="text/html;charset=utf-8" />
  <meta name='ocr-system' content='tesseract 3.04.00' />
  <meta name='ocr-capabilities' content='ocr_page ocr_carea ocr_par ocr_line ocrx_word'/>
</head>
<body>
  <div class='ocr_page' id='page_1' title='image "./herodotihalicar01unkngoog/herodotihalicar01unkngoog_0766.png"; bbox 0 0 3100 5175; ppageno 0'>
   <div class='ocr_carea' id='block_1_1' title="bbox 280 428 981 493">
    <p class='ocr_par' dir='ltr' id='par_1_1' title="bbox 280 428 981 493">
     <span class='ocr_line' id='line_1_1' title="bbox 280 428 981 493; baseline 0.003 -3"><span class='ocrx_word' id='word_1_1' title='bbox 280 428 341 491; x_wconf 81' lang='lat'><strong>754</strong></span> <span class='ocrx_word' id='word_1_2' title='bbox 713 429 981 493; x_wconf 83' lang='lat' dir='ltr'>HERODOTI</span> 
     </span>
    </p>
   </div>
   <div class='ocr_carea' id='block_1_2' title="bbox 216 603 1428 1944">
    <p class='ocr_par' dir='ltr' id='par_1_2' title="bbox 216 603 1428 1944">
     <span class='ocr_line' id='line_1_2' title="bbox 280 603 1421 696; baseline -0.004 -19"><span class='ocrx_word' id='word_1_3' title='bbox 280 611 386 696; x_wconf 85' lang='grc' dir='ltr'><strong>μενοῦ</strong></span> <span class='ocrx_word' id='word_1_4' title='bbox 404 632 440 675; x_wconf 83' lang='grc' dir='ltr'><strong>τε</strong></span> <span class='ocrx_word' id='word_1_5' title='bbox 459 610 517 693; x_wconf 79' lang='grc' dir='ltr'><strong>τῆς</strong></span> <span class='ocrx_word' id='word_1_6' title='bbox 536 603 714 694; x_wconf 76' lang='grc' dir='ltr'><strong>Ἀρκαδίης</strong></span> <span class='ocrx_word' id='word_1_7' title='bbox 737 615 843 676; x_wconf 84' lang='grc' dir='ltr'><strong><em>είκοσι</em></strong></span> <span class='ocrx_word' id='word_1_8' title='bbox 862 608 920 674; x_wconf 78' lang='grc' dir='ltr'><strong><em>καὶ</em></strong></span> <span class='ocrx_word' id='word_1_9' title='bbox 935 604 1073 690; x_wconf 82' lang='grc' dir='ltr'><strong><em>ἑκατόν,</em></strong></span> <span class='ocrx_word' id='word_1_10' title='bbox 1099 606 1155 673; x_wconf 78' lang='grc' dir='ltr'><strong><em>καί</em></strong></span> <span class='ocrx_word' id='word_1_11' title='bbox 1177 608 1213 674; x_wconf 84' lang='grc' dir='ltr'><strong>ἐκ</strong></span> <span class='ocrx_word' id='word_1_12' title='bbox 1229 609 1287 691; x_wconf 77' lang='grc' dir='ltr'><strong>τῆς</strong></span> <span class='ocrx_word' id='word_1_13' title='bbox 1303 607 1421 692; x_wconf 78' lang='grc' dir='ltr'><strong><em>λοιπῆς</em></strong></span> 
     </span>
     <span class='ocr_line' id='line_1_3' title="bbox 277 706 1421 799; baseline -0.002 -20"><span class='ocrx_word' id='word_1_14' title='bbox 277 709 454 799; x_wconf 82' lang='grc' dir='ltr'><strong><em>Ἀρκαδίης</em></strong></span> <span class='ocrx_word' id='word_1_15' title='bbox 474 718 589 797; x_wconf 79' lang='grc' dir='ltr'><strong><em>χίλιοι·</em></strong></span> <span class='ocrx_word' id='word_1_16' title='bbox 619 717 773 780; x_wconf 84' lang='grc' dir='ltr'><strong><em>τοσοῦτοι</em></strong></span> <span class='ocrx_word' id='word_1_17' title='bbox 794 709 857 799; x_wconf 66' lang='grc' dir='ltr'><strong><em>μὲν</em></strong></span> <span class='ocrx_word' id='word_1_18' title='bbox 871 707 1061 795; x_wconf 76' lang='grc' dir='ltr'><strong><em>Ἀρκάδων·</em></strong></span> <span class='ocrx_word' id='word_1_19' title='bbox 1097 706 1163 778; x_wconf 69' lang='lat' dir='ltr'><strong>cini</strong></span> <span class='ocrx_word' id='word_1_20' title='bbox 1185 708 1223 778; x_wconf 70' lang='grc' dir='ltr'><strong>δὲ</strong></span> <span class='ocrx_word' id='word_1_21' title='bbox 1243 716 1421 795; x_wconf 80' lang='grc' dir='ltr'><strong><em>Κορίνθου</em></strong></span> 
     </span>
     <span class='ocr_line' id='line_1_4' title="bbox 281 812 1422 903; baseline -0.006 -17"><span class='ocrx_word' id='word_1_22' title='bbox 281 814 508 903; x_wconf 78' lang='grc' dir='ltr'><strong><em>τετρακόσιοι,</em></strong></span> <span class='ocrx_word' id='word_1_23' title='bbox 536 814 593 883; x_wconf 81' lang='grc' dir='ltr'><strong><em>καὶ</em></strong></span> <span class='ocrx_word' id='word_1_24' title='bbox 618 812 684 885; x_wconf 84' lang='grc' dir='ltr'><strong><em>ἀπὸ</em></strong></span> <span class='ocrx_word' id='word_1_25' title='bbox 704 819 890 896; x_wconf 75' lang='grc' dir='ltr'><strong><em>Φλιοῦντος</em></strong></span> <span class='ocrx_word' id='word_1_26' title='bbox 917 814 1099 902; x_wconf 88' lang='grc' dir='ltr'><strong><em>διηκόσιοι,</em></strong></span> <span class='ocrx_word' id='word_1_27' title='bbox 1129 814 1185 881; x_wconf 80' lang='grc' dir='ltr'><strong><em>καὶ</em></strong></span> <span class='ocrx_word' id='word_1_28' title='bbox 1205 817 1422 899; x_wconf 77' lang='grc' dir='ltr'><strong><em>Μυκηναίων</em></strong></span> 
     </span>
     <span class='ocr_line' id='line_1_5' title="bbox 283 908 1422 1007; baseline -0.006 -18"><span class='ocrx_word' id='word_1_29' title='bbox 283 916 488 1007; x_wconf 74' lang='grc' dir='ltr'><strong><em>ὀγδώκοντα.</em></strong></span> <span class='ocrx_word' id='word_1_30' title='bbox 504 948 508 955; x_wconf 92' lang='grc'><em>·</em></span> <span class='ocrx_word' id='word_1_31' title='bbox 524 908 617 987; x_wconf 84' lang='grc' dir='ltr'><strong><em>οὗτοι</em></strong></span> <span class='ocrx_word' id='word_1_32' title='bbox 639 919 702 1007; x_wconf 72' lang='grc' dir='ltr'><strong><em>μὲν</em></strong></span> <span class='ocrx_word' id='word_1_33' title='bbox 721 915 788 987; x_wconf 86' lang='grc' dir='ltr'><strong>όπό</strong></span> <span class='ocrx_word' id='word_1_34' title='bbox 810 917 1076 1006; x_wconf 80' lang='grc' dir='ltr'><strong><em>Πελοποννήσου</em></strong></span> <span class='ocrx_word' id='word_1_35' title='bbox 1097 922 1262 1005; x_wconf 80' lang='grc' dir='ltr'><strong><em>παρῆσαν.</em></strong></span> <span class='ocrx_word' id='word_1_36' title='bbox 1297 912 1366 984; x_wconf 86' lang='grc' dir='ltr'><strong><em>όπδ</em></strong></span> <span class='ocrx_word' id='word_1_37' title='bbox 1387 914 1422 982; x_wconf 67' lang='grc' dir='ltr'><strong>δὲ</strong></span> 
     </span>
     <span class='ocr_line' id='line_1_6' title="bbox 284 1019 1422 1109; baseline -0.008 -15"><span class='ocrx_word' id='word_1_38' title='bbox 284 1028 459 1107; x_wconf 75' lang='grc' dir='ltr'><strong><em>Βοιωτῶν,</em></strong></span> <span class='ocrx_word' id='word_1_39' title='bbox 486 1023 662 1092; x_wconf 74' lang='grc' dir='ltr'><strong><em>Θεσπιέων</em></strong></span> <span class='ocrx_word' id='word_1_40' title='bbox 681 1048 718 1092; x_wconf 83' lang='grc' dir='ltr'><strong>τε</strong></span> <span class='ocrx_word' id='word_1_41' title='bbox 740 1021 930 1093; x_wconf 78' lang='grc' dir='ltr'><strong><em>ἑπτακόσιοι</em></strong></span> <span class='ocrx_word' id='word_1_42' title='bbox 949 1024 1007 1090; x_wconf 81' lang='grc' dir='ltr'><strong><em>καί</em></strong></span> <span class='ocrx_word' id='word_1_43' title='bbox 1022 1027 1183 1109; x_wconf 84' lang='grc' dir='ltr'><strong><em>Θηβαίων</em></strong></span> <span class='ocrx_word' id='word_1_44' title='bbox 1201 1019 1422 1107; x_wconf 81' lang='grc' dir='ltr'><strong><em>τετρακόσιοι.</em></strong></span> 
     </span>
     <span class='ocr_line' id='line_1_7' title="bbox 216 1121 1423 1215; baseline -0.003 -21"><span class='ocrx_word' id='word_1_45' title='bbox 216 1131 277 1194; x_wconf 82' lang='lat'><strong>203</strong></span> <span class='ocrx_word' id='word_1_46' title='bbox 286 1125 376 1215; x_wconf 83' lang='grc' dir='ltr'><strong><em>Πρὸς</em></strong></span> <span class='ocrx_word' id='word_1_47' title='bbox 400 1125 549 1195; x_wconf 88' lang='grc' dir='ltr'><strong><em>τοότοισι</em></strong></span> <span class='ocrx_word' id='word_1_48' title='bbox 578 1128 750 1214; x_wconf 75' lang='grc' dir='ltr'><strong><em>ἐπίκλητοι</em></strong></span> <span class='ocrx_word' id='word_1_49' title='bbox 777 1128 933 1213; x_wconf 75' lang='grc' dir='ltr'><strong><em>ἐγένοντο</em></strong></span> <span class='ocrx_word' id='word_1_50' title='bbox 958 1134 1086 1212; x_wconf 86' lang='grc' dir='ltr'><strong><em>Λοκροί</em></strong></span> <span class='ocrx_word' id='word_1_51' title='bbox 1108 1152 1144 1193; x_wconf 85' lang='grc' dir='ltr'><strong>τε</strong></span> <span class='ocrx_word' id='word_1_52' title='bbox 1173 1129 1207 1193; x_wconf 79' lang='lat' dir='ltr'><strong>oi</strong></span> <span class='ocrx_word' id='word_1_53' title='bbox 1230 1121 1423 1192; x_wconf 73' lang='grc' dir='ltr'><strong><em>Ὀπούντιοι</em></strong></span> 
     </span>
     <span class='ocr_line' id='line_1_8' title="bbox 285 1227 1425 1318; baseline -0.005 -17"><span class='ocrx_word' id='word_1_54' title='bbox 285 1234 492 1318; x_wconf 78' lang='grc' dir='ltr'><strong><em>πανστρατιῇ</em></strong></span> <span class='ocrx_word' id='word_1_55' title='bbox 507 1230 562 1299; x_wconf 79' lang='grc' dir='ltr'><strong><em>καὶ</em></strong></span> <span class='ocrx_word' id='word_1_56' title='bbox 574 1233 723 1301; x_wconf 78' lang='grc' dir='ltr'><strong><em>Φωκίων</em></strong></span> <span class='ocrx_word' id='word_1_57' title='bbox 735 1237 847 1318; x_wconf 82' lang='grc' dir='ltr'><strong><em>χίλιοι.</em></strong></span> <span class='ocrx_word' id='word_1_58' title='bbox 876 1227 971 1300; x_wconf 78' lang='grc' dir='ltr'><strong><em>αὐτοὶ</em></strong></span> <span class='ocrx_word' id='word_1_59' title='bbox 985 1229 1051 1318; x_wconf 81' lang='grc' dir='ltr'><strong>γόρ</strong></span> <span class='ocrx_word' id='word_1_60' title='bbox 1063 1252 1169 1316; x_wconf 84' lang='grc' dir='ltr'><strong><em>σφεας</em></strong></span> <span class='ocrx_word' id='word_1_61' title='bbox 1179 1230 1425 1297; x_wconf 76' lang='grc' dir='ltr'><strong><em>ἐπεκαλέσαντο</em></strong></span> 
     </span>
     <span class='ocr_line' id='line_1_9' title="bbox 284 1328 1424 1422; baseline -0.006 -16"><span class='ocrx_word' id='word_1_62' title='bbox 284 1340 320 1406; x_wconf 82' lang='lat' dir='ltr'><strong>oi</strong></span> <span class='ocrx_word' id='word_1_63' title='bbox 328 1332 504 1422; x_wconf 80' lang='grc' dir='ltr'><strong><em>Ἕλληνες,</em></strong></span> <span class='ocrx_word' id='word_1_64' title='bbox 527 1335 679 1421; x_wconf 79' lang='grc' dir='ltr'><strong><em>λέγοντες</em></strong></span> <span class='ocrx_word' id='word_1_65' title='bbox 694 1331 740 1404; x_wconf 88' lang='grc' dir='ltr'><strong>δι’</strong></span> <span class='ocrx_word' id='word_1_66' title='bbox 757 1331 928 1421; x_wconf 76' lang='grc' dir='ltr'><strong><em>ἀγγέλων,</em></strong></span> <span class='ocrx_word' id='word_1_67' title='bbox 950 1329 994 1415; x_wconf 76' lang='grc' dir='ltr'><strong>ὥς</strong></span> <span class='ocrx_word' id='word_1_68' title='bbox 1014 1331 1110 1401; x_wconf 82' lang='grc' dir='ltr'><strong><em>αὐτοὶ</em></strong></span> <span class='ocrx_word' id='word_1_69' title='bbox 1125 1332 1188 1420; x_wconf 70' lang='grc' dir='ltr'><strong><em>μὲν</em></strong></span> <span class='ocrx_word' id='word_1_70' title='bbox 1206 1328 1326 1420; x_wconf 77' lang='grc' dir='ltr'><strong><em>ἥκοιεν</em></strong></span> <span class='ocrx_word' id='word_1_71' title='bbox 1343 1329 1424 1417; x_wconf 85' lang='grc' dir='ltr'><strong><em>πρό·</em></strong></span> 
     </span>
     <span class='ocr_line' id='line_1_10' title="bbox 286 1429 1425 1528; baseline -0.007 -19"><span class='ocrx_word' id='word_1_72' title='bbox 286 1445 405 1528; x_wconf 90' lang='grc' dir='ltr'><strong><em>δρομοι</em></strong></span> <span class='ocrx_word' id='word_1_73' title='bbox 424 1441 494 1507; x_wconf 74' lang='grc' dir='ltr'><strong>τόν</strong></span> <span class='ocrx_word' id='word_1_74' title='bbox 508 1434 639 1525; x_wconf 74' lang='grc' dir='ltr'><strong><em>ἄλλων,</em></strong></span> <span class='ocrx_word' id='word_1_75' title='bbox 670 1443 705 1508; x_wconf 91' lang='grc' dir='ltr'><strong>οί</strong></span> <span class='ocrx_word' id='word_1_76' title='bbox 722 1438 760 1507; x_wconf 73' lang='grc' dir='ltr'><strong>δὲ</strong></span> <span class='ocrx_word' id='word_1_77' title='bbox 777 1439 888 1507; x_wconf 82' lang='grc' dir='ltr'><strong><em>λοιποὶ</em></strong></span> <span class='ocrx_word' id='word_1_78' title='bbox 907 1443 977 1506; x_wconf 74' lang='grc' dir='ltr'><strong><em>τοῖν</em></strong></span> <span class='ocrx_word' id='word_1_79' title='bbox 996 1435 1181 1524; x_wconf 81' lang='grc' dir='ltr'><strong><em>συμμόηων</em></strong></span> <span class='ocrx_word' id='word_1_80' title='bbox 1201 1429 1425 1522; x_wconf 81' lang='grc' dir='ltr'><strong><em>προσδόκιμοι</em></strong></span> 
     </span>
     <span class='ocr_line' id='line_1_11' title="bbox 285 1534 1423 1631; baseline -0.006 -18"><span class='ocrx_word' id='word_1_81' title='bbox 285 1542 397 1614; x_wconf 83' lang='grc' dir='ltr'><strong><em>πᾶσόν</em></strong></span> <span class='ocrx_word' id='word_1_82' title='bbox 418 1547 482 1611; x_wconf 83' lang='grc' dir='ltr'><strong><em>είσι</em></strong></span> <span class='ocrx_word' id='word_1_83' title='bbox 506 1537 649 1631; x_wconf 79' lang='grc' dir='ltr'><strong><em>ἡμέρην,</em></strong></span> <span class='ocrx_word' id='word_1_84' title='bbox 683 1537 703 1630; x_wconf 80' lang='grc' dir='ltr'><em>ἡ</em></span> <span class='ocrx_word' id='word_1_85' title='bbox 731 1540 888 1611; x_wconf 80' lang='grc' dir='ltr'><strong><em>θόλασσό</em></strong></span> <span class='ocrx_word' id='word_1_86' title='bbox 907 1544 946 1610; x_wconf 82' lang='grc' dir='ltr'><strong>τέ</strong></span> <span class='ocrx_word' id='word_1_87' title='bbox 963 1563 1024 1628; x_wconf 88' lang='grc' dir='ltr'><strong><em>σφι</em></strong></span> <span class='ocrx_word' id='word_1_88' title='bbox 1045 1551 1097 1628; x_wconf 74' lang='grc' dir='ltr'><strong>είη</strong></span> <span class='ocrx_word' id='word_1_89' title='bbox 1118 1544 1156 1609; x_wconf 78' lang='grc' dir='ltr'><strong><em>ἐν</em></strong></span> <span class='ocrx_word' id='word_1_90' title='bbox 1175 1545 1334 1629; x_wconf 78' lang='grc' dir='ltr'><strong><em>φυλακῇ,</em></strong></span> <span class='ocrx_word' id='word_1_91' title='bbox 1363 1534 1423 1606; x_wconf 75' lang='grc' dir='ltr'><strong>δι’</strong></span> 
     </span>
     <span class='ocr_line' id='line_1_12' title="bbox 280 1640 1428 1735; baseline -0.005 -19"><span class='ocrx_word' id='word_1_92' title='bbox 280 1644 474 1735; x_wconf 77' lang='grc' dir='ltr'><strong><em>Ἀθηναίων</em></strong></span> <span class='ocrx_word' id='word_1_93' title='bbox 500 1672 537 1715; x_wconf 91' lang='grc' dir='ltr'><strong>τε</strong></span> <span class='ocrx_word' id='word_1_94' title='bbox 562 1647 796 1734; x_wconf 80' lang='grc' dir='ltr'><strong><em>φρουρεομένη</em></strong></span> <span class='ocrx_word' id='word_1_95' title='bbox 818 1647 874 1714; x_wconf 81' lang='grc' dir='ltr'><strong><em>καλ</em></strong></span> <span class='ocrx_word' id='word_1_96' title='bbox 896 1648 1107 1733; x_wconf 78' lang='grc' dir='ltr'><strong><em>Αἰγινητέων</em></strong></span> <span class='ocrx_word' id='word_1_97' title='bbox 1134 1644 1281 1712; x_wconf 74' lang='grc' dir='ltr'><strong><em>καὶτῶν</em></strong></span> <span class='ocrx_word' id='word_1_98' title='bbox 1304 1648 1342 1723; x_wconf 80' lang='grc' dir='ltr'><strong>ἐς</strong></span> <span class='ocrx_word' id='word_1_99' title='bbox 1370 1640 1428 1711; x_wconf 88' lang='grc' dir='ltr'><strong>τὸν</strong></span> 
     </span>
     <span class='ocr_line' id='line_1_13' title="bbox 285 1741 1427 1837; baseline -0.005 -17"><span class='ocrx_word' id='word_1_100' title='bbox 285 1748 446 1821; x_wconf 90' lang='grc' dir='ltr'><strong><em>ναυτικὸν</em></strong></span> <span class='ocrx_word' id='word_1_101' title='bbox 466 1747 609 1837; x_wconf 88' lang='grc' dir='ltr'><strong><em>στρατόν</em></strong></span> <span class='ocrx_word' id='word_1_102' title='bbox 627 1751 839 1837; x_wconf 79' lang='grc' dir='ltr'><strong><em>ταχθέντων,</em></strong></span> <span class='ocrx_word' id='word_1_103' title='bbox 860 1755 922 1818; x_wconf 87' lang='grc' dir='ltr'><strong><em>καί</em></strong></span> <span class='ocrx_word' id='word_1_104' title='bbox 939 1770 1001 1835; x_wconf 86' lang='grc' dir='ltr'><strong><em>σφι</em></strong></span> <span class='ocrx_word' id='word_1_105' title='bbox 1022 1759 1074 1836; x_wconf 71' lang='grc' dir='ltr'><strong>εἰη</strong></span> <span class='ocrx_word' id='word_1_106' title='bbox 1097 1745 1212 1816; x_wconf 84' lang='grc' dir='ltr'><strong><em>δεινόν</em></strong></span> <span class='ocrx_word' id='word_1_107' title='bbox 1230 1743 1355 1816; x_wconf 77' lang='grc' dir='ltr'><strong><em>οὐδέν·</em></strong></span> <span class='ocrx_word' id='word_1_108' title='bbox 1388 1741 1427 1814; x_wconf 68' lang='lat' dir='ltr'><strong>ori</strong></span> 
     </span>
     <span class='ocr_line' id='line_1_14' title="bbox 285 1847 1427 1944; baseline -0.006 -20"><span class='ocrx_word' id='word_1_109' title='bbox 285 1853 350 1944; x_wconf 76' lang='grc' dir='ltr'><strong>γὰρ</strong></span> <span class='ocrx_word' id='word_1_110' title='bbox 366 1850 451 1924; x_wconf 77' lang='grc' dir='ltr'><strong><em>θεὸν</em></strong></span> <span class='ocrx_word' id='word_1_111' title='bbox 470 1851 558 1923; x_wconf 79' lang='grc' dir='ltr'><strong><em>εἶναι</em></strong></span> <span class='ocrx_word' id='word_1_112' title='bbox 571 1851 631 1922; x_wconf 90' lang='grc' dir='ltr'><strong>τόν</strong></span> <span class='ocrx_word' id='word_1_113' title='bbox 644 1852 781 1923; x_wconf 80' lang='grc' dir='ltr'><strong><em>ἐπιόντα</em></strong></span> <span class='ocrx_word' id='word_1_114' title='bbox 802 1853 857 1922; x_wconf 80' lang='grc' dir='ltr'><strong><em>ἐπὶ</em></strong></span> <span class='ocrx_word' id='word_1_115' title='bbox 872 1850 934 1941; x_wconf 84' lang='grc' dir='ltr'><strong>την</strong></span> <span class='ocrx_word' id='word_1_116' title='bbox 953 1849 1111 1939; x_wconf 61' lang='grc' dir='ltr'><strong><em>Ἑλλάδα,</em></strong></span> <span class='ocrx_word' id='word_1_117' title='bbox 1126 1847 1202 1920; x_wconf 72' lang='grc' dir='ltr'><strong><em>ἀλλ’</em></strong></span> <span class='ocrx_word' id='word_1_118' title='bbox 1220 1847 1427 1938; x_wconf 80' lang='grc' dir='ltr'><strong><em>ἄνθρωπον·</em></strong></span> 
     </span>
    </p>
   </div>
   <div class='ocr_carea' id='block_1_3' title="bbox 259 2056 1520 4571">
    <p class='ocr_par' dir='ltr' id='par_1_3' title="bbox 259 2056 1520 4571">
     <span class='ocr_line' id='line_1_15' title="bbox 288 2056 1427 2127; baseline -0.004 -17"><span class='ocrx_word' id='word_1_119' title='bbox 288 2058 394 2125; x_wconf 84' lang='lat' dir='ltr'><strong>qualem</strong></span> <span class='ocrx_word' id='word_1_120' title='bbox 402 2058 558 2109; x_wconf 72' lang='lat' dir='ltr'><strong>Herodotus</strong></span> <span class='ocrx_word' id='word_1_121' title='bbox 572 2062 614 2110; x_wconf 83' lang='lat' dir='ltr'><strong>ort</strong></span> <span class='ocrx_word' id='word_1_122' title='bbox 625 2059 760 2113; x_wconf 76' lang='lat' dir='ltr'><strong>Diodorus</strong></span> <span class='ocrx_word' id='word_1_123' title='bbox 771 2077 832 2127; x_wconf 92' lang='lat' dir='ltr'><strong>pro·</strong></span> <span class='ocrx_word' id='word_1_124' title='bbox 882 2059 1040 2113; x_wconf 81' lang='lat' dir='ltr'><strong>ferendam,</strong></span> <span class='ocrx_word' id='word_1_125' title='bbox 1059 2071 1129 2122; x_wconf 83' lang='lat' dir='ltr'><strong>quae</strong></span> <span class='ocrx_word' id='word_1_126' title='bbox 1145 2056 1230 2107; x_wconf 85' lang='lat' dir='ltr'><strong>rerba</strong></span> <span class='ocrx_word' id='word_1_127' title='bbox 1243 2071 1306 2107; x_wconf 87' lang='lat' dir='ltr'><strong>oum</strong></span> <span class='ocrx_word' id='word_1_128' title='bbox 1322 2060 1353 2108; x_wconf 87' lang='lat' dir='ltr'><strong>vi</strong></span> <span class='ocrx_word' id='word_1_129' title='bbox 1365 2071 1427 2122; x_wconf 85' lang='lat' dir='ltr'><strong>qua·</strong></span> 
     </span>
     <span class='ocr_line' id='line_1_16' title="bbox 287 2126 1426 2197; baseline -0.003 -17"><span class='ocrx_word' id='word_1_130' title='bbox 287 2130 371 2191; x_wconf 81' lang='lat' dir='ltr'><strong>dunt,</strong></span> <span class='ocrx_word' id='word_1_131' title='bbox 389 2144 445 2178; x_wconf 93' lang='lat' dir='ltr'><strong>non</strong></span> <span class='ocrx_word' id='word_1_132' title='bbox 463 2129 596 2179; x_wconf 73' lang='lat' dir='ltr'><strong>contineri</strong></span> <span class='ocrx_word' id='word_1_133' title='bbox 611 2142 723 2193; x_wconf 76' lang='lat' dir='ltr'><strong>servor,</strong></span> <span class='ocrx_word' id='word_1_134' title='bbox 742 2132 832 2197; x_wconf 83' lang='lat' dir='ltr'><strong>pedia-</strong></span> <span class='ocrx_word' id='word_1_135' title='bbox 882 2128 944 2179; x_wconf 82' lang='lat' dir='ltr'><strong>dam</strong></span> <span class='ocrx_word' id='word_1_136' title='bbox 969 2126 1114 2177; x_wconf 75' lang='lat' dir='ltr'><strong>adiiciad</strong></span> <span class='ocrx_word' id='word_1_137' title='bbox 1140 2128 1201 2191; x_wconf 81' lang='lat' dir='ltr'><strong>ipsa</strong></span> <span class='ocrx_word' id='word_1_138' title='bbox 1225 2127 1322 2191; x_wconf 83' lang='lat' dir='ltr'><strong>priora</strong></span> <span class='ocrx_word' id='word_1_139' title='bbox 1346 2127 1426 2177; x_wconf 79' lang='lat' dir='ltr'><strong>verba</strong></span> 
     </span>
     <span class='ocr_line' id='line_1_17' title="bbox 288 2186 1426 2266; baseline -0.003 -18"><span class='ocrx_word' id='word_1_140' title='bbox 288 2214 388 2264; x_wconf 76' lang='lat' dir='ltr'><strong>requos</strong></span> <span class='ocrx_word' id='word_1_141' title='bbox 406 2202 434 2248; x_wconf 88' lang='lat' dir='ltr'><strong>ot</strong></span> <span class='ocrx_word' id='word_1_142' title='bbox 455 2198 588 2264; x_wconf 88' lang='lat' dir='ltr'><strong>reliquam</strong></span> <span class='ocrx_word' id='word_1_143' title='bbox 612 2200 733 2265; x_wconf 82' lang='lat' dir='ltr'><strong>turbam,</strong></span> <span class='ocrx_word' id='word_1_144' title='bbox 760 2216 832 2266; x_wconf 82' lang='lat' dir='ltr'><strong>quae</strong></span> <span class='ocrx_word' id='word_1_145' title='bbox 882 2186 1191 2263; x_wconf 75' lang='grc' dir='ltr'><strong><em>(ίπίαλητοιέηένοντο)</em></strong></span> <span class='ocrx_word' id='word_1_146' title='bbox 1205 2196 1426 2262; x_wconf 69' lang='lat' dir='ltr'><strong>explicandum</strong></span> 
     </span>
     <span class='ocr_line' id='line_1_18' title="bbox 288 2266 1428 2335; baseline -0.003 -17"><span class='ocrx_word' id='word_1_147' title='bbox 288 2268 373 2318; x_wconf 81' lang='lat' dir='ltr'><strong>luerit</strong></span> <span class='ocrx_word' id='word_1_148' title='bbox 383 2273 488 2318; x_wconf 71' lang='lat' dir='ltr'><strong>secuta.</strong></span> <span class='ocrx_word' id='word_1_149' title='bbox 507 2271 597 2333; x_wconf 83' lang='lat' dir='ltr'><strong>Atque</strong></span> <span class='ocrx_word' id='word_1_150' title='bbox 603 2269 762 2320; x_wconf 84' lang='lat' dir='ltr'><strong>Helotarum</strong></span> <span class='ocrx_word' id='word_1_151' title='bbox 772 2273 832 2335; x_wconf 85' lang='lat' dir='ltr'><strong>ipre</strong></span> <span class='ocrx_word' id='word_1_152' title='bbox 882 2281 1044 2334; x_wconf 77' lang='lat' dir='ltr'><strong>quemquam</strong></span> <span class='ocrx_word' id='word_1_153' title='bbox 1057 2267 1150 2331; x_wconf 82' lang='lat' dir='ltr'><strong>sugere</strong></span> <span class='ocrx_word' id='word_1_154' title='bbox 1160 2272 1264 2330; x_wconf 79' lang='lat' dir='ltr'><strong>potest.</strong></span> <span class='ocrx_word' id='word_1_155' title='bbox 1282 2268 1369 2319; x_wconf 86' lang='lat' dir='ltr'>Unde</span> <span class='ocrx_word' id='word_1_156' title='bbox 1380 2266 1428 2316; x_wconf 84' lang='lat' dir='ltr'><strong>ool·</strong></span> 
     </span>
     <span class='ocr_line' id='line_1_19' title="bbox 288 2337 1426 2404; baseline 0.001 -16"><span class='ocrx_word' id='word_1_157' title='bbox 288 2338 410 2389; x_wconf 81' lang='lat' dir='ltr'><strong>meminit</strong></span> <span class='ocrx_word' id='word_1_158' title='bbox 421 2339 525 2388; x_wconf 76' lang='lat' dir='ltr'><strong>Noster</strong></span> <span class='ocrx_word' id='word_1_159' title='bbox 538 2338 602 2397; x_wconf 86' lang='lat' dir='ltr'><strong>vll,</strong></span> <span class='ocrx_word' id='word_1_160' title='bbox 613 2339 665 2389; x_wconf 74' lang='lat'><strong>229</strong></span> <span class='ocrx_word' id='word_1_161' title='bbox 675 2339 737 2389; x_wconf 87' lang='lat' dir='ltr'><strong>coll.</strong></span> <span class='ocrx_word' id='word_1_162' title='bbox 752 2341 831 2403; x_wconf 81' lang='lat' dir='ltr'><strong>Vlll,</strong></span> <span class='ocrx_word' id='word_1_163' title='bbox 881 2338 966 2404; x_wconf 76' lang='lat' dir='ltr'><strong>ligra,</strong></span> <span class='ocrx_word' id='word_1_164' title='bbox 985 2337 1067 2386; x_wconf 86' lang='lat' dir='ltr'><strong>initio</strong></span> <span class='ocrx_word' id='word_1_165' title='bbox 1079 2337 1187 2401; x_wconf 87' lang='lat' dir='ltr'><strong>quidem</strong></span> <span class='ocrx_word' id='word_1_166' title='bbox 1200 2339 1326 2388; x_wconf 85' lang='lat' dir='ltr'><strong>animum</strong></span> <span class='ocrx_word' id='word_1_167' title='bbox 1342 2337 1426 2389; x_wconf 76' lang='lat' dir='ltr'><strong>minui</strong></span> 
     </span>
     <span class='ocr_line' id='line_1_20' title="bbox 287 2405 1425 2474; baseline -0.004 -15"><span class='ocrx_word' id='word_1_168' title='bbox 287 2409 321 2459; x_wconf 77' lang='lat'><strong>25</strong></span> <span class='ocrx_word' id='word_1_169' title='bbox 333 2414 361 2459; x_wconf 90' lang='lat' dir='ltr'><strong>et</strong></span> <span class='ocrx_word' id='word_1_170' title='bbox 372 2407 446 2457; x_wconf 85' lang='lat' dir='ltr'><strong>inira</strong></span> <span class='ocrx_word' id='word_1_171' title='bbox 456 2407 505 2466; x_wconf 85' lang='lat' dir='ltr'><strong>IX,</strong></span> <span class='ocrx_word' id='word_1_172' title='bbox 519 2409 557 2457; x_wconf 82' lang='lat' dir='ltr'><strong>lll.</strong></span> <span class='ocrx_word' id='word_1_173' title='bbox 568 2410 611 2459; x_wconf 74' lang='lat'><strong>28.</strong></span> <span class='ocrx_word' id='word_1_174' title='bbox 638 2409 761 2474; x_wconf 86' lang='lat' dir='ltr'><strong>Namque</strong></span> <span class='ocrx_word' id='word_1_175' title='bbox 772 2411 833 2474; x_wconf 86' lang='lat' dir='ltr'><strong>plu·</strong></span> <span class='ocrx_word' id='word_1_176' title='bbox 882 2414 1035 2473; x_wconf 86' lang='lat' dir='ltr'><strong>promptum</strong></span> <span class='ocrx_word' id='word_1_177' title='bbox 1049 2405 1204 2457; x_wconf 81' lang='lat' dir='ltr'><strong>exhibuirre</strong></span> <span class='ocrx_word' id='word_1_178' title='bbox 1213 2408 1320 2458; x_wconf 80' lang='lat' dir='ltr'><strong>Looroa</strong></span> <span class='ocrx_word' id='word_1_179' title='bbox 1336 2406 1374 2458; x_wconf 83' lang='lat' dir='ltr'><strong>ad</strong></span> <span class='ocrx_word' id='word_1_180' title='bbox 1384 2422 1425 2456; x_wconf 87' lang='lat' dir='ltr'><strong>au·</strong></span> 
     </span>
     <span class='ocr_line' id='line_1_21' title="bbox 289 2475 1425 2543; baseline 0 -16"><span class='ocrx_word' id='word_1_181' title='bbox 289 2493 332 2529; x_wconf 81' lang='lat' dir='ltr'><strong>ros</strong></span> <span class='ocrx_word' id='word_1_182' title='bbox 356 2475 474 2527; x_wconf 87' lang='lat' dir='ltr'><strong>Helotae</strong></span> <span class='ocrx_word' id='word_1_183' title='bbox 502 2475 658 2542; x_wconf 86' lang='lat' dir='ltr'><strong>plerumque</strong></span> <span class='ocrx_word' id='word_1_184' title='bbox 678 2478 832 2543; x_wconf 76' lang='lat' dir='ltr'>Spartanos</span> <span class='ocrx_word' id='word_1_185' title='bbox 883 2478 978 2528; x_wconf 83' lang='lat' dir='ltr'><strong>xilium</strong></span> <span class='ocrx_word' id='word_1_186' title='bbox 1008 2475 1147 2527; x_wconf 78' lang='lat' dir='ltr'><strong>ferendum</strong></span> <span class='ocrx_word' id='word_1_187' title='bbox 1177 2476 1290 2542; x_wconf 79' lang='lat' dir='ltr'><strong>reliquie</strong></span> <span class='ocrx_word' id='word_1_188' title='bbox 1315 2477 1425 2529; x_wconf 76' lang='lat' dir='ltr'><strong>Graeois</strong></span> 
     </span>
     <span class='ocr_line' id='line_1_22' title="bbox 259 2545 1425 2614; baseline -0.002 -15"><span class='ocrx_word' id='word_1_189' title='bbox 259 2599 263 2607; x_wconf 78' lang='grc'><strong><em>,</em></strong></span> <span class='ocrx_word' id='word_1_190' title='bbox 288 2547 324 2599; x_wconf 87' lang='lat' dir='ltr'><strong>ad</strong></span> <span class='ocrx_word' id='word_1_191' title='bbox 338 2545 437 2599; x_wconf 88' lang='lat' dir='ltr'><strong>bellum</strong></span> <span class='ocrx_word' id='word_1_192' title='bbox 457 2546 659 2612; x_wconf 74' lang='lat' dir='ltr'><strong>proficiscentur</strong></span> <span class='ocrx_word' id='word_1_193' title='bbox 679 2550 833 2614; x_wconf 79' lang='lat' dir='ltr'><strong>eoquebun·</strong></span> <span class='ocrx_word' id='word_1_194' title='bbox 882 2555 980 2599; x_wconf 87' lang='lat' dir='ltr'><strong>ooutra</strong></span> <span class='ocrx_word' id='word_1_195' title='bbox 1003 2547 1116 2597; x_wconf 78' lang='lat' dir='ltr'><strong>Pernam</strong></span> <span class='ocrx_word' id='word_1_196' title='bbox 1141 2546 1315 2612; x_wconf 75' lang='lat' dir='ltr'><strong>coniunctio,</strong></span> <span class='ocrx_word' id='word_1_197' title='bbox 1348 2548 1425 2599; x_wconf 81' lang='lat' dir='ltr'><strong>donor</strong></span> 
     </span>
     <span class='ocr_line' id='line_1_23' title="bbox 289 2616 1427 2685; baseline -0.001 -18"><span class='ocrx_word' id='word_1_198' title='bbox 289 2622 346 2680; x_wconf 89' lang='lat' dir='ltr'><strong>tur,</strong></span> <span class='ocrx_word' id='word_1_199' title='bbox 366 2622 394 2668; x_wconf 92' lang='lat' dir='ltr'><strong>et</strong></span> <span class='ocrx_word' id='word_1_200' title='bbox 413 2617 465 2682; x_wconf 77' lang='lat' dir='ltr'><strong>ipsi</strong></span> <span class='ocrx_word' id='word_1_201' title='bbox 484 2618 584 2667; x_wconf 81' lang='lat' dir='ltr'><strong>armati</strong></span> <span class='ocrx_word' id='word_1_202' title='bbox 601 2616 656 2666; x_wconf 83' lang='lat' dir='ltr'><strong>lovi</strong></span> <span class='ocrx_word' id='word_1_203' title='bbox 674 2619 833 2685; x_wconf 87' lang='lat' dir='ltr'><strong>plerumque</strong></span> <span class='ocrx_word' id='word_1_204' title='bbox 883 2618 987 2669; x_wconf 75' lang='lat' dir='ltr'><strong>nuntiis</strong></span> <span class='ocrx_word' id='word_1_205' title='bbox 1016 2617 1107 2667; x_wconf 78' lang='lat' dir='ltr'><strong>mirsia</strong></span> <span class='ocrx_word' id='word_1_206' title='bbox 1132 2618 1243 2668; x_wconf 79' lang='lat' dir='ltr'><strong>invitati</strong></span> <span class='ocrx_word' id='word_1_207' title='bbox 1267 2624 1297 2668; x_wconf 90' lang='lat' dir='ltr'><strong>et</strong></span> <span class='ocrx_word' id='word_1_208' title='bbox 1323 2619 1427 2670; x_wconf 79' lang='lat' dir='ltr'><strong>evocati</strong></span> 
     </span>
     <span class='ocr_line' id='line_1_24' title="bbox 289 2687 1427 2756; baseline 0.002 -18"><span class='ocrx_word' id='word_1_209' title='bbox 289 2691 443 2744; x_wconf 83' lang='lat' dir='ltr'><strong>armatura;</strong></span> <span class='ocrx_word' id='word_1_210' title='bbox 462 2687 502 2737; x_wconf 85' lang='lat' dir='ltr'><strong>ita</strong></span> <span class='ocrx_word' id='word_1_211' title='bbox 514 2692 622 2746; x_wconf 84' lang='lat' dir='ltr'><strong>tamen,</strong></span> <span class='ocrx_word' id='word_1_212' title='bbox 641 2693 671 2737; x_wconf 88' lang='lat' dir='ltr'><strong>ut</strong></span> <span class='ocrx_word' id='word_1_213' title='bbox 683 2703 752 2740; x_wconf 79' lang='lat' dir='ltr'><strong>unua</strong></span> <span class='ocrx_word' id='word_1_214' title='bbox 767 2706 833 2756; x_wconf 78' lang='lat' dir='ltr'><strong>prae</strong></span> <span class='ocrx_word' id='word_1_215' title='bbox 884 2689 920 2738; x_wconf 86' lang='lat' dir='ltr'><strong>ab</strong></span> <span class='ocrx_word' id='word_1_216' title='bbox 937 2688 980 2737; x_wconf 85' lang='lat' dir='ltr'><strong>hia</strong></span> <span class='ocrx_word' id='word_1_217' title='bbox 1003 2702 1058 2736; x_wconf 92' lang='lat' dir='ltr'><strong>non</strong></span> <span class='ocrx_word' id='word_1_218' title='bbox 1077 2687 1195 2752; x_wconf 77' lang='lat' dir='ltr'><strong>amplius</strong></span> <span class='ocrx_word' id='word_1_219' title='bbox 1220 2693 1427 2742; x_wconf 77' lang='lat' dir='ltr'><strong>cunctarentur.</strong></span> 
     </span>
     <span class='ocr_line' id='line_1_25' title="bbox 288 2749 1428 2830; baseline -0.002 -21"><span class='ocrx_word' id='word_1_220' title='bbox 288 2749 407 2809; x_wconf 78' lang='lat' dir='ltr'><strong>oratoria</strong></span> <span class='ocrx_word' id='word_1_221' title='bbox 432 2756 535 2807; x_wconf 83' lang='lat' dir='ltr'><strong>domini</strong></span> <span class='ocrx_word' id='word_1_222' title='bbox 557 2763 631 2808; x_wconf 82' lang='lat' dir='ltr'><strong>erret</strong></span> <span class='ocrx_word' id='word_1_223' title='bbox 654 2760 834 2830; x_wconf 81' lang='lat' dir='ltr'><strong>pedirrequua</strong></span> <span class='ocrx_word' id='word_1_224' title='bbox 885 2758 932 2808; x_wconf 83' lang='lat' dir='ltr'><strong>red</strong></span> <span class='ocrx_word' id='word_1_225' title='bbox 962 2757 1087 2806; x_wconf 79' lang='lat' dir='ltr'><strong>omnibus</strong></span> <span class='ocrx_word' id='word_1_226' title='bbox 1111 2757 1198 2822; x_wconf 80' lang='lat' dir='ltr'><strong>copiis</strong></span> <span class='ocrx_word' id='word_1_227' title='bbox 1225 2755 1428 2823; x_wconf 73' lang='grc' dir='ltr'><strong><em>(πανστρατιῇ)</em></strong></span> 
     </span>
     <span class='ocr_line' id='line_1_26' title="bbox 290 2820 1431 2894; baseline -0.001 -16"><span class='ocrx_word' id='word_1_228' title='bbox 290 2834 318 2878; x_wconf 89' lang='lat' dir='ltr'><strong>et</strong></span> <span class='ocrx_word' id='word_1_229' title='bbox 337 2827 477 2889; x_wconf 70' lang='lat' dir='ltr'><strong>minister,</strong></span> <span class='ocrx_word' id='word_1_230' title='bbox 497 2820 512 2875; x_wconf 91' lang='grc' dir='ltr'><strong><em>ό</em></strong></span> <span class='ocrx_word' id='word_1_231' title='bbox 531 2822 670 2888; x_wconf 76' lang='grc' dir='ltr'><strong><em>θεράπων</em></strong></span> <span class='ocrx_word' id='word_1_232' title='bbox 686 2832 735 2894; x_wconf 88' lang='lat' dir='ltr'><strong>qui</strong></span> <span class='ocrx_word' id='word_1_233' title='bbox 750 2846 834 2881; x_wconf 83' lang='lat' dir='ltr'><strong>roca·</strong></span> <span class='ocrx_word' id='word_1_234' title='bbox 884 2826 1000 2894; x_wconf 82' lang='lat' dir='ltr'><strong>proiecti</strong></span> <span class='ocrx_word' id='word_1_235' title='bbox 1012 2825 1176 2877; x_wconf 83' lang='lat' dir='ltr'><strong>Graecorum</strong></span> <span class='ocrx_word' id='word_1_236' title='bbox 1192 2828 1330 2879; x_wconf 81' lang='lat' dir='ltr'><strong>exercitui</strong></span> <span class='ocrx_word' id='word_1_237' title='bbox 1345 2846 1376 2880; x_wconf 82' lang='lat' dir='ltr'><strong>ee</strong></span> <span class='ocrx_word' id='word_1_238' title='bbox 1389 2828 1431 2877; x_wconf 76' lang='lat' dir='ltr'><strong>ad-</strong></span> 
     </span>
     <span class='ocr_line' id='line_1_27' title="bbox 289 2890 1429 2978; baseline -0.004 -29"><span class='ocrx_word' id='word_1_239' title='bbox 289 2900 379 2949; x_wconf 85' lang='lat' dir='ltr'><strong>batur.</strong></span> <span class='ocrx_word' id='word_1_240' title='bbox 400 2896 464 2966; x_wconf 82' lang='lat' dir='ltr'><strong>Vid.</strong></span> <span class='ocrx_word' id='word_1_241' title='bbox 476 2896 506 2947; x_wconf 84' lang='lat' dir='ltr'><strong>C.</strong></span> <span class='ocrx_word' id='word_1_242' title='bbox 520 2897 553 2947; x_wconf 90' lang='lat'><strong>0.</strong></span> <span class='ocrx_word' id='word_1_243' title='bbox 566 2895 693 2948; x_wconf 78' lang='lat' dir='ltr'>Mueller:</span> <span class='ocrx_word' id='word_1_244' title='bbox 714 2900 782 2952; x_wconf 89' lang='lat' dir='ltr'><strong>Dor.</strong></span> <span class='ocrx_word' id='word_1_245' title='bbox 795 2902 832 2954; x_wconf 95' lang='grc' dir='ltr'><strong>ΙΙ.</strong></span> <span class='ocrx_word' id='word_1_246' title='bbox 886 2900 1040 2978; x_wconf 63' lang='lat' dir='ltr'><strong>iungerent.</strong></span> <span class='ocrx_word' id='word_1_247' title='bbox 1073 2897 1114 2947; x_wconf 84' lang='grc' dir='ltr'><strong>Δδ</strong></span> <span class='ocrx_word' id='word_1_248' title='bbox 1135 2912 1218 2948; x_wconf 82' lang='lat' dir='ltr'><strong>vocer</strong></span> <span class='ocrx_word' id='word_1_249' title='bbox 1235 2895 1369 2961; x_wconf 73' lang='grc' dir='ltr'><strong><em>λέγοντες</em></strong></span> <span class='ocrx_word' id='word_1_250' title='bbox 1389 2890 1429 2947; x_wconf 87' lang='grc' dir='ltr'><strong>δι’</strong></span> 
     </span>
     <span class='ocr_line' id='line_1_28' title="bbox 289 2961 1430 3032; baseline -0.001 -15"><span class='ocrx_word' id='word_1_251' title='bbox 289 2983 315 3032; x_wconf 89' lang='lat' dir='ltr'><strong>p.</strong></span> <span class='ocrx_word' id='word_1_252' title='bbox 326 2966 361 3017; x_wconf 84' lang='grc'><strong>38</strong></span> <span class='ocrx_word' id='word_1_253' title='bbox 373 2964 434 3019; x_wconf 87' lang='lat' dir='ltr'><strong>coll.</strong></span> <span class='ocrx_word' id='word_1_254' title='bbox 445 2966 495 3028; x_wconf 81' lang='lat'><strong>46,</strong></span> <span class='ocrx_word' id='word_1_255' title='bbox 509 2966 555 3016; x_wconf 89' lang='lat' dir='ltr'><strong>ubi</strong></span> <span class='ocrx_word' id='word_1_256' title='bbox 571 2966 625 3017; x_wconf 87' lang='lat' dir='ltr'><strong>(luo</strong></span> <span class='ocrx_word' id='word_1_257' title='bbox 637 2966 713 3018; x_wconf 86' lang='lat' dir='ltr'><strong>milia</strong></span> <span class='ocrx_word' id='word_1_258' title='bbox 725 2974 833 3021; x_wconf 83' lang='lat' dir='ltr'><strong>uentum</strong></span> <span class='ocrx_word' id='word_1_259' title='bbox 883 2961 1007 3032; x_wconf 82' lang='grc' dir='ltr'><strong><em>όγηελφν</em></strong></span> <span class='ocrx_word' id='word_1_260' title='bbox 1025 2966 1098 3018; x_wconf 82' lang='lat' dir='ltr'><strong>conf.</strong></span> <span class='ocrx_word' id='word_1_261' title='bbox 1118 2967 1219 3017; x_wconf 82' lang='lat' dir='ltr'><strong>Matth.</strong></span> <span class='ocrx_word' id='word_1_262' title='bbox 1241 2970 1268 3030; x_wconf 61' lang='grc' dir='ltr'><strong>ς.</strong></span> <span class='ocrx_word' id='word_1_263' title='bbox 1287 2968 1384 3020; x_wconf 77' lang='grc'>5801).</span> <span class='ocrx_word' id='word_1_264' title='bbox 1404 2973 1430 3017; x_wconf 88' lang='lat' dir='ltr'><strong>et</strong></span> 
     </span>
     <span class='ocr_line' id='line_1_29' title="bbox 289 3035 1429 3102; baseline -0.004 -14"><span class='ocrx_word' id='word_1_265' title='bbox 289 3037 440 3088; x_wconf 85' lang='lat' dir='ltr'><strong>helotarum</strong></span> <span class='ocrx_word' id='word_1_266' title='bbox 452 3036 515 3087; x_wconf 83' lang='lat' dir='ltr'><strong>huic</strong></span> <span class='ocrx_word' id='word_1_267' title='bbox 527 3037 696 3101; x_wconf 83' lang='lat' dir='ltr'><strong>expeditioni</strong></span> <span class='ocrx_word' id='word_1_268' title='bbox 711 3039 834 3090; x_wconf 77' lang='lat' dir='ltr'><strong>adfuisse</strong></span> <span class='ocrx_word' id='word_1_269' title='bbox 884 3039 1007 3101; x_wconf 75' lang='lat' dir='ltr'><strong>Krueger</strong></span> <span class='ocrx_word' id='word_1_270' title='bbox 1026 3035 1061 3086; x_wconf 87' lang='lat' dir='ltr'><strong>ad</strong></span> <span class='ocrx_word' id='word_1_271' title='bbox 1085 3036 1206 3102; x_wconf 84' lang='lat' dir='ltr'><strong>Xenoph.</strong></span> <span class='ocrx_word' id='word_1_272' title='bbox 1228 3038 1320 3088; x_wconf 80' lang='lat' dir='ltr'><strong>Anab-</strong></span> <span class='ocrx_word' id='word_1_273' title='bbox 1342 3038 1388 3100; x_wconf 83' lang='lat'><strong>11,</strong></span> <span class='ocrx_word' id='word_1_274' title='bbox 1406 3036 1429 3088; x_wconf 83' lang='lat'><strong>3.</strong></span> 
     </span>
     <span class='ocr_line' id='line_1_30' title="bbox 291 3100 1431 3170; baseline -0.001 -13"><span class='ocrx_word' id='word_1_275' title='bbox 291 3106 418 3168; x_wconf 81' lang='lat' dir='ltr'><strong>ooniieit,</strong></span> <span class='ocrx_word' id='word_1_276' title='bbox 438 3110 466 3156; x_wconf 87' lang='lat' dir='ltr'><strong>et</strong></span> <span class='ocrx_word' id='word_1_277' title='bbox 484 3105 558 3156; x_wconf 78' lang='lat' dir='ltr'><strong>coni.</strong></span> <span class='ocrx_word' id='word_1_278' title='bbox 577 3106 608 3155; x_wconf 85' lang='lat' dir='ltr'><strong>C.</strong></span> <span class='ocrx_word' id='word_1_279' title='bbox 627 3107 657 3157; x_wconf 76' lang='lat' dir='ltr'><strong>F.</strong></span> <span class='ocrx_word' id='word_1_280' title='bbox 676 3107 832 3159; x_wconf 77' lang='lat' dir='ltr'><strong>Hermann:</strong></span> <span class='ocrx_word' id='word_1_281' title='bbox 884 3111 908 3169; x_wconf 66' lang='grc' dir='ltr'><strong>ἕ.</strong></span> <span class='ocrx_word' id='word_1_282' title='bbox 924 3106 991 3157; x_wconf 77' lang='lat' dir='ltr'><strong>liet</strong></span> <span class='ocrx_word' id='word_1_283' title='bbox 1003 3106 1037 3155; x_wconf 85' lang='lat' dir='ltr'><strong>ad</strong></span> <span class='ocrx_word' id='word_1_284' title='bbox 1050 3121 1143 3157; x_wconf 80' lang='lat' dir='ltr'><strong>vocam</strong></span> <span class='ocrx_word' id='word_1_285' title='bbox 1152 3100 1352 3170; x_wconf 84' lang='grc' dir='ltr'><strong><em>προσδόκιμος</em></strong></span> <span class='ocrx_word' id='word_1_286' title='bbox 1362 3111 1431 3158; x_wconf 88' lang='lat' dir='ltr'><strong>nott.</strong></span> 
     </span>
     <span class='ocr_line' id='line_1_31' title="bbox 290 3172 1429 3239; baseline -0.001 -12"><span class='ocrx_word' id='word_1_287' title='bbox 290 3175 398 3227; x_wconf 85' lang='lat' dir='ltr'><strong>Grieoh.</strong></span> <span class='ocrx_word' id='word_1_288' title='bbox 411 3174 616 3229; x_wconf 76' lang='lat' dir='ltr'><strong>Stutralterth.</strong></span> <span class='ocrx_word' id='word_1_289' title='bbox 630 3179 655 3239; x_wconf 64' lang='grc' dir='ltr'><strong>ξ.</strong></span> <span class='ocrx_word' id='word_1_290' title='bbox 671 3177 712 3228; x_wconf 80' lang='grc'><strong>19.</strong></span> <span class='ocrx_word' id='word_1_291' title='bbox 729 3186 788 3231; x_wconf 87' lang='lat' dir='ltr'><strong>not.</strong></span> <span class='ocrx_word' id='word_1_292' title='bbox 802 3180 832 3239; x_wconf 82' lang='lat'><strong>73</strong></span> <span class='ocrx_word' id='word_1_293' title='bbox 884 3176 918 3226; x_wconf 85' lang='lat' dir='ltr'><strong>ad</strong></span> <span class='ocrx_word' id='word_1_294' title='bbox 933 3177 966 3238; x_wconf 89' lang='lat' dir='ltr'><strong>V,</strong></span> <span class='ocrx_word' id='word_1_295' title='bbox 982 3177 1039 3226; x_wconf 71' lang='lat'>108.</span> <span class='ocrx_word' id='word_1_296' title='bbox 1066 3177 1177 3227; x_wconf 83' lang='lat' dir='ltr'><strong>Retinui</strong></span> <span class='ocrx_word' id='word_1_297' title='bbox 1191 3183 1283 3228; x_wconf 87' lang='lat' dir='ltr'><strong>autem</strong></span> <span class='ocrx_word' id='word_1_298' title='bbox 1297 3172 1356 3228; x_wconf 74' lang='grc' dir='ltr'><strong><em>εἰσί</em></strong></span> <span class='ocrx_word' id='word_1_299' title='bbox 1370 3192 1429 3229; x_wconf 87' lang='lat' dir='ltr'><strong>oum</strong></span> 
     </span>
     <span class='ocr_line' id='line_1_32' title="bbox 290 3244 1430 3311; baseline 0.001 -16"><span class='ocrx_word' id='word_1_300' title='bbox 290 3245 324 3296; x_wconf 85' lang='lat' dir='ltr'><strong>de</strong></span> <span class='ocrx_word' id='word_1_301' title='bbox 343 3246 412 3311; x_wconf 82' lang='lat' dir='ltr'><strong>ipeir</strong></span> <span class='ocrx_word' id='word_1_302' title='bbox 428 3246 540 3310; x_wconf 84' lang='lat' dir='ltr'><strong>Hoplitir</strong></span> <span class='ocrx_word' id='word_1_303' title='bbox 559 3246 754 3311; x_wconf 68' lang='lat' dir='ltr'><strong>Spartanorum</strong></span> <span class='ocrx_word' id='word_1_304' title='bbox 774 3249 831 3303; x_wconf 83' lang='lat' dir='ltr'><strong>rid.</strong></span> <span class='ocrx_word' id='word_1_305' title='bbox 883 3244 1034 3311; x_wconf 76' lang='lat' dir='ltr'><strong>Schweigh.</strong></span> <span class='ocrx_word' id='word_1_306' title='bbox 1048 3245 1193 3308; x_wconf 59' lang='grc' dir='ltr'><strong><em>ταῦτατί,</em></strong></span> <span class='ocrx_word' id='word_1_307' title='bbox 1209 3247 1327 3298; x_wconf 84' lang='lat' dir='ltr'><strong>allatum</strong></span> <span class='ocrx_word' id='word_1_308' title='bbox 1344 3263 1362 3297; x_wconf 87' lang='lat' dir='ltr'><strong>a</strong></span> <span class='ocrx_word' id='word_1_309' title='bbox 1375 3250 1430 3298; x_wconf 82' lang='lat' dir='ltr'><strong>lle-</strong></span> 
     </span>
     <span class='ocr_line' id='line_1_33' title="bbox 290 3314 1431 3382; baseline 0.003 -17"><span class='ocrx_word' id='word_1_310' title='bbox 290 3314 357 3366; x_wconf 84' lang='lat' dir='ltr'><strong>ibid.</strong></span> <span class='ocrx_word' id='word_1_311' title='bbox 368 3318 392 3379; x_wconf 65' lang='lat'><strong>9.</strong></span> <span class='ocrx_word' id='word_1_312' title='bbox 409 3315 452 3366; x_wconf 88' lang='grc'><strong>30.</strong></span> <span class='ocrx_word' id='word_1_313' title='bbox 465 3321 522 3367; x_wconf 81' lang='lat' dir='ltr'><strong>not.</strong></span> <span class='ocrx_word' id='word_1_314' title='bbox 535 3317 552 3365; x_wconf 80' lang='lat'>2</span> <span class='ocrx_word' id='word_1_315' title='bbox 563 3331 639 3382; x_wconf 84' lang='lat' dir='ltr'><strong>oeqq.</strong></span> <span class='ocrx_word' id='word_1_316' title='bbox 884 3316 976 3377; x_wconf 87' lang='lat' dir='ltr'><strong>(liceo,</strong></span> <span class='ocrx_word' id='word_1_317' title='bbox 993 3315 1165 3378; x_wconf 83' lang='lat' dir='ltr'><strong>Florentino,</strong></span> <span class='ocrx_word' id='word_1_318' title='bbox 1187 3316 1263 3368; x_wconf 80' lang='lat' dir='ltr'><strong>aliia:</strong></span> <span class='ocrx_word' id='word_1_319' title='bbox 1287 3317 1431 3368; x_wconf 80' lang='lat' dir='ltr'><strong>Sanoroiti</strong></span> 
     </span>
     <span class='ocr_line' id='line_1_34' title="bbox 884 3379 1430 3453; baseline 0.004 -18"><span class='ocrx_word' id='word_1_320' title='bbox 884 3385 953 3436; x_wconf 85' lang='lat' dir='ltr'><strong>liber</strong></span> <span class='ocrx_word' id='word_1_321' title='bbox 966 3400 1028 3435; x_wconf 89' lang='lat' dir='ltr'><strong>oum</strong></span> <span class='ocrx_word' id='word_1_322' title='bbox 1040 3385 1128 3436; x_wconf 88' lang='lat' dir='ltr'><strong>altero</strong></span> <span class='ocrx_word' id='word_1_323' title='bbox 1142 3386 1252 3437; x_wconf 84' lang='lat' dir='ltr'><strong>exhibet</strong></span> <span class='ocrx_word' id='word_1_324' title='bbox 1265 3379 1342 3450; x_wconf 77' lang='grc' dir='ltr'><strong><em>εἷεν,</em></strong></span> <span class='ocrx_word' id='word_1_325' title='bbox 1359 3386 1430 3453; x_wconf 81' lang='lat' dir='ltr'><strong>quod</strong></span> 
     </span>
     <span class='ocr_line' id='line_1_35' title="bbox 468 3454 1431 3590; baseline 0 -14"><span class='ocrx_word' id='word_1_326' title='bbox 468 3485 535 3537; x_wconf 55' lang='grc' dir='ltr'><strong>ου·</strong></span> <span class='ocrx_word' id='word_1_327' title='bbox 881 3460 997 3578; x_wconf 66' lang='lat' dir='ltr'><strong>uui·</strong></span> <span class='ocrx_word' id='word_1_328' title='bbox 1016 3454 1431 3590; x_wconf 57' lang='grc' dir='ltr'><strong><em>δικαιότατα</em></strong></span> 
     </span>
     <span class='ocr_line' id='line_1_36' title="bbox 325 3579 1427 3660; baseline 0.007 -23"><span class='ocrx_word' id='word_1_329' title='bbox 325 3579 513 3653; x_wconf 78' lang='grc' dir='ltr'><strong><em>ἐπίκλητοι</em></strong></span> <span class='ocrx_word' id='word_1_330' title='bbox 531 3580 696 3654; x_wconf 70' lang='grc' dir='ltr'><strong><em>ἐγένοντο</em></strong></span> <span class='ocrx_word' id='word_1_331' title='bbox 711 3589 830 3657; x_wconf 85' lang='grc' dir='ltr'><strong><em>Λοκροί]</em></strong></span> <span class='ocrx_word' id='word_1_332' title='bbox 884 3595 1022 3646; x_wconf 82' lang='lat' dir='ltr'><strong>modorum</strong></span> <span class='ocrx_word' id='word_1_333' title='bbox 1042 3596 1185 3647; x_wconf 72' lang='lat' dir='ltr'><strong>transitur.</strong></span> <span class='ocrx_word' id='word_1_334' title='bbox 1221 3597 1263 3646; x_wconf 80' lang='lat' dir='ltr'><strong>Oi.</strong></span> <span class='ocrx_word' id='word_1_335' title='bbox 1281 3596 1352 3660; x_wconf 87' lang='lat' dir='ltr'><strong>Vll,</strong></span> <span class='ocrx_word' id='word_1_336' title='bbox 1369 3596 1427 3647; x_wconf 76' lang='lat'><strong>208.</strong></span> 
     </span>
     <span class='ocr_line' id='line_1_37' title="bbox 290 3657 1310 3728; baseline 0.004 -17"><span class='ocrx_word' id='word_1_337' title='bbox 290 3657 510 3724; x_wconf 80' lang='lat' dir='ltr'><strong>Sohweighaeur.</strong></span> <span class='ocrx_word' id='word_1_338' title='bbox 536 3660 746 3724; x_wconf 86' lang='lat' dir='ltr'><strong>interpretatur:</strong></span> <span class='ocrx_word' id='word_1_339' title='bbox 776 3678 833 3714; x_wconf 84' lang='lat' dir='ltr'><strong>eoo·</strong></span> <span class='ocrx_word' id='word_1_340' title='bbox 886 3664 944 3716; x_wconf 81' lang='lat'><strong>168.</strong></span> <span class='ocrx_word' id='word_1_341' title='bbox 958 3663 1009 3715; x_wconf 76' lang='lat'><strong>233</strong></span> <span class='ocrx_word' id='word_1_342' title='bbox 1023 3669 1051 3714; x_wconf 86' lang='lat' dir='ltr'><strong>et</strong></span> <span class='ocrx_word' id='word_1_343' title='bbox 1064 3670 1134 3715; x_wconf 85' lang='lat' dir='ltr'><strong>nott.</strong></span> <span class='ocrx_word' id='word_1_344' title='bbox 1148 3667 1183 3716; x_wconf 86' lang='lat' dir='ltr'><strong>ad</strong></span> <span class='ocrx_word' id='word_1_345' title='bbox 1197 3667 1249 3728; x_wconf 87' lang='lat'>111,</span> <span class='ocrx_word' id='word_1_346' title='bbox 1266 3667 1310 3717; x_wconf 88' lang='grc'><strong>61,</strong></span> 
     </span>
     <span class='ocr_line' id='line_1_38' title="bbox 289 3719 1426 3807; baseline 0.005 -28"><span class='ocrx_word' id='word_1_347' title='bbox 289 3731 342 3779; x_wconf 81' lang='lat' dir='ltr'><strong>cati</strong></span> <span class='ocrx_word' id='word_1_348' title='bbox 367 3730 485 3780; x_wconf 80' lang='lat' dir='ltr'><strong>aderant.</strong></span> <span class='ocrx_word' id='word_1_349' title='bbox 527 3730 661 3795; x_wconf 75' lang='lat' dir='ltr'><strong>Equidem</strong></span> <span class='ocrx_word' id='word_1_350' title='bbox 687 3719 833 3807; x_wconf 68' lang='grc' dir='ltr'><strong><em>ἐπίκλητοι</em></strong></span> <span class='ocrx_word' id='word_1_351' title='bbox 917 3726 1086 3799; x_wconf 78' lang='grc' dir='ltr'><strong><em>ἡθόλασσό</em></strong></span> <span class='ocrx_word' id='word_1_352' title='bbox 1095 3747 1125 3783; x_wconf 86' lang='grc' dir='ltr'><strong>τε</strong></span> <span class='ocrx_word' id='word_1_353' title='bbox 1137 3749 1187 3799; x_wconf 88' lang='grc' dir='ltr'><strong>σφι</strong></span> <span class='ocrx_word' id='word_1_354' title='bbox 1201 3733 1247 3799; x_wconf 80' lang='grc' dir='ltr'><strong><em>τίη</em></strong></span> <span class='ocrx_word' id='word_1_355' title='bbox 1256 3725 1288 3784; x_wconf 80' lang='grc' dir='ltr'><strong><em>ἒν</em></strong></span> <span class='ocrx_word' id='word_1_356' title='bbox 1299 3732 1426 3801; x_wconf 69' lang='grc' dir='ltr'><strong><em>φυλακῇ]</em></strong></span> 
     </span>
     <span class='ocr_line' id='line_1_39' title="bbox 290 3795 1427 3868; baseline 0.004 -19"><span class='ocrx_word' id='word_1_357' title='bbox 290 3799 364 3850; x_wconf 85' lang='lat' dir='ltr'><strong>haud</strong></span> <span class='ocrx_word' id='word_1_358' title='bbox 382 3801 440 3850; x_wconf 79' lang='lat' dir='ltr'><strong>noio</strong></span> <span class='ocrx_word' id='word_1_359' title='bbox 458 3815 495 3849; x_wconf 87' lang='lat' dir='ltr'><strong>an</strong></span> <span class='ocrx_word' id='word_1_360' title='bbox 508 3798 611 3850; x_wconf 81' lang='lat' dir='ltr'><strong>inerint</strong></span> <span class='ocrx_word' id='word_1_361' title='bbox 624 3795 746 3868; x_wconf 67' lang='grc' dir='ltr'><strong><em>βοηδολ,</em></strong></span> <span class='ocrx_word' id='word_1_362' title='bbox 766 3812 833 3865; x_wconf 87' lang='grc' dir='ltr'><strong><em>σνμ-</em></strong></span> <span class='ocrx_word' id='word_1_363' title='bbox 884 3803 902 3853; x_wconf 87' lang='lat' dir='ltr'><strong>i.</strong></span> <span class='ocrx_word' id='word_1_364' title='bbox 914 3820 937 3854; x_wconf 90' lang='lat' dir='ltr'><strong>e.</strong></span> <span class='ocrx_word' id='word_1_365' title='bbox 947 3819 1016 3854; x_wconf 82' lang='lat' dir='ltr'><strong>more</strong></span> <span class='ocrx_word' id='word_1_366' title='bbox 1029 3803 1062 3853; x_wconf 81' lang='lat' dir='ltr'><strong>ab</strong></span> <span class='ocrx_word' id='word_1_367' title='bbox 1074 3806 1137 3867; x_wconf 72' lang='lat' dir='ltr'><strong>iptio</strong></span> <span class='ocrx_word' id='word_1_368' title='bbox 1149 3808 1298 3856; x_wconf 75' lang='lat' dir='ltr'><strong>custoditum</strong></span> <span class='ocrx_word' id='word_1_369' title='bbox 1310 3809 1394 3858; x_wconf 74' lang='lat' dir='ltr'><strong>teneri</strong></span> <span class='ocrx_word' id='word_1_370' title='bbox 1406 3822 1427 3855; x_wconf 82' lang='lat' dir='ltr'><strong>o.</strong></span> 
     </span>
     <span class='ocr_line' id='line_1_40' title="bbox 290 3867 1426 3936; baseline 0.004 -18"><span class='ocrx_word' id='word_1_371' title='bbox 290 3883 386 3934; x_wconf 77' lang='grc' dir='ltr'><strong><em>μαηοι,</em></strong></span> <span class='ocrx_word' id='word_1_372' title='bbox 404 3873 436 3918; x_wconf 89' lang='lat' dir='ltr'><strong>ut</strong></span> <span class='ocrx_word' id='word_1_373' title='bbox 448 3867 506 3920; x_wconf 85' lang='lat' dir='ltr'><strong>fere</strong></span> <span class='ocrx_word' id='word_1_374' title='bbox 517 3871 551 3930; x_wconf 87' lang='lat' dir='ltr'><strong>V,</strong></span> <span class='ocrx_word' id='word_1_375' title='bbox 565 3869 598 3919; x_wconf 78' lang='grc'><strong>75</strong></span> <span class='ocrx_word' id='word_1_376' title='bbox 614 3868 673 3936; x_wconf 82' lang='lat' dir='ltr'><strong>(ubi</strong></span> <span class='ocrx_word' id='word_1_377' title='bbox 687 3870 722 3921; x_wconf 85' lang='lat' dir='ltr'><strong>cl.</strong></span> <span class='ocrx_word' id='word_1_378' title='bbox 737 3869 832 3933; x_wconf 83' lang='lat' dir='ltr'><strong>nott),</strong></span> <span class='ocrx_word' id='word_1_379' title='bbox 883 3876 961 3924; x_wconf 72' lang='grc' dir='ltr'><strong><em>πονιτ</em></strong></span> <span class='ocrx_word' id='word_1_380' title='bbox 975 3875 1077 3924; x_wconf 81' lang='lat' dir='ltr'><strong>tutelam</strong></span> <span class='ocrx_word' id='word_1_381' title='bbox 1093 3874 1143 3925; x_wconf 81' lang='lat' dir='ltr'><strong>ribi</strong></span> <span class='ocrx_word' id='word_1_382' title='bbox 1156 3891 1234 3926; x_wconf 80' lang='lat' dir='ltr'><strong>merae</strong></span> <span class='ocrx_word' id='word_1_383' title='bbox 1247 3890 1312 3926; x_wconf 78' lang='lat' dir='ltr'><strong>erre.</strong></span> <span class='ocrx_word' id='word_1_384' title='bbox 1349 3876 1426 3927; x_wconf 80' lang='lat' dir='ltr'><strong>(loni.</strong></span> 
     </span>
     <span class='ocr_line' id='line_1_41' title="bbox 288 3939 1427 4008; baseline 0.003 -17"><span class='ocrx_word' id='word_1_385' title='bbox 288 3939 337 3991; x_wconf 75' lang='lat' dir='ltr'><strong>iod</strong></span> <span class='ocrx_word' id='word_1_386' title='bbox 347 3939 485 4005; x_wconf 75' lang='lat' dir='ltr'><strong>propriam</strong></span> <span class='ocrx_word' id='word_1_387' title='bbox 498 3954 577 3989; x_wconf 81' lang='lat' dir='ltr'><strong>auam</strong></span> <span class='ocrx_word' id='word_1_388' title='bbox 586 3940 641 3990; x_wconf 86' lang='lat' dir='ltr'><strong>vim</strong></span> <span class='ocrx_word' id='word_1_389' title='bbox 653 3940 770 3991; x_wconf 83' lang='lat' dir='ltr'><strong>retinere</strong></span> <span class='ocrx_word' id='word_1_390' title='bbox 780 3940 832 3990; x_wconf 89' lang='lat' dir='ltr'><strong>hoo</strong></span> <span class='ocrx_word' id='word_1_391' title='bbox 884 3944 985 3994; x_wconf 70' lang='lat' dir='ltr'><strong>similia</strong></span> <span class='ocrx_word' id='word_1_392' title='bbox 997 3945 1335 4008; x_wconf 71' lang='lat' dir='ltr'><strong>quaeexetantV1L207.</strong></span> <span class='ocrx_word' id='word_1_393' title='bbox 1350 3946 1427 4005; x_wconf 83' lang='lat' dir='ltr'>VIII,</span> 
     </span>
     <span class='ocr_line' id='line_1_42' title="bbox 290 4007 1428 4076; baseline 0.003 -16"><span class='ocrx_word' id='word_1_394' title='bbox 290 4010 351 4061; x_wconf 88' lang='lat' dir='ltr'><strong>looo</strong></span> <span class='ocrx_word' id='word_1_395' title='bbox 362 4007 426 4059; x_wconf 86' lang='lat' dir='ltr'><strong>mihi</strong></span> <span class='ocrx_word' id='word_1_396' title='bbox 445 4009 555 4061; x_wconf 72' lang='lat' dir='ltr'><strong>violatur</strong></span> <span class='ocrx_word' id='word_1_397' title='bbox 571 4025 624 4060; x_wconf 81' lang='lat' dir='ltr'><strong>vox</strong></span> <span class='ocrx_word' id='word_1_398' title='bbox 640 4010 674 4060; x_wconf 92' lang='lat' dir='ltr'><strong>ob</strong></span> <span class='ocrx_word' id='word_1_399' title='bbox 690 4025 738 4072; x_wconf 85' lang='lat' dir='ltr'><strong>ea,</strong></span> <span class='ocrx_word' id='word_1_400' title='bbox 761 4026 832 4075; x_wconf 82' lang='lat' dir='ltr'><strong>quae</strong></span> <span class='ocrx_word' id='word_1_401' title='bbox 883 4012 926 4065; x_wconf 83' lang='lat'><strong>23.</strong></span> <span class='ocrx_word' id='word_1_402' title='bbox 941 4014 974 4076; x_wconf 85' lang='lat' dir='ltr'><strong>V,</strong></span> <span class='ocrx_word' id='word_1_403' title='bbox 989 4014 1031 4064; x_wconf 81' lang='lat'><strong>77.</strong></span> <span class='ocrx_word' id='word_1_404' title='bbox 1048 4013 1150 4075; x_wconf 82' lang='lat' dir='ltr'><strong>1‚1oo.</strong></span> <span class='ocrx_word' id='word_1_405' title='bbox 1177 4008 1428 4071; x_wconf 66' lang='lat' dir='ltr'><strong>Adverbaroivls</strong></span> 
     </span>
     <span class='ocr_line' id='line_1_43' title="bbox 291 4070 1427 4156; baseline 0.001 -25"><span class='ocrx_word' id='word_1_406' title='bbox 291 4084 455 4144; x_wconf 77' lang='lat' dir='ltr'><strong>sequuntur:</strong></span> <span class='ocrx_word' id='word_1_407' title='bbox 481 4070 564 4156; x_wconf 64' lang='grc' dir='ltr'><strong><em>αότφλ</em></strong></span> <span class='ocrx_word' id='word_1_408' title='bbox 584 4072 637 4142; x_wconf 75' lang='grc' dir='ltr'><strong>γάρ</strong></span> <span class='ocrx_word' id='word_1_409' title='bbox 662 4093 751 4140; x_wconf 81' lang='grc' dir='ltr'><strong><em>σφεας</em></strong></span> <span class='ocrx_word' id='word_1_410' title='bbox 772 4075 832 4129; x_wconf 76' lang='grc' dir='ltr'><strong><em>ἐπι-</em></strong></span> <span class='ocrx_word' id='word_1_411' title='bbox 882 4079 933 4131; x_wconf 88' lang='grc' dir='ltr'><strong>τδν</strong></span> <span class='ocrx_word' id='word_1_412' title='bbox 955 4076 1092 4132; x_wconf 82' lang='grc' dir='ltr'><strong><em>ναυτικόν</em></strong></span> <span class='ocrx_word' id='word_1_413' title='bbox 1112 4077 1235 4147; x_wconf 88' lang='grc' dir='ltr'><strong><em>στρατὸν</em></strong></span> <span class='ocrx_word' id='word_1_414' title='bbox 1260 4084 1427 4149; x_wconf 74' lang='grc' dir='ltr'><strong><em>ταχθέντων</em></strong></span> 
     </span>
     <span class='ocr_line' id='line_1_44' title="bbox 291 4142 1426 4215; baseline 0.006 -17"><span class='ocrx_word' id='word_1_415' title='bbox 291 4144 444 4198; x_wconf 75' lang='grc' dir='ltr'><strong><em>καλέσαντο</em></strong></span> <span class='ocrx_word' id='word_1_416' title='bbox 471 4142 502 4198; x_wconf 81' lang='lat' dir='ltr'><strong>ol</strong></span> <span class='ocrx_word' id='word_1_417' title='bbox 535 4147 657 4212; x_wconf 85' lang='grc' dir='ltr'><strong><em>Ελληνες</em></strong></span> <span class='ocrx_word' id='word_1_418' title='bbox 682 4148 735 4214; x_wconf 87' lang='lat' dir='ltr'><strong>(ita</strong></span> <span class='ocrx_word' id='word_1_419' title='bbox 761 4151 832 4202; x_wconf 91' lang='lat' dir='ltr'><strong>enim</strong></span> <span class='ocrx_word' id='word_1_420' title='bbox 884 4152 955 4203; x_wconf 83' lang='lat' dir='ltr'><strong>coni.</strong></span> <span class='ocrx_word' id='word_1_421' title='bbox 970 4156 1040 4205; x_wconf 76' lang='lat' dir='ltr'><strong>nott</strong></span> <span class='ocrx_word' id='word_1_422' title='bbox 1057 4153 1172 4215; x_wconf 73' lang='lat' dir='ltr'><strong>auvil,</strong></span> <span class='ocrx_word' id='word_1_423' title='bbox 1193 4155 1223 4205; x_wconf 79' lang='lat'><strong>21</strong></span> <span class='ocrx_word' id='word_1_424' title='bbox 1246 4160 1274 4204; x_wconf 87' lang='lat' dir='ltr'><strong>et</strong></span> <span class='ocrx_word' id='word_1_425' title='bbox 1293 4154 1426 4205; x_wconf 77' lang='lat' dir='ltr'><strong>advocor</strong></span> 
     </span>
     <span class='ocr_line' id='line_1_45' title="bbox 292 4211 1520 4288; baseline 0.004 -18"><span class='ocrx_word' id='word_1_426' title='bbox 292 4218 401 4270; x_wconf 84' lang='lat' dir='ltr'><strong>exhibui</strong></span> <span class='ocrx_word' id='word_1_427' title='bbox 423 4218 610 4269; x_wconf 83' lang='lat' dir='ltr'><strong>Florentinum</strong></span> <span class='ocrx_word' id='word_1_428' title='bbox 634 4224 746 4270; x_wconf 82' lang='lat' dir='ltr'><strong>aooutua</strong></span> <span class='ocrx_word' id='word_1_429' title='bbox 770 4236 831 4272; x_wconf 86' lang='lat' dir='ltr'><strong>oum</strong></span> <span class='ocrx_word' id='word_1_430' title='bbox 882 4214 934 4272; x_wconf 84' lang='grc' dir='ltr'><strong>τόν</strong></span> <span class='ocrx_word' id='word_1_431' title='bbox 947 4211 1065 4273; x_wconf 70' lang='grc' dir='ltr'><strong><em>ἐπιόντα</em></strong></span> <span class='ocrx_word' id='word_1_432' title='bbox 1078 4217 1124 4273; x_wconf 75' lang='lat' dir='ltr'><strong>lul</strong></span> <span class='ocrx_word' id='word_1_433' title='bbox 1137 4221 1192 4288; x_wconf 75' lang='grc' dir='ltr'><strong>τὴν</strong></span> <span class='ocrx_word' id='word_1_434' title='bbox 1208 4216 1329 4274; x_wconf 68' lang='grc' dir='ltr'><strong><em>Ἐλλάδα</em></strong></span> <span class='ocrx_word' id='word_1_435' title='bbox 1342 4224 1426 4275; x_wconf 82' lang='lat' dir='ltr'><strong>allata</strong></span> <span class='ocrx_word' id='word_1_436' title='bbox 1519 4247 1520 4286; x_wconf 66' lang='grc' dir='ltr'><strong>ι</strong></span> 
     </span>
     <span class='ocr_line' id='line_1_46' title="bbox 291 4279 1520 4355; baseline 0.004 -16"><span class='ocrx_word' id='word_1_437' title='bbox 291 4288 395 4339; x_wconf 81' lang='lat' dir='ltr'><strong>Sohwe&#39;</strong></span> <span class='ocrx_word' id='word_1_438' title='bbox 415 4287 442 4337; x_wconf 89' lang='lat' dir='ltr'><strong>h.</strong></span> <span class='ocrx_word' id='word_1_439' title='bbox 455 4287 579 4341; x_wconf 82' lang='lat' dir='ltr'><strong>etGairs.</strong></span> <span class='ocrx_word' id='word_1_440' title='bbox 591 4303 640 4355; x_wconf 89' lang='lat' dir='ltr'><strong>pro</strong></span> <span class='ocrx_word' id='word_1_441' title='bbox 652 4289 725 4354; x_wconf 75' lang='lat' dir='ltr'><strong>vulg.</strong></span> <span class='ocrx_word' id='word_1_442' title='bbox 736 4279 830 4339; x_wconf 80' lang='grc' dir='ltr'><strong><em>οἱἘλ-</em></strong></span> <span class='ocrx_word' id='word_1_443' title='bbox 881 4293 915 4342; x_wconf 84' lang='lat' dir='ltr'><strong>ad</strong></span> <span class='ocrx_word' id='word_1_444' title='bbox 928 4292 1062 4350; x_wconf 68' lang='lat' dir='ltr'><strong>Vmor.</strong></span> <span class='ocrx_word' id='word_1_445' title='bbox 1518 4293 1520 4319; x_wconf 76' lang='lat'><em>³</em></span> 
     </span>
     <span class='ocr_line' id='line_1_47' title="bbox 290 4303 1424 4427; baseline 0.004 -22"><span class='ocrx_word' id='word_1_446' title='bbox 290 4356 372 4422; x_wconf 80' lang='grc' dir='ltr'><strong><em>ληνις</em></strong></span> <span class='ocrx_word' id='word_1_447' title='bbox 387 4303 614 4420; x_wconf 61' lang='grc' dir='ltr'><strong>Ιδιτειιαλέσαντο,</strong></span> <span class='ocrx_word' id='word_1_448' title='bbox 640 4359 712 4424; x_wconf 87' lang='lat' dir='ltr'><strong>quod</strong></span> <span class='ocrx_word' id='word_1_449' title='bbox 734 4359 831 4427; x_wconf 81' lang='lat' dir='ltr'><strong>reliqui</strong></span> <span class='ocrx_word' id='word_1_450' title='bbox 916 4354 1016 4426; x_wconf 71' lang='grc' dir='ltr'><strong><em>οόηαρ</em></strong></span> <span class='ocrx_word' id='word_1_451' title='bbox 1028 4354 1102 4412; x_wconf 78' lang='grc' dir='ltr'><strong><em>θεὸν</em></strong></span> <span class='ocrx_word' id='word_1_452' title='bbox 1113 4355 1188 4411; x_wconf 78' lang='grc' dir='ltr'><strong><em>εἶναι</em></strong></span> <span class='ocrx_word' id='word_1_453' title='bbox 1199 4355 1251 4412; x_wconf 83' lang='grc' dir='ltr'><strong>τόν</strong></span> <span class='ocrx_word' id='word_1_454' title='bbox 1268 4352 1386 4413; x_wconf 73' lang='grc' dir='ltr'><strong><em>ἐπιόντα</em></strong></span> <span class='ocrx_word' id='word_1_455' title='bbox 1397 4378 1424 4412; x_wconf 81' lang='grc' dir='ltr'><strong>κ,</strong></span> 
     </span>
     <span class='ocr_line' id='line_1_48' title="bbox 291 4426 1426 4498; baseline 0.006 -22"><span class='ocrx_word' id='word_1_456' title='bbox 291 4427 352 4480; x_wconf 82' lang='grc' dir='ltr'><strong><em>εδδ.</em></strong></span> <span class='ocrx_word' id='word_1_457' title='bbox 360 4426 555 4494; x_wconf 80' lang='lat' dir='ltr'><strong>retinuerunt):</strong></span> <span class='ocrx_word' id='word_1_458' title='bbox 568 4444 672 4493; x_wconf 83' lang='lat' dir='ltr'><strong>namque</strong></span> <span class='ocrx_word' id='word_1_459' title='bbox 679 4432 731 4494; x_wconf 87' lang='lat' dir='ltr'><strong>ipri</strong></span> <span class='ocrx_word' id='word_1_460' title='bbox 738 4431 833 4482; x_wconf 83' lang='lat' dir='ltr'><strong>Graeci</strong></span> <span class='ocrx_word' id='word_1_461' title='bbox 879 4447 903 4482; x_wconf 90' lang='grc' dir='ltr'><strong>τ.</strong></span> <span class='ocrx_word' id='word_1_462' title='bbox 917 4430 953 4498; x_wconf 75' lang='grc' dir='ltr'><strong>λ]</strong></span> <span class='ocrx_word' id='word_1_463' title='bbox 967 4433 1066 4483; x_wconf 85' lang='lat' dir='ltr'><strong>Merito</strong></span> <span class='ocrx_word' id='word_1_464' title='bbox 1075 4431 1145 4483; x_wconf 83' lang='lat' dir='ltr'><strong>hunc</strong></span> <span class='ocrx_word' id='word_1_465' title='bbox 1157 4433 1303 4498; x_wconf 76' lang='lat' dir='ltr'><strong>scriptorio</strong></span> <span class='ocrx_word' id='word_1_466' title='bbox 1316 4439 1426 4485; x_wconf 76' lang='lat' dir='ltr'><strong>oenten-</strong></span> 
     </span>
     <span class='ocr_line' id='line_1_49' title="bbox 290 4497 1423 4571; baseline 0.007 -24"><span class='ocrx_word' id='word_1_467' title='bbox 290 4512 334 4548; x_wconf 78' lang='lat' dir='ltr'><strong>eor</strong></span> <span class='ocrx_word' id='word_1_468' title='bbox 345 4498 539 4562; x_wconf 74' lang='lat' dir='ltr'><strong>advocaverant,</strong></span> <span class='ocrx_word' id='word_1_469' title='bbox 552 4497 611 4551; x_wconf 78' lang='lat' dir='ltr'><strong>soil.</strong></span> <span class='ocrx_word' id='word_1_470' title='bbox 626 4498 662 4549; x_wconf 84' lang='lat' dir='ltr'><strong>ad</strong></span> <span class='ocrx_word' id='word_1_471' title='bbox 671 4514 749 4564; x_wconf 84' lang='lat' dir='ltr'><strong>opem</strong></span> <span class='ocrx_word' id='word_1_472' title='bbox 762 4502 829 4567; x_wconf 80' lang='lat' dir='ltr'><strong>ipris</strong></span> <span class='ocrx_word' id='word_1_473' title='bbox 880 4502 962 4564; x_wconf 84' lang='lat' dir='ltr'><strong>tiam,</strong></span> <span class='ocrx_word' id='word_1_474' title='bbox 988 4502 1067 4554; x_wconf 78' lang='lat' dir='ltr'><strong>cuiue</strong></span> <span class='ocrx_word' id='word_1_475' title='bbox 1082 4502 1186 4553; x_wconf 76' lang='lat' dir='ltr'><strong>similer</strong></span> <span class='ocrx_word' id='word_1_476' title='bbox 1203 4505 1289 4555; x_wconf 87' lang='lat' dir='ltr'><strong>etiam</strong></span> <span class='ocrx_word' id='word_1_477' title='bbox 1304 4520 1352 4571; x_wconf 82' lang='lat' dir='ltr'><strong>per</strong></span> <span class='ocrx_word' id='word_1_478' title='bbox 1374 4504 1423 4554; x_wconf 79' lang='lat' dir='ltr'><strong>hoa</strong></span> 
     </span>
    </p>
   </div>
   <div class='ocr_carea' id='block_1_4' title="bbox 0 0 1562 5175">
    <p class='ocr_par' dir='ltr' id='par_1_4' title="bbox 0 0 1562 5175">
     <span class='ocr_line' id='line_1_50' title="bbox 0 0 1562 5175; baseline 0 0"><span class='ocrx_word' id='word_1_479' title='bbox 0 0 1562 5175; x_wconf 95' lang='lat' dir='ltr'><strong> </strong></span> 
     </span>
    </p>
   </div>
  </div>
 </body>
</html>
