3100 5175
289 372 352 440 814
682 376 951 441 EXOURSUS
987 377 1032 439 IV

648 768 1059 847 EXOURSUSIV

506 938 590 1002 nn
646 937 1202 1005 Huuonou.w.n.

407 1117 470 1193 (Ex
498 1117 666 1173 Greuzcrr'
686 1118 870 1175 Commentatt.
893 1117 1018 1173 Herodd.
1040 1134 1110 1189 puy.
1134 1121 1186 1176 236
1206 1114 1302 1191 seqq.)

317 1456 358 1467 -
378 1416 410 1481 ἐκ
425 1422 478 1481 τοῦ
492 1410 606 1501 domiuo
621 1413 767 1501 τοῦπαρὰ
782 1423 847 1505 τῇσι
867 1414 979 1506 θύρῃσι
995 1421 1061 1502 τῇσι
1076 1412 1211 1504 αὐλείῃσι
1230 1408 1404 1497 ἱδρομένου.

376 1596 524 1664 „Agnosce
539 1613 702 1650 communem
724 1599 833 1649 formum
848 1595 969 1649 Doribus
986 1593 1103 1664 aliisque
1126 1593 1244 1645 Graecis
1266 1592 1426 1646 familiarem

290 1676 367 1748 dulps
381 1674 492 1735 adleta:
512 1680 663 1734 Atticorum
683 1689 745 1736 erat
762 1675 781 1751 ἡ
801 1674 910 1742 αὔλειος
927 1674 1004 1745 θύρα
1022 1689 1051 1731 et
1069 1675 1102 1732 ui
1112 1672 1227 1734 αὔλειοι.
1264 1680 1331 1741 Qus
1344 1680 1377 1731 dc
1394 1698 1426 1731 re

291 1766 464 1838 praecipiunt
476 1767 643 1819 Graecorum
658 1768 833 1836 grammatici.
869 1765 930 1817 Vid.
947 1765 1055 1818 Moerin
1077 1765 1171 1835 ibique
1186 1764 1315 1816 Pierson.
1333 1783 1361 1834 p.
1378 1768 1425 1815 thu.

291 1850 405 1904 Dorvill.
427 1852 460 1903 ud
480 1852 623 1904 Chariton.
644 1870 671 1922 p.
695 1857 744 1906 217
767 1853 810 1905 ed.
826 1852 919 1920 Lips,
938 1851 1063 1903 h'ischeri
1087 1851 1168 1902 indic.
1186 1849 1220 1900 ud
1235 1849 1425 1918 Theophrast.

291 1937 440 1989 character.
459 1935 488 1987 in
504 1936 554 1988 huc
577 1955 658 2003 voce,
685 1937 792 1991 Pluton.
810 1937 937 2005 Sympos.
963 1952 1025 2006 pag.
1042 1939 1101 1988 212Ι
1118 1936 1151 1987 C.
1177 1952 1235 2004 cup.
1253 1933 1337 1986 XXX.
1354 1935 1382 1985 h.
1404 1934 1423 1985 l.

291 2022 385 2093 ibique
405 2020 439 2072 F.
456 2021 488 2072 A.
509 2021 594 2074 Wolf.
612 2026 650 2093 [p.
667 2026 702 2078 95
719 2042 742 2076 s.
761 2026 810 2076 lou
832 2021 875 2073 ed.
890 2021 993 2090 Lips.].
1038 2022 1080 2073 Itu
1099 2022 1169 2073 enirn
1197 2020 1279 2072 habet
1298 2020 1423 2072 Lexicon

291 2108 426 2158 Graecum
443 2105 469 2156 iu
482 2105 603 2159 uekkeri
615 2108 758 2163 Anecdott.
772 2108 796 2159 1.
808 2125 835 2176 p.
851 2110 912 2159 463.
928 2098 1011 2159 αὖλία
1023 2102 1101 2173 θύρα
1114 2109 1209 2160 πυλῶν
1224 2104 1272 2158 καὶ
1284 2099 1302 2174 ἡ
1313 2098 1422 2166 αὔλιος.

290 2190 345 2243 Sed
362 2206 418 2242 eam
432 2190 544 2242 sormam
559 2209 575 2243 s
589 2192 709 2245 librariis
725 2193 859 2245 intrusum
874 2191 970 2243 dicunt
984 2191 1100 2243 Dorvill.
1115 2204 1144 2243 et
1158 2192 1282 2244 Fischer.
1319 2191 1423 2260 Neque

290 2284 377 2328 nmen
397 2291 453 2327 eum
476 2274 505 2326 in
527 2276 685 2329 Herodiano
707 2278 776 2345 Vll,
798 2281 814 2329 5
838 2294 973 2345 reponere
994 2284 1109 2328 conatus
1126 2284 1170 2328 est
1185 2275 1307 2329 lrmisch,
1323 2294 1352 2345 p.
1367 2278 1422 2329 673

291 2359 388 2431 seq.*)
405 2389 440 2398 —
459 2359 581 2411 Gravior
603 2368 646 2415 est
664 2360 748 2428 illud,
779 2371 809 2416 ut
824 2368 897 2413 recte
914 2360 1067 2428 intelliges,
1090 2378 1145 2430 quo
1163 2361 1347 2431 pertinentes
1363 2379 1421 2431 res,

291 2447 365 2517 quod
386 2446 437 2497 hac
458 2443 486 2496 in
511 2445 626 2499 historie
640 2447 717 2499 iuxta
738 2450 824 2501 lovem
839 2449 967 2501 Herceum
992 2449 1070 2500 etium
1094 2449 1171 2499 heros
1195 2449 1339 2502 collocatur
1360 2463 1422 2498 cum

290 2531 426 2585 mentione
444 2531 531 2589 aulae
575 2531 780 2603 Dispiciendum
802 2533 904 2601 igitur,
927 2531 973 2583 ubi
988 2548 1036 2583 urs
1050 2531 1124 2584 illius
1146 2539 1173 2583 et
1194 2532 1276 2583 huius
1291 2531 1422 2584 sacellum
1528 2570 1529 2573 ,

291 2619 345 2671 situ
359 2618 473 2671 luerint.
523 2618 675 2680 Quaeritur
693 2619 825 2688 proinde,
846 2618 912 2688 quid
932 2617 1042 2687 proprie
1063 2618 1226 2685 cogitaverit
1248 2617 1420 2686 Herodotus,
1528 2613 1529 2640 ³

290 2720 350 2756 eum
361 2703 497 2756 scriberet
510 2698 585 2771 παρὰ
601 2705 663 2777 τῇσι
675 2699 780 2775 θύρῃσι
795 2706 857 2776 τῇσι
874 2697 1006 2774 αὐλείῃσι.
1039 2705 1119 2766 Quae
1136 2720 1181 2755 res
1196 2703 1298 2772 pendet
1311 2719 1327 2753 s
1340 2711 1420 2772 pote-

291 2797 363 2841 stute
389 2788 464 2840 vocis
486 2781 566 2859 αὐλή.
595 2790 684 2858 Apion
707 2790 802 2843 Gloss.
827 2791 938 2841 Homer.
958 2789 1012 2840 itae
1037 2781 1140 2858 αὐλὴν,
1161 2783 1210 2841 edo
1221 2783 1349 2856 σταθμὸν
1362 2790 1421 2841 τῶν
1528 2771 1529 2856 l

289 2867 450 2946 προβάτων,
479 2873 527 2927 καὶ
549 2872 639 2928 οἰκίαν
660 2873 709 2929 καὶ
730 2871 875 2945 σπήλαιον.
913 2875 952 2925 Ac
979 2874 1092 2943 primurn
1113 2868 1200 2943 αὐλὴν
1221 2891 1418 2943 nonuunquam
1528 2887 1529 2912 1

291 2977 354 3012 esse
369 2959 475 3012 domum
494 2960 595 3028 ipsum,
622 2961 665 3013 rel
688 2962 784 3014 domus
806 2960 922 3026 utrium,
950 2960 1019 3010 sutis
1035 2960 1245 3029 comprobarunt
1259 2961 1420 3011 Athenaeus

291 3044 324 3096 V.
341 3048 366 3110 5,
382 3048 407 3098 3.
423 3063 450 3113 p.
469 3048 519 3098 106
533 3063 560 3114 p.
587 3049 637 3099 232
658 3046 864 3116 Schweigh.**)
903 3044 1028 3097 Valesius
1053 3045 1086 3096 ud
1107 3045 1211 3112 Euagri
1226 3045 1262 3097 Η.
1277 3045 1311 3096 Ε.
1326 3045 1374 3096 lv.
1394 3049 1419 3106 l,
1528 3055 1529 3074 ¹

290 3147 354 3199 pug.
370 3132 430 3197 313,
446 3129 572 3182 Perizon.
586 3130 737 3183 ud‘helisn.
752 3132 785 3183 V.
799 3131 836 3182 H.
851 3130 903 3182 Ill.
921 3133 937 3182 5
953 3137 980 3181 et
990 3130 1156 3196 wesseling.
1172 3129 1205 3182 ud
1218 3130 1330 3181 Diodor.
1343 3129 1418 3181 XlX.

292 3213 352 3267 Vol.
373 3215 411 3266 ll,
432 3232 492 3285 pag.
508 3217 569 3270 323,
585 3245 626 3255 -
645 3217 746 3269 Verum
767 3216 801 3268 sd
823 3225 946 3267 nostrum
967 3214 1052 3267 locum
1076 3217 1182 3267 fuciunt
1202 3214 1350 3283 praecipue
1372 3214 1419 3266 illu
1528 3271 1529 3286 i

361 3413 388 3480 ³³)
416 3414 462 3480 [Iu
476 3415 625 3467 Herodiuni
636 3414 696 3466 loco
708 3417 770 3477 vll,
783 3417 809 3465 5.
823 3419 847 3478 §-
856 3414 881 3465 3.
895 3415 1008 3466 Iuimuu.
1021 3415 1162 3466 Bekhcrus
1174 3430 1281 3481 quoque
1295 3414 1420 3466 exhibuit
1528 3467 1529 3474 ς

290 3476 358 3542 τοὺς
376 3485 456 3541 ταῖς
474 3478 637 3542 αὐλείαις
658 3475 823 3548 ἐφεστῶτας.
862 3487 969 3537 Atticos
988 3499 1052 3536 vero
1068 3477 1166 3541 αὔλιος
1182 3486 1282 3536 dixisse
1298 3490 1417 3536 testetur

289 3554 390 3605 Moeris
405 3553 422 3603 l.
437 3554 455 3603 l.
473 3553 611 3606 scribens:
628 3547 712 3604 αὖλιά
724 3549 803 3618 θύρα
815 3549 946 3612 Ἀττικῶς.
987 3555 1067 3606 Unde
1084 3556 1127 3608 vcl
1144 3555 1172 3605 in
1190 3555 1292 3606 Suidse
1310 3555 1417 3605 verbis:
1452 3573 1455 3580 ·

290 3614 402 3682 αὔλειος
416 3614 503 3688 n‘u’ud
518 3615 654 3674 eouo‘uou
666 3617 763 3689 πρώτη
775 3616 855 3689 θύρα
873 3622 923 3688 τῆς
935 3617 1041 3690 οἰκίας,
1059 3641 1127 3691 quse
1142 3627 1236 3677 eadem
1249 3624 1332 3676 hebet
1347 3626 1418 3675 Her-

289 3697 412 3760 pocrstio
427 3711 454 3759 p.
469 3696 511 3759 40,
531 3696 560 3757 7,
578 3693 623 3746 rel
639 3700 750 3760 propter
770 3694 874 3758 locum,
892 3711 972 3760 quem
988 3695 1056 3745 hsec
1075 3697 1168 3762 glossa
1185 3697 1303 3759 obtinet,
1319 3687 1418 3753 αὔλιος

289 3765 460 3816 scribendum
472 3767 628 3829 suspicetur
646 3765 854 3830 Bernhardyus:
872 3780 951 3831 quum
966 3766 1079 3816 formem
1091 3767 1168 3818 vocis
1186 3768 1214 3816 in
1237 3767 1417 3831 scriptoribus

289 3841 416 3901 posterus
435 3837 535 3886 solutis
549 3836 696 3900 reperimus
715 3835 881 3898 adhibitum,
900 3836 972 3900 spud
996 3835 1102 3891 Philon.
1123 3840 1156 3888 de
1180 3839 1265 3902 Legg.
1286 3836 1415 3902 Speciell.

290 3922 315 3970 p.
328 3905 388 3957 803.
403 3905 431 3956 (1.
448 3906 522 3971 spud
532 3906 677 3970 synesium
689 3906 723 3957 de
736 3907 843 3972 prorid.
856 3922 920 3972 peg.
936 3907 984 3957 luo
998 3906 1038 3969 C.,
1054 3922 1087 3958 ne
1099 3908 1178 3971 plura
1188 3907 1309 3956 efferum.
1336 3906 1414 3970 Apud

288 3975 499 4041 Aristophanem
516 3976 581 4030 Ριιο,
598 3976 648 4027 907
660 3976 740 4027 Both.
755 3968 772 4040 ἡ
787 3967 887 4026 adleta
900 3977 1007 4033 dicitur,
1020 3978 1167 4042 eademque
1189 3976 1277 4026 forms
1290 3977 1319 4027 iu
1332 3976 1414 4040 Vesp.

291 4046 358 4098 1423
378 4048 510 4123 occurrit,
530 4047 577 4097 ubi
597 4045 669 4097 elius
683 4046 825 4098 cuiusdam
845 4049 944 4112 po'etue
959 4047 1045 4096 verbs
1062 4047 1224 4097 efferuntur:
1244 4043 1288 4103 τίς
1305 4036 1353 4095 ἐπ’
1367 4038 1416 4094 αὖ·

289 4113 388 4165 λείοισι
396 4116 502 4177 θοραις
511 4112 624 4170 θάσσει.
638 4116 671 4165 In
684 4115 843 4168 Herodotus
852 4117 929 4167 vocis
939 4116 1026 4167 forms
1035 4106 1147 4173 αὔλειος
1161 4114 1229 4165 nihil
1241 4116 1413 4166 mutandum:

290 4201 377 4251 neque
393 4188 464 4238 euim
479 4186 661 4252 diphthongus
677 4200 701 4236 ει
715 4177 744 4238 iri
758 4187 810 4238 hsc
826 4203 893 4237 voce
906 4202 993 4252 seque
1008 4191 1089 4253 utque
1104 4189 1132 4237 iu
1145 4185 1208 4237 eliis
1222 4185 1355 4237 similibus
1372 4188 1415 4250 (ut

289 4253 385 4319 θεῖος)
398 4257 481 4306 ullum
494 4259 600 4322 patitur
612 4259 806 4319 mutationem
818 4257 891 4308 conf.
905 4258 1021 4308 Bredov.
1036 4273 1100 4323 ρος.
1119 4255 1179 4309 181).
1192 4254 1255 4321 Bu]

359 4324 403 4387 '‘*l
419 4325 483 4391 [Hic
494 4327 581 4392 loeus,
595 4343 671 4393 quem
685 4327 788 4378 frustra
802 4342 927 4393 quaeres,
942 4326 1014 4377 hsud
1030 4329 1089 4378 scio
1102 4344 1137 4378 su
1149 4328 1219 4378 idem
1233 4327 1280 4390 sit,
1297 4328 1341 4393 qui
1353 4340 1413 4376 mox

289 4393 416 4475 effertur.
434 4398 479 4447 uhi
496 4396 564 4448 haec
581 4413 690 4463 quoque
704 4398 847 4463 leguntur:
863 4393 917 4446 νῦν
934 4391 966 4445 dl
982 4390 1017 4447 tol
1031 4396 1157 4463 βασίλεια
1171 4392 1301 4462 λέγουσιν
1318 4389 1412 4461 αὐλᾶς,

288 4478 382 4527 ωσπερ
397 4459 569 4530 Μένανδρος
581 4462 630 4516 sul
644 4465 766 4530 Δίφιλος
780 4483 806 4517 ιι.
820 4482 844 4517 e.
860 4464 962 4531 lsBn]

781 4737 795 4768 1
