3100 5175
460 317 829 382 ssersrouoes.
856 320 894 382 v.
916 329 960 384 es.
983 330 1025 385 es.
1122 393 1131 410 ,
1250 321 1310 384 ιω

170 497 216 587 τῷ
229 495 281 565 ἑνὶ
294 493 351 563 καὶ
365 496 568 587 τριηκοστῷ,
591 497 709 588 Αἰακῷ
728 496 862 583 τέμενος
882 490 1125 582 ἀποδέξαντας,
1146 494 1310 586 ἄρχεσθαι

169 601 229 667 τοῦ
241 595 327 687 πρὸς
342 598 524 687 Αἰγινήτας
544 600 705 686 πολέμου·
732 606 792 669 καί
808 621 869 686 σφι
888 597 1053 688 χωρήσειν
1067 597 1106 668 τὰ
1120 600 1308 687 βούλονται.

168 698 211 790 ἢν
225 702 262 797 db
277 697 400 770 αὐτίκα
416 702 735 791 ἐπιστρατεύωνται,
754 700 861 771 πολλὰ
874 706 937 791 μέν
950 722 1055 790 σφεας
1076 707 1114 772 έν
1126 709 1175 796 τῷ
1187 703 1309 794 μεταξὺ

168 809 228 874 τοῦ
248 803 376 895 χρόνον
397 814 593 892 πείσεσθαι,
620 803 725 876 πολλοὶ
749 806 786 875 dl
810 807 865 874 sal
884 806 1051 895 ποιήσειν·
1080 810 1171 888 τέλος
1195 811 1308 897 μέντοι

168 912 470 999 καταστρέψεσθαι.
515 914 626 978 Ταῦτα
655 905 698 990 ὥς
719 905 962 997 ἀπενειχθέντα
982 908 1131 999 ἥκουσαν
1151 916 1186 979 oi
1209 909 1307 1000 Ἀθη-

168 1029 275 1099 ναῖοι,
296 1016 346 1104 τῷ
358 1013 421 1101 μὲν
435 1017 552 1105 Αἰακῷ
570 1016 705 1101 τέμενος
725 1010 892 1096 ἀπέδεξαν
904 1018 1019 1100 τοῦτο,
1042 1012 1078 1082 τό
1096 1018 1162 1084 νῦν
1183 1016 1237 1084 ἐπὶ
1250 1020 1308 1103 τῆς

167 1113 292 1204 ἀγορῆς
316 1121 467 1205 ἵδρυται·
495 1115 671 1204 τριήκοντα
693 1117 730 1186 δέ
750 1124 824 1186 ἔτεα
844 1113 906 1186 οὐκ
920 1114 1116 1205 ἀνέσχοντο,
1140 1115 1305 1188 ακούσαν-

167 1245 235 1305 τες,
260 1217 349 1298 ὅκως
368 1217 478 1310 χρεων
497 1231 547 1308 εἴη
568 1222 732 1309 ἐπισχεῖν,
757 1219 970 1300 πεπονθότας
992 1218 1074 1308 πρὸς
1096 1225 1307 1310 Αἰγινητέων

166 1387 277 1437 novium
294 1384 366 1436 mele
382 1378 489 1436 elutos.
526 1386 568 1435 Ta
588 1386 659 1436 conf.
680 1385 713 1435 de

164 1456 217 1506 hoc
231 1457 372 1506 nominum
390 1457 421 1506 in
440 1458 486 1504 ΐοῖι
500 1457 654 1507 exeuntium
667 1471 712 1521 ge·

86 1535 92 1542 '
165 1541 230 1577 nere
251 1525 363 1576 lanson.
392 1527 421 1573 in
440 1524 554 1575 Seebod.
582 1531 610 1576 et
631 1524 710 1574 lehn.

164 1595 275 1645 Annall.
293 1595 369 1647 1832.
386 1593 480 1659 Suppl.
497 1595 524 1657 Ι,
536 1597 561 1645 4.
582 1609 646 1659 pag.
659 1594 707 1645 571

165 1671 192 1716 et
206 1664 264 1715 rid.
284 1664 525 1729 grammaticorum
544 1663 709 1714 Graecorum

164 1725 293 1798 ἀδίκημα
300 1732 578 1797 explicantiumlocos
592 1731 708 1783 inTbes.

163 1804 246 1868 Ling.
259 1803 359 1853 Graec.
377 1804 399 1851 Ι.
421 1817 485 1868 pag.
506 1802 558 1853 679
582 1801 625 1852 ed.
641 1803 708 1851 Din-

165 1872 235 1923 dori.
265 1873 299 1922 In
311 1872 403 1923 verbis
422 1871 651 1935 subsequentibus
669 1869 710 1935 τῷ

164 1934 206 1991 fvt
225 1937 276 1990 καὶ
298 1938 457 2006 τριηκοστῷ
475 1942 650 2007 Hoogeveeu.
671 1939 708 1989 ad

163 2013 256 2077 Viget.
263 2027 290 2075 p.
300 2010 335 2061 70
347 2014 427 2060 notet
440 2012 543 2061 numeri
553 2010 664 2060 minoris
674 2025 708 2060 ex

164 2080 282 2131 ordinali
303 2081 332 2128 in
352 2079 530 2144 principalem
552 2081 707 2130 conversio-

162 2168 238 2203 nem:
258 2166 319 2201 cum
329 2164 397 2199 sene
407 2166 454 2215 pro
465 2139 507 2197 tvl
518 2155 708 2214 exspectasses

163 2217 276 2285 προέτω,
292 2221 505 2281 tricesirropriruo
517 2234 591 2281 auno,
606 2218 707 2268 bercer

163 2307 192 2340 ea
204 2290 327 2354 deripere
340 2291 412 2348 icor,
428 2293 460 2339 ut
472 2289 572 2338 Batavi
591 2287 707 2353 loquun-

163 2363 216 2410 tur.
226 2387 263 2396 —-
274 2358 317 2409 Ad
331 2357 498 2409 locutionem
509 2351 622 2422 τέμει·ος
634 2352 706 2406 αἰπο-

162 2426 300 2489 δέξοιντας
316 2427 352 2477 cl.
362 2429 397 2487 V,
409 2428 452 2479 67.
465 2427 527 2488 Vll,
542 2427 602 2480 178.

197 2491 350 2562 χωρήσειν]
374 2498 419 2547 Ita
433 2497 497 2546 libri
510 2496 621 2556 vetusti,
638 2511 706 2561 quos

163 2583 222 2619 cum
239 2570 355 2618 recentt.
369 2566 431 2620 edd.
448 2572 559 2618 secutus
571 2581 639 2630 snm,
652 2580 706 2616 nno

163 2642 277 2701 excepto
292 2636 451 2699 Sebaeiero,
464 2639 512 2701 qui
524 2652 557 2687 ex
571 2651 624 2686 uno
640 2634 707 2685 Suu-

163 2708 244 2757 croiti
260 2706 331 2756 libre
347 2706 470 2756 exhibuit
485 2706 612 2770 χωρῆσαι
629 2705 708 2754 itern-

164 2793 213 2842 qus
239 2792 304 2825 mox
329 2771 595 2838 τατοιστρέψασθαι;
633 2775 706 2839 quod

162 2848 229 2897 citat
239 2846 273 2896 G.
284 2845 433 2897 Hermann.
445 2845 488 2896 ed.
498 2846 591 2909 Viget.
604 2860 630 2909 p.
644 2844 705 2907 775,

163 2932 214 2981 quo
232 2915 294 2967 scil.
309 2919 417 2980 pateat,
434 2930 515 2978 quem
530 2914 645 2964 licenter
659 2928 705 2963 eo·

162 2986 236 3037 ristis
253 2984 354 3035 Graeci
374 2985 476 3035 fuerint
497 2984 554 3033 usi:
579 2983 704 3047 idemque

162 3056 244 3105 etiam
256 3056 347 3105 tentrit
358 3053 495 3119 Stegmns,
509 3053 557 3118 qqi
570 3053 705 3103 intactum

161 3126 271 3190 reliquit
284 3117 435 3188 χωρήσειν.
465 3124 522 3173 Νοι
535 3126 704 3173 caeterorum

160 3194 290 3245 librorum
310 3194 386 3244 iussn
402 3192 448 3242 hic
466 3207 572 3258 quoque
591 3193 705 3242 retinui-

161 3280 218 3315 mus
233 3256 494 3326 καταστρέψεσθαι,
514 3263 584 3326 quod
597 3276 664 3312 sans
676 3259 703 3308 b.

160 3335 177 3386 1.
193 3333 380 3385 necessarium
392 3332 501 3382 videtur
515 3329 627 3394 (tandem
643 3345 703 3381 vero

159 3406 292 3468 Aeginam
306 3402 471 3453 Athenienses
483 3400 631 3451 subacturos
648 3414 705 3449 eree

160 3473 228 3524 dicit
242 3470 394 3535 oraculum)
414 3485 501 3535 aeque
515 3475 598 3534 atque
615 3471 643 3519 in
658 3483 704 3518 an-

160 3542 350 3595 tecedentibua
363 3530 518 3605 χωρήσειν;
536 3554 624 3604 neque
638 3554 702 3588 vero

160 3629 226 3678 opus
238 3604 383 3676 ἄρχεσθαι
395 3614 500 3659 mutare
511 3609 540 3658 iu
554 3596 702 3670 ἅρξεοθαι,

159 3689 188 3733 nt
202 3682 332 3746 proponit
342 3679 463 3732 Vosmel.
477 3679 511 3729 cd
523 3677 700 3729 Demosthen.

159 3752 287 3802 Contion.
308 3765 371 3815 pag.
387 3748 437 3799 109
450 3746 575 3813 Prolegg.
606 3746 648 3796 Ad
666 3747 703 3797 si·

159 3822 363 3885 gnificatioaern
376 3818 454 3869 verbi
465 3819 568 3881 χωρεῖν
580 3817 615 3867 cf.
631 3820 700 3865 nott.

158 3892 192 3942 ad
204 3891 262 3952 ΙΙΙ,
278 3892 322 3939 49.
355 3888 434 3950 Quod
452 3887 486 3936 ad
504 3888 592 3952 ipsum
609 3900 703 3936 oracu-

159 3959 249 4010 culum
271 3959 389 4020 attinet,
420 3957 703 4021 Limburg-Brouwer

151 4030 295 4101 ⁸(Histoire
309 4028 342 4078 de
357 4027 385 4077 lu
405 4025 533 4077 civiliest.
550 4025 576 4075 d.
585 4025 635 4076 Gr.
654 4025 701 4074 IV.

160 4098 232 4163 (vl.)
254 4114 319 4165 pag.
334 4096 387 4160 87,
408 4096 563 4153 existimet,
580 4093 703 4145 ‘exhiberi

158 4169 202 4220 hic
214 4167 357 4220 oraculum
370 4183 387 4216 a
396 4164 594 4227 sacerdotibus,
604 4164 651 4229 qui
663 4179 703 4215 re·

159 4254 215 4290 rum
235 4238 356 4289 omnium
376 4236 412 4286 ad
433 4237 621 4299 quaestionem
640 4249 702 4298 pro·

159 4309 275 4373 positam
291 4309 361 4359 bene
375 4307 456 4372 gneri
470 4306 573 4356 inerint
587 4303 703 4368 indeque

159 4378 226 4430 bene
247 4376 450 4440 intellexerint,
468 4374 532 4439 quid
549 4373 703 4425 iaciendum

763 1386 801 1435 sit
813 1385 1035 1448 Atheniensibus,
1048 1388 1147 1451 quibus
1163 1386 1212 1437 tali
1224 1388 1304 1438 modo

761 1455 979 1520 respondendum
990 1458 1152 1514 censuerint.
1186 1457 1251 1506 Mox
1262 1473 1305 1508 re·

762 1524 835 1574 tinui
855 1539 915 1575 curn
940 1531 1054 1576 recentt.
1081 1526 1142 1575 edd.
1166 1516 1303 1590 ἤκουσαν,

760 1584 1304 1660 caiuslocoSehoeierusol'aovouv,quod

759 1664 825 1713 ferri
836 1678 891 1714 non
907 1679 988 1728 posse
1002 1664 1102 1715 docent
1114 1663 1198 1715 allate
1211 1680 1227 1714 a
1238 1666 1304 1716 Bre-

759 1733 823 1783 dos.
834 1748 897 1797 pag.
910 1732 969 1782 997.

793 1793 826 1850 τὸ
843 1799 898 1850 νῦν
913 1794 960 1850 ἐπὶ
977 1798 1028 1867 τῆς
1045 1791 1149 1866 ἀγορῆς
1168 1799 1301 1868 ἵδρυται]

761 1872 861 1933 Quaeri
885 1872 982 1935 possit,
1008 1876 1097 1921 utrum
1116 1872 1149 1921 de
1167 1874 1304 1937 antiquiori

758 1941 964 1992 Atheniensium
977 1940 1044 2002 loro,
1056 1940 1235 2005 quodPaycls
1248 1941 1302 1992 col·

758 2010 779 2059 li
792 2012 944 2075 proximum
962 2010 1047 2060 fuisse
1063 2010 1149 2059 fertur
1167 2009 1216 2076 (el.
1230 2012 1300 2062 Ksu-

758 2096 806 2131 se:
822 2078 918 2130 Helles
932 2080 969 2142 ΙΙ,
985 2082 1007 2131 1.
1023 2094 1086 2144 pag.
1106 2079 1180 2144 103),
1193 2079 1238 2130 bic
1257 2096 1301 2131 co·

756 2149 899 2215 gitandum
920 2150 957 2200 sit
979 2164 1013 2198 an
1035 2147 1068 2198 de
1086 2151 1225 2200 recentiori
1240 2150 1300 2200 ιὀτο

756 2219 908 2284 porticibus
927 2222 1025 2269 ornato
1046 2233 1130 2284 prope
1151 2220 1301 2270 Andronici

758 2305 828 2353 quae
846 2304 918 2338 nunc
936 2292 1052 2340 vocatur
1069 2289 1181 2349 turrim,
1198 2289 1231 2339 de
1247 2305 1299 2355 quo

757 2358 794 2412 cf.
807 2358 878 2408 idem
891 2359 979 2409 Kruse
991 2358 1010 2410 1,
1025 2356 1043 2406 l.
1056 2373 1118 2424 pag.
1132 2359 1177 2408 111
1193 2374 1249 2423 seq.
1264 2360 1300 2409 At

756 2427 823 2477 mihi
832 2429 879 2479 vix
889 2428 1010 2482 dubium,
1023 2428 1087 2492 quin
1098 2428 1133 2478 de
1144 2429 1300 2493 antequiori

756 2496 816 2547 foro
828 2497 872 2547 hic
885 2512 973 2547 sermo
989 2498 1034 2560 sit,
1050 2497 1121 2561 quod
1136 2497 1164 2546 iu
1178 2497 1249 2548 valle
1260 2498 1299 2548 iu-

757 2570 802 2617 tra
813 2568 940 2632 Paycem,
954 2569 1127 2631 Areopagum
1140 2572 1168 2617 et
1179 2570 1299 2632 Aeropo·

755 2637 795 2687 lin
807 2637 894 2687 inisse
908 2636 1086 2702 probabiliter
1108 2637 1206 2686 statuit
1220 2636 1249 2688 Ο.
1263 2638 1297 2688 0.

755 2705 870 2757 Mueller
882 2706 910 2755 iu
923 2705 1017 2755 Erech.
1036 2710 1064 2756 et
1080 2706 1193 2759 Gruber.
1207 2708 1298 2771 Ency·

755 2775 877 2840 clopaed.
891 2773 951 2825 Vol.
964 2775 1012 2826 VI.
1034 2790 1095 2840 pag.
1108 2775 1169 2826 231.
1193 2777 1235 2825 De
1252 2791 1299 2824 un·
1363 2812 1365 2815 ψ

755 2846 832 2911 tique
848 2845 907 2894 soro
920 2845 1028 2905 Attico,
1048 2845 1120 2909 qnod
1134 2858 1216 2893 unum
1234 2842 1297 2907 fuit,

755 2915 894 2964 meridiem
909 2929 1004 2963 versus
1020 2913 1054 2963 ub
1062 2912 1192 2977 Acropoli
1204 2912 1297 2977 situm,

753 2982 969 3049 postLeakium:
980 2981 1155 3046 Topogrsph.
1163 2996 1189 3033 v.
1198 2981 1296 3033 Athen.

752 3068 814 3118 psg.
835 3052 882 3102 157
899 3067 973 3115 seqq.
991 3052 1031 3101 ed.
1050 3051 1151 3115 Saupp.
1175 3050 1296 3115 pluribus

754 3121 908 3180 disputavit
928 3121 1045 3170 Heuriot
1066 3120 1107 3169 in:
1141 3120 1235 3170 Rcvue
1253 3137 1295 3169 er-

754 3191 878 3251 cheolor.
895 3191 942 3239 XI.
956 3205 982 3253 p.
998 3189 1048 3238 ‘212
1063 3203 1137 3252 seqq.
1154 3190 1205 3238 257
1218 3203 1294 3253 seqq.

755 3263 817 3310 272.
843 3259 899 3310 Alii
914 3259 948 3308 ud
963 3258 1130 3309 occidentem
1150 3273 1246 3308 versus
1260 3259 1294 3308 ab

753 3329 883 3390 Acropoli
902 3328 990 3378 torum
1009 3328 1093 3379 fuisse
1111 3327 1294 3378 contendunt:

754 3413 808 3462 qna
822 3399 855 3449 de
865 3415 894 3448 re
906 3399 959 3448 vid.
968 3414 1039 3462 quae
1048 3396 1293 3461 attulitForbiger:

752 3468 861 3518 Handb.
879 3468 904 3520 d.
921 3467 969 3517 alt.
983 3467 1081 3532 Geogr.
1093 3468 1145 3518 ΙΙΙ.
1159 3482 1220 3532 pag.
1232 3466 1293 3517 939.

752 3541 865 3591 notit.

788 3598 840 3656 οὐκ
852 3596 1207 3670 ἀνέοχοντο,ἆκοιὶοαντες]
1217 3604 1295 3666 Quae

751 3677 826 3742 apud
842 3676 950 3727 Schaei.
976 3676 1066 3741 posits
1091 3677 1133 3723 est
1155 3673 1295 3724 distinctio

753 3752 817 3796 ente
829 3737 1010 3805 ἀκούσαντες,
1021 3744 1138 3794 deletam
1147 3744 1254 3806 reperio
1265 3743 1295 3792 in

752 3815 904 3879 Schweigb.
922 3820 949 3865 et
962 3814 1050 3890 (laiss.
1067 3813 1194 3874 editione,
1209 3814 1249 3860 ita
1263 3816 1294 3861 nt

751 3886 925 3951 participium
946 3875 1120 3939 ἆκονοαντες
1135 3897 1196 3931 cum
1216 3885 1293 3931 ante·

752 3956 860 4006 cedenti
876 3956 959 4004 verbo
976 3942 1130 4015 ἀνέσχοντο
1147 3953 1294 3999 connecte-

753 4029 798 4073 tur
811 4039 842 4073 eo
851 4039 911 4082 usu,
920 4038 974 4085 quo
987 4022 1010 4083 Ι,
1023 4021 1067 4072 80.
1081 4022 1114 4081 V,
1126 4018 1157 4069 19
1167 4017 1226 4082 (ubi
1236 4018 1291 4068 vid.

752 4092 836 4157 nott.)
860 4091 1032 4156 perticipium
1056 4089 1119 4138 huic
1140 4087 1223 4137 verbo
1246 4087 1293 4136 ad·

752 4162 823 4214 strui
835 4160 965 4222 vidimus,
985 4158 1056 4207 banc
1071 4159 1099 4207 in
1111 4157 1291 4207 sententium:

752 4247 802 4282 non
816 4232 985 4282 sustinuerunt
1002 4229 1101 4278 audire.
1133 4226 1188 4278 Ubi
1210 4226 1293 4277 offen-

753 4302 795 4353 dit
810 4301 909 4352 aoristi
925 4298 1117 4364 participium,
1136 4295 1213 4348 cuius
1230 4294 1291 4348 loco

752 4371 905 4438 praesentis
921 4369 1095 4436 participium
1110 4383 1178 4420 sane
1197 4382 1292 4433 exspe-
