<?xml version="1.0" encoding="UTF-8"?>
<!DOCTYPE html PUBLIC "-//W3C//DTD XHTML 1.0 Transitional//EN"
    "http://www.w3.org/TR/xhtml1/DTD/xhtml1-transitional.dtd">
<html xmlns="http://www.w3.org/1999/xhtml" xml:lang="en" lang="en">
 <head>
  <title>
</title>
<meta http-equiv="Content-Type" content="text/html;charset=utf-8" />
  <meta name='ocr-system' content='tesseract 3.04.00' />
  <meta name='ocr-capabilities' content='ocr_page ocr_carea ocr_par ocr_line ocrx_word'/>
</head>
<body>
  <div class='ocr_page' id='page_1' title='image "./herodotihalicar01unkngoog/herodotihalicar01unkngoog_0511.png"; bbox 0 0 3100 5175; ppageno 0'>
   <div class='ocr_carea' id='block_1_1' title="bbox 41 1754 260 1807">
    <p class='ocr_par' dir='ltr' id='par_1_1' title="bbox 41 1754 260 1807">
     <span class='ocr_line' id='line_1_1' title="bbox 41 1754 260 1807; baseline 0.014 -6"><span class='ocrx_word' id='word_1_1' title='bbox 41 1774 47 1807; x_wconf 81' lang='lat'>&#39;.</span> <span class='ocrx_word' id='word_1_2' title='bbox 133 1754 260 1804; x_wconf 76' lang='lat' dir='ltr'>feremus.</span> 
     </span>
    </p>
   </div>
   <div class='ocr_carea' id='block_1_2' title="bbox 454 472 1273 542">
    <p class='ocr_par' dir='ltr' id='par_1_2' title="bbox 454 472 1273 542">
     <span class='ocr_line' id='line_1_2' title="bbox 454 472 1273 542; baseline -0.001 -5"><span class='ocrx_word' id='word_1_3' title='bbox 454 472 728 537; x_wconf 85' lang='lat' dir='ltr'>POLYMNIA.</span> <span class='ocrx_word' id='word_1_4' title='bbox 751 472 823 538; x_wconf 87' lang='lat' dir='ltr'>VII.</span> <span class='ocrx_word' id='word_1_5' title='bbox 845 487 888 542; x_wconf 84' lang='lat'>33.</span> <span class='ocrx_word' id='word_1_6' title='bbox 910 488 953 542; x_wconf 80' lang='grc'><strong>34.</strong></span> <span class='ocrx_word' id='word_1_7' title='bbox 1211 473 1273 539; x_wconf 89' lang='grc'>499</span> 
     </span>
    </p>
   </div>
   <div class='ocr_carea' id='block_1_3' title="bbox 137 643 1273 945">
    <p class='ocr_par' dir='ltr' id='par_1_3' title="bbox 137 643 1273 945">
     <span class='ocr_line' id='line_1_3' title="bbox 137 643 1273 739; baseline 0.003 -23"><span class='ocrx_word' id='word_1_8' title='bbox 137 673 210 732; x_wconf 79' lang='grc' dir='ltr'><strong><em>ιιες,</em></strong></span> <span class='ocrx_word' id='word_1_9' title='bbox 238 643 358 736; x_wconf 83' lang='grc' dir='ltr'><strong><em>τὴνδ’</em></strong></span> <span class='ocrx_word' id='word_1_10' title='bbox 378 650 498 737; x_wconf 80' lang='grc' dir='ltr'><em>ἑτέρην</em></span> <span class='ocrx_word' id='word_1_11' title='bbox 524 646 586 739; x_wconf 79' lang='grc' dir='ltr'>τὴν</span> <span class='ocrx_word' id='word_1_12' title='bbox 606 656 775 737; x_wconf 77' lang='grc' dir='ltr'><strong><em>βυβλίνην</em></strong></span> <span class='ocrx_word' id='word_1_13' title='bbox 795 649 986 737; x_wconf 72' lang='grc' dir='ltr'><strong><em>Αἰγύπτιοι.</em></strong></span> <span class='ocrx_word' id='word_1_14' title='bbox 1033 656 1102 719; x_wconf 78' lang='grc' dir='ltr'><strong><em>ἔστι</em></strong></span> <span class='ocrx_word' id='word_1_15' title='bbox 1130 650 1167 719; x_wconf 67' lang='grc' dir='ltr'>δὲ</span> <span class='ocrx_word' id='word_1_16' title='bbox 1191 648 1273 720; x_wconf 73' lang='grc' dir='ltr'>ἔπτὰ</span> 
     </span>
     <span class='ocr_line' id='line_1_4' title="bbox 137 749 1273 842; baseline 0.003 -23"><span class='ocrx_word' id='word_1_17' title='bbox 137 752 266 820; x_wconf 77' lang='grc' dir='ltr'><em>στάδιοι</em></span> <span class='ocrx_word' id='word_1_18' title='bbox 288 756 320 833; x_wconf 80' lang='grc' dir='ltr'>ἐξ</span> <span class='ocrx_word' id='word_1_19' title='bbox 340 749 486 839; x_wconf 77' lang='grc' dir='ltr'><strong><em>Ἀβύδου</em></strong></span> <span class='ocrx_word' id='word_1_20' title='bbox 508 756 541 833; x_wconf 81' lang='grc' dir='ltr'>ἐς</span> <span class='ocrx_word' id='word_1_21' title='bbox 556 750 618 841; x_wconf 72' lang='grc' dir='ltr'>τήν</span> <span class='ocrx_word' id='word_1_22' title='bbox 637 749 810 822; x_wconf 81' lang='grc' dir='ltr'><strong><em>ιἰπιιντίον.</em></strong></span> <span class='ocrx_word' id='word_1_23' title='bbox 850 755 918 823; x_wconf 80' lang='grc' dir='ltr'>Καὶ</span> <span class='ocrx_word' id='word_1_24' title='bbox 940 753 981 842; x_wconf 73' lang='grc' dir='ltr'>δὴ</span> <span class='ocrx_word' id='word_1_25' title='bbox 1001 757 1200 841; x_wconf 75' lang='grc' dir='ltr'><strong><em>ἐζευγμένου</em></strong></span> <span class='ocrx_word' id='word_1_26' title='bbox 1214 759 1273 822; x_wconf 79' lang='grc' dir='ltr'>τοῦ</span> 
     </span>
     <span class='ocr_line' id='line_1_5' title="bbox 137 854 1272 945; baseline 0.002 -21"><span class='ocrx_word' id='word_1_27' title='bbox 137 855 244 942; x_wconf 76' lang='grc' dir='ltr'><strong><em>πόρου</em></strong></span> <span class='ocrx_word' id='word_1_28' title='bbox 265 856 501 944; x_wconf 73' lang='grc' dir='ltr'><strong><em>ἐπιγενόμενος</em></strong></span> <span class='ocrx_word' id='word_1_29' title='bbox 520 854 647 945; x_wconf 76' lang='grc' dir='ltr'><strong><em>χειμών</em></strong></span> <span class='ocrx_word' id='word_1_30' title='bbox 668 859 770 945; x_wconf 80' lang='grc' dir='ltr'><em>μέγας</em></span> <span class='ocrx_word' id='word_1_31' title='bbox 789 859 960 940; x_wconf 79' lang='grc' dir='ltr'><strong><em>συνέκοψέ</em></strong></span> <span class='ocrx_word' id='word_1_32' title='bbox 976 885 1012 926; x_wconf 83' lang='grc' dir='ltr'>τε</span> <span class='ocrx_word' id='word_1_33' title='bbox 1032 862 1143 927; x_wconf 80' lang='grc' dir='ltr'><strong><em>ἐκεῖνοι</em></strong></span> <span class='ocrx_word' id='word_1_34' title='bbox 1163 858 1272 926; x_wconf 77' lang='grc' dir='ltr'><strong><em>πάντα</em></strong></span> 
     </span>
    </p>
   </div>
   <div class='ocr_carea' id='block_1_4' title="bbox 133 1054 1271 1814">
    <p class='ocr_par' dir='ltr' id='par_1_4' title="bbox 133 1054 1271 1814">
     <span class='ocr_line' id='line_1_6' title="bbox 136 1054 1271 1121; baseline 0.002 -17"><span class='ocrx_word' id='word_1_35' title='bbox 136 1056 194 1105; x_wconf 81' lang='lat' dir='ltr'>sive</span> <span class='ocrx_word' id='word_1_36' title='bbox 212 1055 284 1120; x_wconf 89' lang='lat' dir='ltr'>quod</span> <span class='ocrx_word' id='word_1_37' title='bbox 306 1054 389 1121; x_wconf 83' lang='lat' dir='ltr'>(quae</span> <span class='ocrx_word' id='word_1_38' title='bbox 410 1060 452 1105; x_wconf 85' lang='lat' dir='ltr'>est</span> <span class='ocrx_word' id='word_1_39' title='bbox 471 1055 609 1105; x_wconf 83' lang='lat' dir='ltr'>sententie</span> <span class='ocrx_word' id='word_1_40' title='bbox 626 1055 678 1106; x_wconf 84' lang='lat' dir='ltr'>viri</span> <span class='ocrx_word' id='word_1_41' title='bbox 729 1055 998 1120; x_wconf 75' lang='lat' dir='ltr'>saltante-Calessi,</span> <span class='ocrx_word' id='word_1_42' title='bbox 1022 1061 1053 1107; x_wconf 92' lang='lat' dir='ltr'>ut</span> <span class='ocrx_word' id='word_1_43' title='bbox 1077 1072 1149 1108; x_wconf 89' lang='lat' dir='ltr'>nunc</span> <span class='ocrx_word' id='word_1_44' title='bbox 1170 1072 1271 1108; x_wconf 83' lang='lat' dir='ltr'>vocan-</span> 
     </span>
     <span class='ocr_line' id='line_1_7' title="bbox 135 1124 1270 1190; baseline 0.003 -17"><span class='ocrx_word' id='word_1_45' title='bbox 135 1125 210 1175; x_wconf 87' lang='lat' dir='ltr'>docti</span> <span class='ocrx_word' id='word_1_46' title='bbox 224 1127 296 1175; x_wconf 78' lang='lat' dir='ltr'>Kree</span> <span class='ocrx_word' id='word_1_47' title='bbox 311 1127 338 1174; x_wconf 90' lang='lat' dir='ltr'>in</span> <span class='ocrx_word' id='word_1_48' title='bbox 351 1126 500 1190; x_wconf 80' lang='lat' dir='ltr'><strong>scriptione</strong></span> <span class='ocrx_word' id='word_1_49' title='bbox 514 1124 549 1174; x_wconf 90' lang='lat' dir='ltr'>ad</span> <span class='ocrx_word' id='word_1_50' title='bbox 561 1125 630 1187; x_wconf 89' lang='lat' dir='ltr'>Vll,</span> <span class='ocrx_word' id='word_1_51' title='bbox 644 1125 678 1175; x_wconf 87' lang='grc'>36</span> <span class='ocrx_word' id='word_1_52' title='bbox 729 1130 790 1188; x_wconf 89' lang='lat' dir='ltr'>tur,</span> <span class='ocrx_word' id='word_1_53' title='bbox 810 1127 970 1177; x_wconf 85' lang='lat' dir='ltr'>distantiam</span> <span class='ocrx_word' id='word_1_54' title='bbox 984 1129 1024 1178; x_wconf 86' lang='lat' dir='ltr'>ait</span> <span class='ocrx_word' id='word_1_55' title='bbox 1036 1143 1095 1178; x_wconf 83' lang='lat' dir='ltr'>esse</span> <span class='ocrx_word' id='word_1_56' title='bbox 1111 1128 1163 1179; x_wconf 87' lang='grc'>606</span> <span class='ocrx_word' id='word_1_57' title='bbox 1176 1130 1270 1177; x_wconf 78' lang='lat' dir='ltr'>toises,</span> 
     </span>
     <span class='ocr_line' id='line_1_8' title="bbox 134 1192 1271 1262; baseline 0.002 -18"><span class='ocrx_word' id='word_1_58' title='bbox 134 1194 326 1260; x_wconf 78' lang='lat' dir='ltr'>laudatapag.</span> <span class='ocrx_word' id='word_1_59' title='bbox 343 1196 358 1243; x_wconf 99' lang='grc'>7</span> <span class='ocrx_word' id='word_1_60' title='bbox 373 1192 444 1260; x_wconf 86' lang='lat' dir='ltr'>seq.)</span> <span class='ocrx_word' id='word_1_61' title='bbox 463 1194 571 1244; x_wconf 91' lang='lat' dir='ltr'>duobus</span> <span class='ocrx_word' id='word_1_62' title='bbox 588 1194 679 1259; x_wconf 89' lang='lat' dir='ltr'>ponti·</span> <span class='ocrx_word' id='word_1_63' title='bbox 729 1196 807 1256; x_wconf 82' lang='lat' dir='ltr'>Quae</span> <span class='ocrx_word' id='word_1_64' title='bbox 832 1193 1013 1247; x_wconf 77' lang='lat' dir='ltr'>recentiorum</span> <span class='ocrx_word' id='word_1_65' title='bbox 1037 1199 1271 1262; x_wconf 77' lang='lat' dir='ltr'>peregrinatorum</span> 
     </span>
     <span class='ocr_line' id='line_1_9' title="bbox 134 1263 1269 1332; baseline 0.001 -18"><span class='ocrx_word' id='word_1_66' title='bbox 134 1264 186 1314; x_wconf 91' lang='lat' dir='ltr'>bus</span> <span class='ocrx_word' id='word_1_67' title='bbox 198 1265 312 1315; x_wconf 85' lang='lat' dir='ltr'>structis</span> <span class='ocrx_word' id='word_1_68' title='bbox 321 1269 350 1314; x_wconf 85' lang='lat' dir='ltr'>et</span> <span class='ocrx_word' id='word_1_69' title='bbox 363 1264 471 1330; x_wconf 90' lang='lat' dir='ltr'>quidem</span> <span class='ocrx_word' id='word_1_70' title='bbox 483 1279 536 1314; x_wconf 89' lang='lat' dir='ltr'>uuo</span> <span class='ocrx_word' id='word_1_71' title='bbox 547 1263 626 1313; x_wconf 84' lang='lat' dir='ltr'>iuxta</span> <span class='ocrx_word' id='word_1_72' title='bbox 638 1263 679 1313; x_wconf 89' lang='lat' dir='ltr'>al·</span> <span class='ocrx_word' id='word_1_73' title='bbox 728 1266 886 1315; x_wconf 75' lang='lat' dir='ltr'>testimonla</span> <span class='ocrx_word' id='word_1_74' title='bbox 899 1267 1009 1330; x_wconf 86' lang='lat' dir='ltr'>aMiot,</span> <span class='ocrx_word' id='word_1_75' title='bbox 1023 1269 1102 1318; x_wconf 82' lang='lat' dir='ltr'>Gallo</span> <span class='ocrx_word' id='word_1_76' title='bbox 1112 1268 1269 1332; x_wconf 79' lang='lat' dir='ltr'>interprete,</span> 
     </span>
     <span class='ocr_line' id='line_1_10' title="bbox 134 1325 1269 1402; baseline 0.001 -19"><span class='ocrx_word' id='word_1_77' title='bbox 134 1340 236 1396; x_wconf 88' lang='lat' dir='ltr'>terum,</span> <span class='ocrx_word' id='word_1_78' title='bbox 255 1340 400 1399; x_wconf 89' lang='lat' dir='ltr'>utrumque</span> <span class='ocrx_word' id='word_1_79' title='bbox 418 1338 528 1398; x_wconf 87' lang='lat' dir='ltr'>pontem</span> <span class='ocrx_word' id='word_1_80' title='bbox 547 1334 677 1384; x_wconf 74' lang='lat' dir='ltr'>maiorem</span> <span class='ocrx_word' id='word_1_81' title='bbox 726 1325 756 1384; x_wconf 60' lang='lat' dir='ltr'>h</span> <span class='ocrx_word' id='word_1_82' title='bbox 770 1340 836 1384; x_wconf 84' lang='lat' dir='ltr'>nota</span> <span class='ocrx_word' id='word_1_83' title='bbox 850 1336 884 1385; x_wconf 84' lang='lat' dir='ltr'>ari</span> <span class='ocrx_word' id='word_1_84' title='bbox 897 1334 923 1387; x_wconf 87' lang='lat' dir='ltr'>h.</span> <span class='ocrx_word' id='word_1_85' title='bbox 943 1335 961 1390; x_wconf 85' lang='grc'>1,</span> <span class='ocrx_word' id='word_1_86' title='bbox 978 1336 1065 1387; x_wconf 85' lang='lat' dir='ltr'>allata</span> <span class='ocrx_word' id='word_1_87' title='bbox 1082 1335 1167 1402; x_wconf 82' lang='lat' dir='ltr'>(cont.</span> <span class='ocrx_word' id='word_1_88' title='bbox 1186 1337 1269 1386; x_wconf 86' lang='lat' dir='ltr'>etiarn</span> 
     </span>
     <span class='ocr_line' id='line_1_11' title="bbox 134 1403 1268 1470; baseline 0 -17"><span class='ocrx_word' id='word_1_89' title='bbox 134 1403 326 1454; x_wconf 86' lang='lat' dir='ltr'>firmitudinem</span> <span class='ocrx_word' id='word_1_90' title='bbox 340 1404 494 1454; x_wconf 83' lang='lat' dir='ltr'>habiturum</span> <span class='ocrx_word' id='word_1_91' title='bbox 508 1405 679 1469; x_wconf 78' lang='lat' dir='ltr'>essemagis·</span> <span class='ocrx_word' id='word_1_92' title='bbox 727 1404 829 1454; x_wconf 86' lang='lat' dir='ltr'>Ukert:</span> <span class='ocrx_word' id='word_1_93' title='bbox 849 1404 946 1470; x_wconf 79' lang='lat' dir='ltr'>Gcogr.</span> <span class='ocrx_word' id='word_1_94' title='bbox 966 1406 991 1455; x_wconf 88' lang='lat' dir='ltr'>d.</span> <span class='ocrx_word' id='word_1_95' title='bbox 1008 1406 1116 1458; x_wconf 86' lang='lat' dir='ltr'>Griech.</span> <span class='ocrx_word' id='word_1_96' title='bbox 1134 1421 1160 1457; x_wconf 93' lang='lat' dir='ltr'>u.</span> <span class='ocrx_word' id='word_1_97' title='bbox 1175 1407 1268 1456; x_wconf 84' lang='lat' dir='ltr'>Roem.</span> 
     </span>
     <span class='ocr_line' id='line_1_12' title="bbox 133 1473 1268 1541; baseline -0.001 -18"><span class='ocrx_word' id='word_1_98' title='bbox 133 1490 186 1538; x_wconf 84' lang='lat' dir='ltr'>qne</span> <span class='ocrx_word' id='word_1_99' title='bbox 202 1474 363 1525; x_wconf 82' lang='lat' dir='ltr'>tutumsore</span> <span class='ocrx_word' id='word_1_100' title='bbox 378 1473 677 1538; x_wconf 83' lang='lat' dir='ltr'>putabataventorum</span> <span class='ocrx_word' id='word_1_101' title='bbox 726 1474 823 1535; x_wconf 81' lang='lat'>111,·2.</span> <span class='ocrx_word' id='word_1_102' title='bbox 848 1489 910 1540; x_wconf 78' lang='lat' dir='ltr'>pag.</span> <span class='ocrx_word' id='word_1_103' title='bbox 931 1474 1007 1539; x_wconf 85' lang='grc'><strong>137),</strong></span> <span class='ocrx_word' id='word_1_104' title='bbox 1034 1491 1088 1541; x_wconf 93' lang='lat' dir='ltr'>quo</span> <span class='ocrx_word' id='word_1_105' title='bbox 1108 1476 1187 1525; x_wconf 88' lang='lat' dir='ltr'>modo</span> <span class='ocrx_word' id='word_1_106' title='bbox 1207 1492 1268 1526; x_wconf 86' lang='lat' dir='ltr'>cunr</span> 
     </span>
     <span class='ocr_line' id='line_1_13' title="bbox 134 1543 1267 1609; baseline -0.001 -15"><span class='ocrx_word' id='word_1_107' title='bbox 134 1551 162 1594; x_wconf 87' lang='lat' dir='ltr'>et</span> <span class='ocrx_word' id='word_1_108' title='bbox 174 1545 304 1593; x_wconf 90' lang='lat' dir='ltr'>fluctuum</span> <span class='ocrx_word' id='word_1_109' title='bbox 316 1543 355 1596; x_wconf 83' lang='lat' dir='ltr'>vi.</span> <span class='ocrx_word' id='word_1_110' title='bbox 371 1545 414 1593; x_wconf 85' lang='lat' dir='ltr'>&#39;I&#39;u</span> <span class='ocrx_word' id='word_1_111' title='bbox 423 1543 478 1594; x_wconf 84' lang='lat' dir='ltr'>vid.</span> <span class='ocrx_word' id='word_1_112' title='bbox 490 1558 597 1609; x_wconf 91' lang='lat' dir='ltr'>quoque</span> <span class='ocrx_word' id='word_1_113' title='bbox 606 1558 677 1608; x_wconf 88' lang='lat' dir='ltr'>quae</span> <span class='ocrx_word' id='word_1_114' title='bbox 725 1543 880 1607; x_wconf 80' lang='lat' dir='ltr'>Herodoto,</span> <span class='ocrx_word' id='word_1_115' title='bbox 896 1545 941 1609; x_wconf 88' lang='lat' dir='ltr'>qui</span> <span class='ocrx_word' id='word_1_116' title='bbox 953 1556 1045 1607; x_wconf 81' lang='lat' dir='ltr'>septem</span> <span class='ocrx_word' id='word_1_117' title='bbox 1057 1551 1163 1595; x_wconf 87' lang='lat' dir='ltr'>tautum</span> <span class='ocrx_word' id='word_1_118' title='bbox 1174 1546 1267 1594; x_wconf 82' lang='lat' dir='ltr'>stadio</span> 
     </span>
     <span class='ocr_line' id='line_1_14' title="bbox 133 1613 1265 1681; baseline 0.004 -20"><span class='ocrx_word' id='word_1_119' title='bbox 133 1614 161 1662; x_wconf 89' lang='lat' dir='ltr'>in</span> <span class='ocrx_word' id='word_1_120' title='bbox 189 1613 303 1663; x_wconf 85' lang='lat' dir='ltr'>eandem</span> <span class='ocrx_word' id='word_1_121' title='bbox 331 1614 496 1664; x_wconf 80' lang='lat' dir='ltr'>sententIam</span> <span class='ocrx_word' id='word_1_122' title='bbox 524 1613 677 1677; x_wconf 80' lang='lat' dir='ltr'>disputavit</span> <span class='ocrx_word' id='word_1_123' title='bbox 726 1613 878 1678; x_wconf 61' lang='grc'><strong>(1131186</strong></span> <span class='ocrx_word' id='word_1_124' title='bbox 896 1614 975 1679; x_wconf 86' lang='lat' dir='ltr'>pedd.</span> <span class='ocrx_word' id='word_1_125' title='bbox 994 1615 1096 1664; x_wconf 79' lang='lat' dir='ltr'>Parios.</span> <span class='ocrx_word' id='word_1_126' title='bbox 1122 1615 1265 1681; x_wconf 64' lang='grc'><strong>11116641</strong></span> 
     </span>
     <span class='ocr_line' id='line_1_15' title="bbox 133 1682 1269 1748; baseline 0 -15"><span class='ocrx_word' id='word_1_127' title='bbox 133 1684 236 1745; x_wconf 86' lang='lat' dir='ltr'>Krnse,</span> <span class='ocrx_word' id='word_1_128' title='bbox 254 1698 331 1748; x_wconf 89' lang='lat' dir='ltr'>quem</span> <span class='ocrx_word' id='word_1_129' title='bbox 346 1683 442 1735; x_wconf 80' lang='lat' dir='ltr'>innot,</span> <span class='ocrx_word' id='word_1_130' title='bbox 458 1683 493 1732; x_wconf 91' lang='lat' dir='ltr'>ad</span> <span class='ocrx_word' id='word_1_131' title='bbox 505 1682 574 1747; x_wconf 90' lang='lat' dir='ltr'>VII,</span> <span class='ocrx_word' id='word_1_132' title='bbox 588 1682 622 1733; x_wconf 88' lang='grc'>36</span> <span class='ocrx_word' id='word_1_133' title='bbox 634 1682 677 1731; x_wconf 86' lang='lat' dir='ltr'>af·</span> <span class='ocrx_word' id='word_1_134' title='bbox 726 1682 825 1747; x_wconf 87' lang='lat' dir='ltr'>toises)</span> <span class='ocrx_word' id='word_1_135' title='bbox 848 1691 991 1748; x_wconf 89' lang='lat' dir='ltr'>utrumque</span> <span class='ocrx_word' id='word_1_136' title='bbox 1010 1683 1075 1734; x_wconf 89' lang='lat' dir='ltr'>litus</span> <span class='ocrx_word' id='word_1_137' title='bbox 1094 1684 1196 1738; x_wconf 84' lang='lat' dir='ltr'>distare</span> <span class='ocrx_word' id='word_1_138' title='bbox 1215 1689 1269 1733; x_wconf 86' lang='lat' dir='ltr'>trn·</span> 
     </span>
     <span class='ocr_line' id='line_1_16' title="bbox 727 1752 1268 1814; baseline 0 -13"><span class='ocrx_word' id='word_1_139' title='bbox 727 1752 784 1814; x_wconf 89' lang='lat' dir='ltr'>dit,</span> <span class='ocrx_word' id='word_1_140' title='bbox 805 1752 1001 1814; x_wconf 83' lang='lat' dir='ltr'>concilientur,</span> <span class='ocrx_word' id='word_1_141' title='bbox 1026 1753 1136 1803; x_wconf 81' lang='lat' dir='ltr'>difficile</span> <span class='ocrx_word' id='word_1_142' title='bbox 1157 1753 1268 1804; x_wconf 75' lang='lat' dir='ltr'>dixeris.</span> 
     </span>
    </p>
   </div>
   <div class='ocr_carea' id='block_1_5' title="bbox 168 1786 1269 1887">
    <p class='ocr_par' dir='ltr' id='par_1_5' title="bbox 168 1786 1269 1887">
     <span class='ocr_line' id='line_1_17' title="bbox 168 1786 1269 1887; baseline 0.003 -17"><span class='ocrx_word' id='word_1_143' title='bbox 168 1816 226 1872; x_wconf 80' lang='grc' dir='ltr'><strong><em>ἔστι</em></strong></span> <span class='ocrx_word' id='word_1_144' title='bbox 247 1812 278 1870; x_wconf 69' lang='grc' dir='ltr'>δὲ</span> <span class='ocrx_word' id='word_1_145' title='bbox 292 1810 363 1870; x_wconf 76' lang='grc' dir='ltr'>ἔπτὰ</span> <span class='ocrx_word' id='word_1_146' title='bbox 381 1813 490 1868; x_wconf 82' lang='grc' dir='ltr'><strong><em>στάδιοι</em></strong></span> <span class='ocrx_word' id='word_1_147' title='bbox 511 1786 539 1880; x_wconf 67' lang='grc' dir='ltr'>βξ</span> <span class='ocrx_word' id='word_1_148' title='bbox 558 1810 676 1887; x_wconf 72' lang='grc' dir='ltr'><strong><em>Ἀβύδου</em></strong></span> <span class='ocrx_word' id='word_1_149' title='bbox 725 1822 850 1886; x_wconf 82' lang='lat' dir='ltr'>Namque</span> <span class='ocrx_word' id='word_1_150' title='bbox 863 1823 909 1871; x_wconf 82' lang='lat' dir='ltr'>vir</span> <span class='ocrx_word' id='word_1_151' title='bbox 926 1822 1072 1885; x_wconf 82' lang='lat' dir='ltr'>credibile,</span> <span class='ocrx_word' id='word_1_152' title='bbox 1090 1823 1153 1873; x_wconf 89' lang='lat' dir='ltr'>inde</span> <span class='ocrx_word' id='word_1_153' title='bbox 1165 1824 1200 1873; x_wconf 84' lang='lat' dir='ltr'>ab</span> <span class='ocrx_word' id='word_1_154' title='bbox 1213 1823 1269 1873; x_wconf 89' lang='lat' dir='ltr'>He·</span> 
     </span>
    </p>
   </div>
   <div class='ocr_carea' id='block_1_6' title="bbox 128 1881 1269 3210">
    <p class='ocr_par' dir='ltr' id='par_1_6' title="bbox 128 1881 1269 3210">
     <span class='ocr_line' id='line_1_18' title="bbox 132 1881 1269 1956; baseline 0.002 -16"><span class='ocrx_word' id='word_1_155' title='bbox 132 1881 160 1948; x_wconf 65' lang='lat' dir='ltr'>lc</span> <span class='ocrx_word' id='word_1_156' title='bbox 179 1885 233 1956; x_wconf 70' lang='grc' dir='ltr'>τὴν</span> <span class='ocrx_word' id='word_1_157' title='bbox 254 1886 406 1953; x_wconf 70' lang='grc' dir='ltr'><strong><em>ἀπαντίον]</em></strong></span> <span class='ocrx_word' id='word_1_158' title='bbox 432 1883 544 1938; x_wconf 79' lang='grc' dir='ltr'><strong><em>στάδιοι</em></strong></span> <span class='ocrx_word' id='word_1_159' title='bbox 563 1891 676 1954; x_wconf 88' lang='lat' dir='ltr'>praebe·</span> <span class='ocrx_word' id='word_1_160' title='bbox 725 1891 817 1941; x_wconf 87' lang='lat' dir='ltr'>rodoti</span> <span class='ocrx_word' id='word_1_161' title='bbox 834 1895 926 1942; x_wconf 86' lang='lat' dir='ltr'>aetate</span> <span class='ocrx_word' id='word_1_162' title='bbox 944 1893 971 1941; x_wconf 90' lang='lat' dir='ltr'>in</span> <span class='ocrx_word' id='word_1_163' title='bbox 991 1898 1098 1942; x_wconf 85' lang='lat' dir='ltr'>tantum</span> <span class='ocrx_word' id='word_1_164' title='bbox 1113 1893 1269 1944; x_wconf 77' lang='lat' dir='ltr'>excrevisse</span> 
     </span>
     <span class='ocr_line' id='line_1_19' title="bbox 131 1953 1268 2022; baseline 0 -11"><span class='ocrx_word' id='word_1_165' title='bbox 131 1963 198 2011; x_wconf 89' lang='lat' dir='ltr'>bant</span> <span class='ocrx_word' id='word_1_166' title='bbox 209 1961 272 2011; x_wconf 87' lang='lat' dir='ltr'>iibri</span> <span class='ocrx_word' id='word_1_167' title='bbox 282 1959 407 2009; x_wconf 88' lang='lat' dir='ltr'>meliores</span> <span class='ocrx_word' id='word_1_168' title='bbox 421 1953 593 2022; x_wconf 80' lang='grc' dir='ltr'><strong>1ι1οοιάδιοι.</strong></span> <span class='ocrx_word' id='word_1_169' title='bbox 613 1961 674 2012; x_wconf 82' lang='lat' dir='ltr'>vid.</span> <span class='ocrx_word' id='word_1_170' title='bbox 726 1960 791 2010; x_wconf 82' lang='lat' dir='ltr'>freti</span> <span class='ocrx_word' id='word_1_171' title='bbox 802 1960 909 2010; x_wconf 87' lang='lat' dir='ltr'>alveum</span> <span class='ocrx_word' id='word_1_172' title='bbox 926 1962 1009 2011; x_wconf 82' lang='lat' dir='ltr'>maris</span> <span class='ocrx_word' id='word_1_173' title='bbox 1023 1962 1150 2012; x_wconf 89' lang='lat' dir='ltr'>fluctibus</span> <span class='ocrx_word' id='word_1_174' title='bbox 1169 1961 1268 2011; x_wconf 79' lang='lat' dir='ltr'>diluta·</span> 
     </span>
     <span class='ocr_line' id='line_1_20' title="bbox 130 2028 1267 2096; baseline 0.001 -15"><span class='ocrx_word' id='word_1_175' title='bbox 130 2032 249 2081; x_wconf 85' lang='lat' dir='ltr'>Brcdor.</span> <span class='ocrx_word' id='word_1_176' title='bbox 263 2046 326 2095; x_wconf 81' lang='lat' dir='ltr'>pag.</span> <span class='ocrx_word' id='word_1_177' title='bbox 337 2028 387 2080; x_wconf 87' lang='grc'>335</span> <span class='ocrx_word' id='word_1_178' title='bbox 399 2044 457 2093; x_wconf 89' lang='lat' dir='ltr'>seq.</span> <span class='ocrx_word' id='word_1_179' title='bbox 468 2032 496 2078; x_wconf 90' lang='lat' dir='ltr'>et</span> <span class='ocrx_word' id='word_1_180' title='bbox 507 2028 580 2078; x_wconf 81' lang='lat' dir='ltr'>conl.</span> <span class='ocrx_word' id='word_1_181' title='bbox 591 2032 675 2079; x_wconf 78' lang='lat' dir='ltr'>ettam</span> <span class='ocrx_word' id='word_1_182' title='bbox 727 2034 799 2091; x_wconf 86' lang='lat' dir='ltr'>tum,</span> <span class='ocrx_word' id='word_1_183' title='bbox 813 2037 843 2080; x_wconf 90' lang='lat' dir='ltr'>ut</span> <span class='ocrx_word' id='word_1_184' title='bbox 855 2031 1016 2094; x_wconf 82' lang='lat' dir='ltr'>quibusdam</span> <span class='ocrx_word' id='word_1_185' title='bbox 1028 2031 1164 2096; x_wconf 78' lang='lat' dir='ltr'>placuisse</span> <span class='ocrx_word' id='word_1_186' title='bbox 1176 2032 1267 2083; x_wconf 83' lang='lat' dir='ltr'>video.</span> 
     </span>
     <span class='ocr_line' id='line_1_21' title="bbox 131 2098 1267 2166; baseline 0.003 -17"><span class='ocrx_word' id='word_1_187' title='bbox 131 2102 163 2152; x_wconf 87' lang='lat' dir='ltr'>de</span> <span class='ocrx_word' id='word_1_188' title='bbox 177 2106 318 2151; x_wconf 85' lang='lat' dir='ltr'>structura</span> <span class='ocrx_word' id='word_1_189' title='bbox 332 2104 402 2147; x_wconf 89' lang='lat' dir='ltr'>nott.</span> <span class='ocrx_word' id='word_1_190' title='bbox 417 2099 452 2147; x_wconf 85' lang='lat' dir='ltr'>ad</span> <span class='ocrx_word' id='word_1_191' title='bbox 468 2098 551 2160; x_wconf 64' lang='lat' dir='ltr'>uuo.</span> <span class='ocrx_word' id='word_1_192' title='bbox 567 2100 615 2162; x_wconf 87' lang='lat' dir='ltr'>IV,</span> <span class='ocrx_word' id='word_1_193' title='bbox 630 2100 673 2150; x_wconf 83' lang='lat'>85.</span> <span class='ocrx_word' id='word_1_194' title='bbox 725 2099 805 2150; x_wconf 79' lang='lat' dir='ltr'>Cous.</span> <span class='ocrx_word' id='word_1_195' title='bbox 832 2100 1124 2152; x_wconf 74' lang='lat' dir='ltr'>choiseul-Gouffier:</span> <span class='ocrx_word' id='word_1_196' title='bbox 1155 2101 1267 2166; x_wconf 78' lang='lat' dir='ltr'>Voyage</span> 
     </span>
     <span class='ocr_line' id='line_1_22' title="bbox 131 2159 1268 2236; baseline 0.001 -16"><span class='ocrx_word' id='word_1_197' title='bbox 131 2159 675 2233; x_wconf 56' lang='lat' dir='ltr'>—&#39;Adverbumlrcryevdpesocmuper-</span> <span class='ocrx_word' id='word_1_198' title='bbox 724 2171 961 2234; x_wconf 90' lang='lat' dir='ltr'>pittoresqueetc.</span> <span class='ocrx_word' id='word_1_199' title='bbox 978 2170 1015 2219; x_wconf 92' lang='lat'>11.</span> <span class='ocrx_word' id='word_1_200' title='bbox 1032 2172 1171 2236; x_wconf 79' lang='lat' dir='ltr'>pag.447.</span> <span class='ocrx_word' id='word_1_201' title='bbox 1210 2173 1268 2221; x_wconf 88' lang='lat' dir='ltr'>Nec</span> 
     </span>
     <span class='ocr_line' id='line_1_23' title="bbox 130 2238 1266 2373; baseline -0.002 -12"><span class='ocrx_word' id='word_1_202' title='bbox 130 2238 674 2361; x_wconf 65' lang='grc'><strong>119131511113111119</strong></span> <span class='ocrx_word' id='word_1_203' title='bbox 722 2239 1266 2373; x_wconf 57' lang='lat' dir='ltr'>trull.titt.¹tt⁸.i¹·.l.t3ttt</span> 
     </span>
     <span class='ocr_line' id='line_1_24' title="bbox 130 2375 1266 2445; baseline 0.001 -17"><span class='ocrx_word' id='word_1_204' title='bbox 130 2380 282 2430; x_wconf 83' lang='lat' dir='ltr'>Hermann.</span> <span class='ocrx_word' id='word_1_205' title='bbox 293 2378 328 2427; x_wconf 88' lang='lat' dir='ltr'>ad</span> <span class='ocrx_word' id='word_1_206' title='bbox 340 2376 441 2428; x_wconf 88' lang='lat' dir='ltr'>tuenda</span> <span class='ocrx_word' id='word_1_207' title='bbox 451 2375 579 2442; x_wconf 77' lang='lat' dir='ltr'>Aeschyli</span> <span class='ocrx_word' id='word_1_208' title='bbox 590 2377 674 2428; x_wconf 80' lang='lat' dir='ltr'>rerba</span> <span class='ocrx_word' id='word_1_209' title='bbox 723 2382 754 2428; x_wconf 92' lang='lat' dir='ltr'>ut</span> <span class='ocrx_word' id='word_1_210' title='bbox 764 2379 880 2429; x_wconf 82' lang='lat' dir='ltr'>maxime</span> <span class='ocrx_word' id='word_1_211' title='bbox 890 2378 1057 2443; x_wconf 87' lang='lat' dir='ltr'>probabilem</span> <span class='ocrx_word' id='word_1_212' title='bbox 1067 2380 1209 2443; x_wconf 87' lang='lat' dir='ltr'>accedens,</span> <span class='ocrx_word' id='word_1_213' title='bbox 1218 2381 1266 2445; x_wconf 89' lang='lat' dir='ltr'>qui</span> 
     </span>
     <span class='ocr_line' id='line_1_25' title="bbox 131 2445 1268 2514; baseline 0.001 -16"><span class='ocrx_word' id='word_1_214' title='bbox 131 2450 157 2498; x_wconf 93' lang='lat' dir='ltr'>in</span> <span class='ocrx_word' id='word_1_215' title='bbox 168 2451 260 2501; x_wconf 79' lang='lat' dir='ltr'>Peras.</span> <span class='ocrx_word' id='word_1_216' title='bbox 272 2446 324 2498; x_wconf 79' lang='lat'>390</span> <span class='ocrx_word' id='word_1_217' title='bbox 334 2451 361 2498; x_wconf 88' lang='lat' dir='ltr'>et</span> <span class='ocrx_word' id='word_1_218' title='bbox 371 2447 430 2506; x_wconf 79' lang='lat'>257,</span> <span class='ocrx_word' id='word_1_219' title='bbox 440 2445 487 2495; x_wconf 89' lang='lat' dir='ltr'>ubi</span> <span class='ocrx_word' id='word_1_220' title='bbox 497 2447 590 2496; x_wconf 88' lang='lat' dir='ltr'>eodem</span> <span class='ocrx_word' id='word_1_221' title='bbox 600 2462 676 2512; x_wconf 92' lang='lat' dir='ltr'>pror·</span> <span class='ocrx_word' id='word_1_222' title='bbox 722 2450 806 2498; x_wconf 79' lang='lat' dir='ltr'>decern</span> <span class='ocrx_word' id='word_1_223' title='bbox 820 2449 910 2499; x_wconf 88' lang='lat' dir='ltr'>stadia</span> <span class='ocrx_word' id='word_1_224' title='bbox 925 2447 1131 2514; x_wconf 86' lang='lat' dir='ltr'>Hellespontum</span> <span class='ocrx_word' id='word_1_225' title='bbox 1144 2465 1216 2499; x_wconf 88' lang='lat' dir='ltr'>nunc</span> <span class='ocrx_word' id='word_1_226' title='bbox 1228 2449 1268 2499; x_wconf 83' lang='lat' dir='ltr'>la·</span> 
     </span>
     <span class='ocr_line' id='line_1_26' title="bbox 131 2510 1265 2583; baseline 0.002 -16"><span class='ocrx_word' id='word_1_227' title='bbox 131 2534 177 2568; x_wconf 84' lang='lat' dir='ltr'>sus</span> <span class='ocrx_word' id='word_1_228' title='bbox 190 2517 270 2568; x_wconf 89' lang='lat' dir='ltr'>modo</span> <span class='ocrx_word' id='word_1_229' title='bbox 285 2516 377 2581; x_wconf 87' lang='lat' dir='ltr'>posite</span> <span class='ocrx_word' id='word_1_230' title='bbox 391 2516 566 2566; x_wconf 86' lang='lat' dir='ltr'>inveniuntur</span> <span class='ocrx_word' id='word_1_231' title='bbox 580 2510 674 2566; x_wconf 79' lang='grc' dir='ltr'><strong><em>πάντα</em></strong></span> <span class='ocrx_word' id='word_1_232' title='bbox 724 2523 781 2567; x_wconf 92' lang='lat' dir='ltr'>tum</span> <span class='ocrx_word' id='word_1_233' title='bbox 796 2533 855 2569; x_wconf 83' lang='lat' dir='ltr'>esse</span> <span class='ocrx_word' id='word_1_234' title='bbox 865 2521 957 2570; x_wconf 91' lang='lat' dir='ltr'>sumit.</span> <span class='ocrx_word' id='word_1_235' title='bbox 983 2518 1078 2569; x_wconf 82' lang='lat' dir='ltr'>Adhuc</span> <span class='ocrx_word' id='word_1_236' title='bbox 1089 2535 1143 2569; x_wconf 90' lang='lat' dir='ltr'>non</span> <span class='ocrx_word' id='word_1_237' title='bbox 1154 2536 1185 2569; x_wconf 91' lang='lat' dir='ltr'>eo</span> <span class='ocrx_word' id='word_1_238' title='bbox 1195 2519 1265 2583; x_wconf 82' lang='lat' dir='ltr'>loco,</span> 
     </span>
     <span class='ocr_line' id='line_1_27' title="bbox 130 2579 1267 2653; baseline 0.002 -16"><span class='ocrx_word' id='word_1_239' title='bbox 130 2579 241 2653; x_wconf 68' lang='grc' dir='ltr'>ἐκεῖνοι,</span> <span class='ocrx_word' id='word_1_240' title='bbox 257 2586 300 2639; x_wconf 88' lang='lat' dir='ltr'>vel</span> <span class='ocrx_word' id='word_1_241' title='bbox 316 2579 409 2635; x_wconf 77' lang='grc' dir='ltr'><strong><em>πάντα</em></strong></span> <span class='ocrx_word' id='word_1_242' title='bbox 419 2581 522 2649; x_wconf 78' lang='grc' dir='ltr'><strong>ταῦτα,</strong></span> <span class='ocrx_word' id='word_1_243' title='bbox 536 2592 567 2638; x_wconf 89' lang='lat' dir='ltr'>ut</span> <span class='ocrx_word' id='word_1_244' title='bbox 578 2588 607 2636; x_wconf 90' lang='lat' dir='ltr'>in</span> <span class='ocrx_word' id='word_1_245' title='bbox 619 2588 674 2638; x_wconf 84' lang='lat' dir='ltr'>En·</span> <span class='ocrx_word' id='word_1_246' title='bbox 724 2603 776 2652; x_wconf 93' lang='lat' dir='ltr'>quo</span> <span class='ocrx_word' id='word_1_247' title='bbox 788 2589 887 2639; x_wconf 85' lang='lat' dir='ltr'>Xerxis</span> <span class='ocrx_word' id='word_1_248' title='bbox 902 2589 998 2653; x_wconf 89' lang='lat' dir='ltr'>copiae</span> <span class='ocrx_word' id='word_1_249' title='bbox 1010 2591 1192 2651; x_wconf 88' lang='lat' dir='ltr'>transierunt,</span> <span class='ocrx_word' id='word_1_250' title='bbox 1210 2595 1267 2639; x_wconf 83' lang='lat' dir='ltr'>tra-</span> 
     </span>
     <span class='ocr_line' id='line_1_28' title="bbox 130 2655 1266 2723; baseline 0 -15"><span class='ocrx_word' id='word_1_251' title='bbox 130 2659 248 2710; x_wconf 80' lang='grc' dir='ltr'><strong>111εηί66.</strong></span> <span class='ocrx_word' id='word_1_252' title='bbox 264 2656 321 2707; x_wconf 91' lang='grc'><strong>113.</strong></span> <span class='ocrx_word' id='word_1_253' title='bbox 350 2657 427 2717; x_wconf 78' lang='lat' dir='ltr'>Quod</span> <span class='ocrx_word' id='word_1_254' title='bbox 439 2655 475 2705; x_wconf 80' lang='lat' dir='ltr'>ad</span> <span class='ocrx_word' id='word_1_255' title='bbox 485 2661 673 2722; x_wconf 77' lang='lat' dir='ltr'>argumentum</span> <span class='ocrx_word' id='word_1_256' title='bbox 724 2659 812 2709; x_wconf 89' lang='lat' dir='ltr'>iectus</span> <span class='ocrx_word' id='word_1_257' title='bbox 823 2658 881 2709; x_wconf 86' lang='lat' dir='ltr'>fieri</span> <span class='ocrx_word' id='word_1_258' title='bbox 895 2658 978 2721; x_wconf 89' lang='lat' dir='ltr'>solet,</span> <span class='ocrx_word' id='word_1_259' title='bbox 994 2659 1042 2710; x_wconf 90' lang='lat' dir='ltr'>sed</span> <span class='ocrx_word' id='word_1_260' title='bbox 1054 2659 1115 2709; x_wconf 92' lang='lat' dir='ltr'>loco</span> <span class='ocrx_word' id='word_1_261' title='bbox 1127 2659 1266 2723; x_wconf 89' lang='lat' dir='ltr'>paululum</span> 
     </span>
     <span class='ocr_line' id='line_1_29' title="bbox 128 2726 1265 2792; baseline 0.001 -16"><span class='ocrx_word' id='word_1_262' title='bbox 128 2726 318 2789; x_wconf 80' lang='lat' dir='ltr'>looi&#39;ettinet,</span> <span class='ocrx_word' id='word_1_263' title='bbox 347 2741 409 2775; x_wconf 84' lang='lat' dir='ltr'>cunr</span> <span class='ocrx_word' id='word_1_264' title='bbox 428 2726 562 2777; x_wconf 86' lang='lat' dir='ltr'>Herodoti</span> <span class='ocrx_word' id='word_1_265' title='bbox 581 2735 674 2789; x_wconf 77' lang='lat' dir='ltr'>reptem</span> <span class='ocrx_word' id='word_1_266' title='bbox 723 2727 852 2778; x_wconf 88' lang='lat' dir='ltr'>inferiore</span> <span class='ocrx_word' id='word_1_267' title='bbox 874 2744 958 2792; x_wconf 92' lang='lat' dir='ltr'>prope</span> <span class='ocrx_word' id='word_1_268' title='bbox 985 2743 1063 2778; x_wconf 87' lang='lat' dir='ltr'>arces</span> <span class='ocrx_word' id='word_1_269' title='bbox 1083 2729 1171 2779; x_wconf 90' lang='lat' dir='ltr'>medio</span> <span class='ocrx_word' id='word_1_270' title='bbox 1197 2744 1265 2778; x_wconf 83' lang='lat' dir='ltr'>aero</span> 
     </span>
     <span class='ocr_line' id='line_1_30' title="bbox 128 2796 1267 2861; baseline 0.001 -14"><span class='ocrx_word' id='word_1_271' title='bbox 128 2800 223 2849; x_wconf 81' lang='lat' dir='ltr'>stodiis·</span> <span class='ocrx_word' id='word_1_272' title='bbox 238 2797 344 2861; x_wconf 87' lang='lat' dir='ltr'>reliqua</span> <span class='ocrx_word' id='word_1_273' title='bbox 359 2796 441 2845; x_wconf 85' lang='lat' dir='ltr'>etiam</span> <span class='ocrx_word' id='word_1_274' title='bbox 456 2799 578 2847; x_wconf 88' lang='lat' dir='ltr'>veterum</span> <span class='ocrx_word' id='word_1_275' title='bbox 594 2799 674 2847; x_wconf 85' lang='lat' dir='ltr'>testi·</span> <span class='ocrx_word' id='word_1_276' title='bbox 723 2802 879 2847; x_wconf 84' lang='lat' dir='ltr'>exstructas</span> <span class='ocrx_word' id='word_1_277' title='bbox 898 2796 1016 2861; x_wconf 88' lang='lat' dir='ltr'>indeque</span> <span class='ocrx_word' id='word_1_278' title='bbox 1033 2797 1176 2847; x_wconf 84' lang='lat' dir='ltr'>admodum</span> <span class='ocrx_word' id='word_1_279' title='bbox 1196 2798 1267 2848; x_wconf 91' lang='lat' dir='ltr'>cele·</span> 
     </span>
     <span class='ocr_line' id='line_1_31' title="bbox 130 2859 1267 2930; baseline -0.002 -13"><span class='ocrx_word' id='word_1_280' title='bbox 130 2869 221 2918; x_wconf 82' lang='lat' dir='ltr'>monia</span> <span class='ocrx_word' id='word_1_281' title='bbox 248 2866 305 2916; x_wconf 80' lang='lat' dir='ltr'>fere</span> <span class='ocrx_word' id='word_1_282' title='bbox 335 2865 515 2930; x_wconf 82' lang='lat' dir='ltr'>conveniunt,</span> <span class='ocrx_word' id='word_1_283' title='bbox 545 2859 631 2915; x_wconf 85' lang='lat' dir='ltr'>all&#39;ata</span> <span class='ocrx_word' id='word_1_284' title='bbox 657 2881 675 2915; x_wconf 83' lang='lat' dir='ltr'>a</span> <span class='ocrx_word' id='word_1_285' title='bbox 723 2866 1267 2930; x_wconf 82' lang='lat' dir='ltr'>bratas,quibusnomenKiltdulBelrr</span> 
     </span>
     <span class='ocr_line' id='line_1_32' title="bbox 130 2934 1266 3001; baseline -0.003 -13"><span class='ocrx_word' id='word_1_286' title='bbox 130 2938 229 2988; x_wconf 80' lang='lat' dir='ltr'>lirusio</span> <span class='ocrx_word' id='word_1_287' title='bbox 244 2936 261 2985; x_wconf 93' lang='lat' dir='ltr'>l.</span> <span class='ocrx_word' id='word_1_288' title='bbox 276 2935 293 2989; x_wconf 85' lang='lat' dir='ltr'>l.</span> <span class='ocrx_word' id='word_1_289' title='bbox 307 2950 370 3000; x_wconf 79' lang='lat' dir='ltr'>pag.</span> <span class='ocrx_word' id='word_1_290' title='bbox 385 2935 417 2985; x_wconf 89' lang='grc'>77</span> <span class='ocrx_word' id='word_1_291' title='bbox 430 2950 506 3000; x_wconf 87' lang='lat' dir='ltr'>seqq.</span> <span class='ocrx_word' id='word_1_292' title='bbox 523 2950 577 2985; x_wconf 94' lang='lat' dir='ltr'>uno</span> <span class='ocrx_word' id='word_1_293' title='bbox 597 2951 674 2986; x_wconf 83' lang='lat' dir='ltr'>exce·</span> <span class='ocrx_word' id='word_1_294' title='bbox 723 2934 754 2998; x_wconf 89' lang='lat' dir='ltr'>(i.</span> <span class='ocrx_word' id='word_1_295' title='bbox 769 2950 794 2985; x_wconf 92' lang='lat' dir='ltr'>e.</span> <span class='ocrx_word' id='word_1_296' title='bbox 807 2936 889 2986; x_wconf 85' lang='lat' dir='ltr'>maris</span> <span class='ocrx_word' id='word_1_297' title='bbox 902 2935 998 2998; x_wconf 82' lang='lat' dir='ltr'>clavis)</span> <span class='ocrx_word' id='word_1_298' title='bbox 1009 2937 1036 2984; x_wconf 93' lang='lat' dir='ltr'>in</span> <span class='ocrx_word' id='word_1_299' title='bbox 1049 2937 1177 3001; x_wconf 83' lang='lat' dir='ltr'>Europae</span> <span class='ocrx_word' id='word_1_300' title='bbox 1185 2936 1266 2986; x_wconf 74' lang='lat' dir='ltr'>lito‘re</span> 
     </span>
     <span class='ocr_line' id='line_1_33' title="bbox 129 3003 1265 3072; baseline -0.002 -15"><span class='ocrx_word' id='word_1_301' title='bbox 129 3013 177 3072; x_wconf 92' lang='lat' dir='ltr'>pto</span> <span class='ocrx_word' id='word_1_302' title='bbox 192 3004 374 3069; x_wconf 82' lang='lat' dir='ltr'>Xenophonte</span> <span class='ocrx_word' id='word_1_303' title='bbox 387 3004 462 3056; x_wconf 89' lang='lat' dir='ltr'>Hist.</span> <span class='ocrx_word' id='word_1_304' title='bbox 477 3005 524 3066; x_wconf 91' lang='lat' dir='ltr'>IV,</span> <span class='ocrx_word' id='word_1_305' title='bbox 537 3005 563 3064; x_wconf 81' lang='lat'>8,</span> <span class='ocrx_word' id='word_1_306' title='bbox 576 3007 605 3064; x_wconf 85' lang='grc'>5,</span> <span class='ocrx_word' id='word_1_307' title='bbox 625 3005 673 3070; x_wconf 87' lang='lat' dir='ltr'>qui</span> <span class='ocrx_word' id='word_1_308' title='bbox 723 3010 751 3055; x_wconf 87' lang='lat' dir='ltr'>et</span> <span class='ocrx_word' id='word_1_309' title='bbox 768 3003 1041 3055; x_wconf 69' lang='lat' dir='ltr'>Troianos-Karana·</span> <span class='ocrx_word' id='word_1_310' title='bbox 1056 3005 1087 3070; x_wconf 90' lang='lat' dir='ltr'>(i.</span> <span class='ocrx_word' id='word_1_311' title='bbox 1106 3021 1129 3059; x_wconf 90' lang='lat' dir='ltr'>e.</span> <span class='ocrx_word' id='word_1_312' title='bbox 1148 3005 1265 3056; x_wconf 88' lang='lat' dir='ltr'>lancium</span> 
     </span>
     <span class='ocr_line' id='line_1_34' title="bbox 129 3072 1267 3141; baseline -0.003 -14"><span class='ocrx_word' id='word_1_313' title='bbox 129 3084 183 3127; x_wconf 83' lang='lat' dir='ltr'>octo</span> <span class='ocrx_word' id='word_1_314' title='bbox 197 3075 277 3141; x_wconf 91' lang='lat' dir='ltr'>ponit</span> <span class='ocrx_word' id='word_1_315' title='bbox 297 3075 404 3134; x_wconf 83' lang='lat' dir='ltr'>stadia,</span> <span class='ocrx_word' id='word_1_316' title='bbox 427 3079 455 3122; x_wconf 92' lang='lat' dir='ltr'>et</span> <span class='ocrx_word' id='word_1_317' title='bbox 466 3072 581 3138; x_wconf 88' lang='lat' dir='ltr'>Polybio</span> <span class='ocrx_word' id='word_1_318' title='bbox 598 3075 677 3138; x_wconf 74' lang='lat' dir='ltr'>XVI,</span> <span class='ocrx_word' id='word_1_319' title='bbox 721 3073 820 3138; x_wconf 86' lang='lat' dir='ltr'>clavis)</span> <span class='ocrx_word' id='word_1_320' title='bbox 830 3075 858 3123; x_wconf 91' lang='lat' dir='ltr'>in</span> <span class='ocrx_word' id='word_1_321' title='bbox 868 3074 991 3124; x_wconf 83' lang='lat' dir='ltr'>Asiatico</span> <span class='ocrx_word' id='word_1_322' title='bbox 1001 3072 1089 3137; x_wconf 90' lang='lat' dir='ltr'>litore,</span> <span class='ocrx_word' id='word_1_323' title='bbox 1101 3080 1172 3125; x_wconf 87' lang='lat' dir='ltr'>teste</span> <span class='ocrx_word' id='word_1_324' title='bbox 1182 3076 1267 3125; x_wconf 87' lang='lat' dir='ltr'>Hum-</span> 
     </span>
     <span class='ocr_line' id='line_1_35' title="bbox 132 3143 1265 3210; baseline -0.002 -15"><span class='ocrx_word' id='word_1_325' title='bbox 132 3147 178 3210; x_wconf 90' lang='grc'>14,</span> <span class='ocrx_word' id='word_1_326' title='bbox 196 3144 269 3210; x_wconf 85' lang='lat' dir='ltr'>apud</span> <span class='ocrx_word' id='word_1_327' title='bbox 284 3159 363 3208; x_wconf 92' lang='lat' dir='ltr'>quem</span> <span class='ocrx_word' id='word_1_328' title='bbox 381 3144 430 3192; x_wconf 86' lang='lat' dir='ltr'>duo</span> <span class='ocrx_word' id='word_1_329' title='bbox 446 3143 602 3193; x_wconf 86' lang='lat' dir='ltr'>indicantur</span> <span class='ocrx_word' id='word_1_330' title='bbox 616 3149 673 3192; x_wconf 88' lang='lat' dir='ltr'>ste·</span> <span class='ocrx_word' id='word_1_331' title='bbox 723 3159 797 3195; x_wconf 89' lang='lat' dir='ltr'>mero</span> <span class='ocrx_word' id='word_1_332' title='bbox 811 3145 854 3193; x_wconf 89' lang='lat' dir='ltr'>in:</span> <span class='ocrx_word' id='word_1_333' title='bbox 875 3144 961 3193; x_wconf 88' lang='lat' dir='ltr'>Wien.</span> <span class='ocrx_word' id='word_1_334' title='bbox 976 3143 1090 3194; x_wconf 81' lang='lat' dir='ltr'>Jahrbb.</span> <span class='ocrx_word' id='word_1_335' title='bbox 1104 3145 1166 3196; x_wconf 89' lang='lat' dir='ltr'>Vol.</span> <span class='ocrx_word' id='word_1_336' title='bbox 1179 3145 1265 3195; x_wconf 90' lang='lat' dir='ltr'>LVII.</span> 
     </span>
    </p>
   </div>
   <div class='ocr_carea' id='block_1_7' title="bbox 127 3212 675 4606">
    <p class='ocr_par' dir='ltr' id='par_1_7' title="bbox 127 3212 675 4606">
     <span class='ocr_line' id='line_1_36' title="bbox 128 3212 672 3279; baseline -0.011 -14"><span class='ocrx_word' id='word_1_337' title='bbox 128 3214 186 3279; x_wconf 84' lang='lat' dir='ltr'>dia,</span> <span class='ocrx_word' id='word_1_338' title='bbox 201 3215 384 3274; x_wconf 88' lang='lat' dir='ltr'>librariorum,</span> <span class='ocrx_word' id='word_1_339' title='bbox 398 3217 429 3262; x_wconf 91' lang='lat' dir='ltr'>ut</span> <span class='ocrx_word' id='word_1_340' title='bbox 440 3212 559 3275; x_wconf 83' lang='lat' dir='ltr'>ridetur,</span> <span class='ocrx_word' id='word_1_341' title='bbox 572 3227 672 3263; x_wconf 88' lang='lat' dir='ltr'>errore.</span> 
     </span>
     <span class='ocr_line' id='line_1_37' title="bbox 128 3282 673 3357; baseline -0.006 -22"><span class='ocrx_word' id='word_1_342' title='bbox 128 3286 222 3357; x_wconf 83' lang='lat' dir='ltr'>Neque</span> <span class='ocrx_word' id='word_1_343' title='bbox 240 3299 305 3333; x_wconf 83' lang='lat' dir='ltr'>vero</span> <span class='ocrx_word' id='word_1_344' title='bbox 324 3282 510 3332; x_wconf 87' lang='lat' dir='ltr'>accuratiores</span> <span class='ocrx_word' id='word_1_345' title='bbox 529 3297 673 3340; x_wconf 84' lang='lat' dir='ltr'>mensurae</span> 
     </span>
     <span class='ocr_line' id='line_1_38' title="bbox 127 3352 672 3417; baseline 0 -14"><span class='ocrx_word' id='word_1_346' title='bbox 127 3353 275 3405; x_wconf 90' lang='lat' dir='ltr'>recentiori</span> <span class='ocrx_word' id='word_1_347' title='bbox 293 3357 384 3402; x_wconf 80' lang='lat' dir='ltr'>aetate</span> <span class='ocrx_word' id='word_1_348' title='bbox 398 3352 543 3402; x_wconf 87' lang='lat' dir='ltr'>institutae</span> <span class='ocrx_word' id='word_1_349' title='bbox 562 3368 672 3417; x_wconf 91' lang='lat' dir='ltr'>prorsus</span> 
     </span>
     <span class='ocr_line' id='line_1_39' title="bbox 128 3422 673 3489; baseline -0.002 -16"><span class='ocrx_word' id='word_1_350' title='bbox 128 3427 291 3489; x_wconf 83' lang='lat' dir='ltr'>congruunt.</span> <span class='ocrx_word' id='word_1_351' title='bbox 316 3423 354 3472; x_wconf 91' lang='lat' dir='ltr'>Ut</span> <span class='ocrx_word' id='word_1_352' title='bbox 374 3422 444 3471; x_wconf 87' lang='lat' dir='ltr'>enim</span> <span class='ocrx_word' id='word_1_353' title='bbox 464 3422 497 3471; x_wconf 91' lang='lat' dir='ltr'>de</span> <span class='ocrx_word' id='word_1_354' title='bbox 507 3422 673 3472; x_wconf 85' lang='lat' dir='ltr'>Tournefor·</span> 
     </span>
     <span class='ocr_line' id='line_1_40' title="bbox 129 3491 672 3556; baseline -0.002 -14"><span class='ocrx_word' id='word_1_355' title='bbox 129 3494 168 3543; x_wconf 92' lang='lat' dir='ltr'>tio</span> <span class='ocrx_word' id='word_1_356' title='bbox 181 3501 304 3553; x_wconf 84' lang='lat' dir='ltr'>taceam,</span> <span class='ocrx_word' id='word_1_357' title='bbox 319 3492 363 3556; x_wconf 90' lang='lat' dir='ltr'>qui</span> <span class='ocrx_word' id='word_1_358' title='bbox 378 3492 486 3556; x_wconf 77' lang='lat' dir='ltr'>angusti</span> <span class='ocrx_word' id='word_1_359' title='bbox 499 3491 672 3543; x_wconf 89' lang='lat' dir='ltr'>latitudinem</span> 
     </span>
     <span class='ocr_line' id='line_1_41' title="bbox 127 3560 674 3626; baseline -0.005 -13"><span class='ocrx_word' id='word_1_360' title='bbox 127 3578 209 3614; x_wconf 90' lang='lat' dir='ltr'>unum</span> <span class='ocrx_word' id='word_1_361' title='bbox 239 3562 396 3611; x_wconf 86' lang='lat' dir='ltr'>milliarium</span> <span class='ocrx_word' id='word_1_362' title='bbox 423 3560 567 3626; x_wconf 78' lang='lat' dir='ltr'>Anglicum</span> <span class='ocrx_word' id='word_1_363' title='bbox 592 3562 674 3612; x_wconf 89' lang='lat' dir='ltr'>aesti-</span> 
     </span>
     <span class='ocr_line' id='line_1_42' title="bbox 128 3630 672 3697; baseline 0 -16"><span class='ocrx_word' id='word_1_364' title='bbox 128 3637 199 3694; x_wconf 83' lang='lat' dir='ltr'>mat,</span> <span class='ocrx_word' id='word_1_365' title='bbox 219 3630 292 3697; x_wconf 88' lang='lat' dir='ltr'>quod</span> <span class='ocrx_word' id='word_1_366' title='bbox 305 3637 407 3694; x_wconf 87' lang='lat' dir='ltr'>septem</span> <span class='ocrx_word' id='word_1_367' title='bbox 420 3630 505 3681; x_wconf 84' lang='lat' dir='ltr'>ferme</span> <span class='ocrx_word' id='word_1_368' title='bbox 519 3631 611 3681; x_wconf 79' lang='lat' dir='ltr'>stadIa</span> <span class='ocrx_word' id='word_1_369' title='bbox 626 3648 672 3682; x_wconf 86' lang='lat' dir='ltr'>ex·</span> 
     </span>
     <span class='ocr_line' id='line_1_43' title="bbox 128 3700 672 3767; baseline 0 -16"><span class='ocrx_word' id='word_1_370' title='bbox 128 3716 251 3767; x_wconf 86' lang='lat' dir='ltr'>aequare</span> <span class='ocrx_word' id='word_1_371' title='bbox 262 3706 356 3751; x_wconf 90' lang='lat' dir='ltr'>uotum</span> <span class='ocrx_word' id='word_1_372' title='bbox 369 3706 426 3758; x_wconf 79' lang='lat' dir='ltr'>est3</span> <span class='ocrx_word' id='word_1_373' title='bbox 440 3700 510 3750; x_wconf 87' lang='lat' dir='ltr'>alius</span> <span class='ocrx_word' id='word_1_374' title='bbox 521 3701 563 3749; x_wconf 81' lang='lat' dir='ltr'>rit</span> <span class='ocrx_word' id='word_1_375' title='bbox 574 3701 672 3751; x_wconf 90' lang='lat' dir='ltr'>doetus</span> 
     </span>
     <span class='ocr_line' id='line_1_44' title="bbox 128 3771 672 3836; baseline -0.006 -14"><span class='ocrx_word' id='word_1_376' title='bbox 128 3771 238 3833; x_wconf 82' lang='lat' dir='ltr'>Gallus,</span> <span class='ocrx_word' id='word_1_377' title='bbox 257 3771 398 3835; x_wconf 78' lang='lat' dir='ltr'>Traguet,</span> <span class='ocrx_word' id='word_1_378' title='bbox 413 3785 501 3836; x_wconf 89' lang='lat' dir='ltr'>mare,</span> <span class='ocrx_word' id='word_1_379' title='bbox 520 3771 573 3835; x_wconf 79' lang='grc'><strong>(11111</strong></span> <span class='ocrx_word' id='word_1_380' title='bbox 585 3786 672 3835; x_wconf 84' lang='lat' dir='ltr'>angu-</span> 
     </span>
     <span class='ocr_line' id='line_1_45' title="bbox 130 3839 674 3903; baseline 0 -14"><span class='ocrx_word' id='word_1_381' title='bbox 130 3841 280 3891; x_wconf 88' lang='lat' dir='ltr'>stissimum</span> <span class='ocrx_word' id='word_1_382' title='bbox 293 3847 350 3902; x_wconf 89' lang='lat' dir='ltr'>est,</span> <span class='ocrx_word' id='word_1_383' title='bbox 365 3840 436 3890; x_wconf 90' lang='lat' dir='ltr'>iuter</span> <span class='ocrx_word' id='word_1_384' title='bbox 448 3839 571 3903; x_wconf 83' lang='lat' dir='ltr'>Abydum</span> <span class='ocrx_word' id='word_1_385' title='bbox 585 3857 606 3891; x_wconf 84' lang='lat' dir='ltr'>s.</span> <span class='ocrx_word' id='word_1_386' title='bbox 619 3842 674 3890; x_wconf 87' lang='lat' dir='ltr'>Na-</span> 
     </span>
     <span class='ocr_line' id='line_1_46' title="bbox 127 3910 672 3975; baseline -0.002 -15"><span class='ocrx_word' id='word_1_387' title='bbox 127 3925 223 3975; x_wconf 76' lang='lat' dir='ltr'>garam</span> <span class='ocrx_word' id='word_1_388' title='bbox 238 3914 265 3960; x_wconf 93' lang='lat' dir='ltr'>et</span> <span class='ocrx_word' id='word_1_389' title='bbox 279 3911 433 3974; x_wconf 83' lang='lat' dir='ltr'>oppositam</span> <span class='ocrx_word' id='word_1_390' title='bbox 443 3910 571 3973; x_wconf 85' lang='lat' dir='ltr'>Europae</span> <span class='ocrx_word' id='word_1_391' title='bbox 586 3924 672 3971; x_wconf 85' lang='lat' dir='ltr'>oram,</span> 
     </span>
     <span class='ocr_line' id='line_1_47' title="bbox 129 3977 674 4031; baseline 0.002 -3"><span class='ocrx_word' id='word_1_392' title='bbox 129 3995 254 4030; x_wconf 82' lang='lat' dir='ltr'>emensus</span> <span class='ocrx_word' id='word_1_393' title='bbox 264 3980 360 4030; x_wconf 91' lang='lat' dir='ltr'>scribit</span> <span class='ocrx_word' id='word_1_394' title='bbox 369 3995 429 4031; x_wconf 88' lang='lat' dir='ltr'>esse</span> <span class='ocrx_word' id='word_1_395' title='bbox 443 3977 674 4029; x_wconf 71' lang='grc'><strong>1111-1130101-</strong></span> 
     </span>
     <span class='ocr_line' id='line_1_48' title="bbox 128 4048 672 4114; baseline -0.002 -15"><span class='ocrx_word' id='word_1_396' title='bbox 128 4065 171 4099; x_wconf 88' lang='lat' dir='ltr'>ses</span> <span class='ocrx_word' id='word_1_397' title='bbox 203 4048 287 4114; x_wconf 84' lang='lat' dir='ltr'>(quae</span> <span class='ocrx_word' id='word_1_398' title='bbox 307 4048 443 4099; x_wconf 84' lang='lat' dir='ltr'>Gallorum</span> <span class='ocrx_word' id='word_1_399' title='bbox 470 4053 512 4098; x_wconf 85' lang='lat' dir='ltr'>est</span> <span class='ocrx_word' id='word_1_400' title='bbox 539 4063 672 4109; x_wconf 87' lang='lat' dir='ltr'>mensura,</span> 
     </span>
     <span class='ocr_line' id='line_1_49' title="bbox 128 4118 673 4183; baseline -0.004 -15"><span class='ocrx_word' id='word_1_401' title='bbox 128 4135 175 4169; x_wconf 82' lang='lat' dir='ltr'>sex</span> <span class='ocrx_word' id='word_1_402' title='bbox 194 4119 277 4183; x_wconf 88' lang='lat' dir='ltr'>pedes</span> <span class='ocrx_word' id='word_1_403' title='bbox 294 4120 383 4183; x_wconf 81' lang='lat' dir='ltr'>regios</span> <span class='ocrx_word' id='word_1_404' title='bbox 405 4134 427 4171; x_wconf 91' lang='lat' dir='ltr'>s.</span> <span class='ocrx_word' id='word_1_405' title='bbox 444 4118 583 4168; x_wconf 84' lang='lat' dir='ltr'>Parisinos</span> <span class='ocrx_word' id='word_1_406' title='bbox 601 4133 673 4167; x_wconf 92' lang='lat' dir='ltr'>com-</span> 
     </span>
     <span class='ocr_line' id='line_1_50' title="bbox 127 4186 673 4253; baseline -0.002 -17"><span class='ocrx_word' id='word_1_407' title='bbox 127 4187 278 4251; x_wconf 86' lang='lat' dir='ltr'>plectens);</span> <span class='ocrx_word' id='word_1_408' title='bbox 297 4188 420 4250; x_wconf 84' lang='lat' dir='ltr'>Booten,</span> <span class='ocrx_word' id='word_1_409' title='bbox 434 4187 591 4253; x_wconf 82' lang='lat' dir='ltr'>praefectus</span> <span class='ocrx_word' id='word_1_410' title='bbox 603 4186 673 4236; x_wconf 88' lang='lat' dir='ltr'>mili·</span> 
     </span>
     <span class='ocr_line' id='line_1_51' title="bbox 129 4255 673 4318; baseline -0.004 -13"><span class='ocrx_word' id='word_1_411' title='bbox 129 4259 216 4318; x_wconf 84' lang='lat' dir='ltr'>teris,</span> <span class='ocrx_word' id='word_1_412' title='bbox 238 4258 382 4307; x_wconf 88' lang='lat' dir='ltr'>constituit</span> <span class='ocrx_word' id='word_1_413' title='bbox 404 4257 471 4308; x_wconf 81' lang='lat'>1150</span> <span class='ocrx_word' id='word_1_414' title='bbox 494 4257 595 4318; x_wconf 89' lang='lat' dir='ltr'>toises,</span> <span class='ocrx_word' id='word_1_415' title='bbox 619 4255 673 4304; x_wconf 82' lang='lat' dir='ltr'>‹lis-</span> 
     </span>
     <span class='ocr_line' id='line_1_52' title="bbox 128 4325 672 4390; baseline 0 -15"><span class='ocrx_word' id='word_1_416' title='bbox 128 4329 264 4376; x_wconf 83' lang='lat' dir='ltr'>ssntieute</span> <span class='ocrx_word' id='word_1_417' title='bbox 278 4326 331 4376; x_wconf 77' lang='lat' dir='ltr'>ello</span> <span class='ocrx_word' id='word_1_418' title='bbox 349 4328 409 4378; x_wconf 84' lang='lat' dir='ltr'>viro</span> <span class='ocrx_word' id='word_1_419' title='bbox 427 4326 508 4376; x_wconf 91' lang='lat' dir='ltr'>docto</span> <span class='ocrx_word' id='word_1_420' title='bbox 524 4325 672 4390; x_wconf 89' lang='lat' dir='ltr'>eodemque</span> 
     </span>
     <span class='ocr_line' id='line_1_53' title="bbox 127 4395 673 4459; baseline 0.002 -16"><span class='ocrx_word' id='word_1_421' title='bbox 127 4395 208 4445; x_wconf 83' lang='lat' dir='ltr'>Gallo</span> <span class='ocrx_word' id='word_1_422' title='bbox 219 4395 369 4447; x_wconf 85' lang='lat' dir='ltr'>Iuclrereau</span> <span class='ocrx_word' id='word_1_423' title='bbox 381 4396 414 4447; x_wconf 92' lang='lat' dir='ltr'>de</span> <span class='ocrx_word' id='word_1_424' title='bbox 427 4396 507 4446; x_wconf 86' lang='lat' dir='ltr'>Saint</span> <span class='ocrx_word' id='word_1_425' title='bbox 516 4396 612 4458; x_wconf 87' lang='lat' dir='ltr'>Denis,</span> <span class='ocrx_word' id='word_1_426' title='bbox 626 4396 673 4459; x_wconf 86' lang='lat' dir='ltr'>qui</span> 
     </span>
     <span class='ocr_line' id='line_1_54' title="bbox 127 4464 673 4529; baseline -0.002 -16"><span class='ocrx_word' id='word_1_427' title='bbox 127 4465 182 4529; x_wconf 79' lang='grc'><strong>11116</strong></span> <span class='ocrx_word' id='word_1_428' title='bbox 200 4464 298 4515; x_wconf 75' lang='lat' dir='ltr'>fretum</span> <span class='ocrx_word' id='word_1_429' title='bbox 317 4466 404 4516; x_wconf 81' lang='lat' dir='ltr'>fertur</span> <span class='ocrx_word' id='word_1_430' title='bbox 427 4481 487 4515; x_wconf 85' lang='lat' dir='ltr'>esse</span> <span class='ocrx_word' id='word_1_431' title='bbox 508 4464 673 4528; x_wconf 82' lang='lat' dir='ltr'>augustissi-</span> 
     </span>
     <span class='ocr_line' id='line_1_55' title="bbox 127 4533 675 4606; baseline 0.005 -23"><span class='ocrx_word' id='word_1_432' title='bbox 127 4549 200 4584; x_wconf 88' lang='lat' dir='ltr'>mum</span> <span class='ocrx_word' id='word_1_433' title='bbox 221 4534 294 4585; x_wconf 83' lang='lat' dir='ltr'>intra</span> <span class='ocrx_word' id='word_1_434' title='bbox 315 4551 394 4586; x_wconf 89' lang='lat' dir='ltr'>arces</span> <span class='ocrx_word' id='word_1_435' title='bbox 409 4533 629 4586; x_wconf 87' lang='lat' dir='ltr'>Kelidit-Bahur</span> <span class='ocrx_word' id='word_1_436' title='bbox 646 4538 675 4606; x_wconf 72' lang='grc'>11</span> 
     </span>
    </p>
   </div>
   <div class='ocr_carea' id='block_1_8' title="bbox 722 3213 1286 4586">
    <p class='ocr_par' dir='ltr' id='par_1_8' title="bbox 722 3213 1265 3278">
     <span class='ocr_line' id='line_1_56' title="bbox 722 3213 1265 3278; baseline 0 -15"><span class='ocrx_word' id='word_1_437' title='bbox 722 3229 787 3278; x_wconf 77' lang='lat' dir='ltr'>pag.</span> <span class='ocrx_word' id='word_1_438' title='bbox 802 3214 828 3267; x_wconf 83' lang='grc'>2.</span> <span class='ocrx_word' id='word_1_439' title='bbox 860 3214 921 3263; x_wconf 83' lang='grc' dir='ltr'>Ηοο</span> <span class='ocrx_word' id='word_1_440' title='bbox 934 3228 999 3264; x_wconf 87' lang='lat' dir='ltr'>vero</span> <span class='ocrx_word' id='word_1_441' title='bbox 1019 3213 1080 3263; x_wconf 89' lang='lat' dir='ltr'>loco</span> <span class='ocrx_word' id='word_1_442' title='bbox 1100 3229 1174 3264; x_wconf 80' lang='lat' dir='ltr'>maro</span> <span class='ocrx_word' id='word_1_443' title='bbox 1194 3229 1265 3265; x_wconf 89' lang='lat' dir='ltr'>nunc</span> 
     </span>
    </p>

    <p class='ocr_par' dir='ltr' id='par_1_9' title="bbox 722 3284 1267 3349">
     <span class='ocr_line' id='line_1_57' title="bbox 722 3284 1267 3349; baseline 0.002 -16"><span class='ocrx_word' id='word_1_444' title='bbox 722 3298 810 3348; x_wconf 84' lang='lat' dir='ltr'>aeque</span> <span class='ocrx_word' id='word_1_445' title='bbox 828 3288 973 3347; x_wconf 79' lang='lat' dir='ltr'>augustum</span> <span class='ocrx_word' id='word_1_446' title='bbox 993 3298 1054 3333; x_wconf 91' lang='lat' dir='ltr'>esse</span> <span class='ocrx_word' id='word_1_447' title='bbox 1071 3284 1165 3335; x_wconf 89' lang='lat' dir='ltr'>dicunt</span> <span class='ocrx_word' id='word_1_448' title='bbox 1183 3290 1267 3349; x_wconf 83' lang='lat' dir='ltr'>atque</span> 
     </span>
    </p>

    <p class='ocr_par' dir='ltr' id='par_1_10' title="bbox 723 3351 1286 3489">
     <span class='ocr_line' id='line_1_58' title="bbox 723 3351 1286 3419; baseline 0.004 -18"><span class='ocrx_word' id='word_1_449' title='bbox 723 3351 810 3404; x_wconf 89' lang='lat' dir='ltr'>altero</span> <span class='ocrx_word' id='word_1_450' title='bbox 837 3352 883 3404; x_wconf 89' lang='lat' dir='ltr'>illo</span> <span class='ocrx_word' id='word_1_451' title='bbox 909 3351 969 3404; x_wconf 90' lang='lat' dir='ltr'>loco</span> <span class='ocrx_word' id='word_1_452' title='bbox 994 3352 1148 3419; x_wconf 90' lang='lat' dir='ltr'>antiquitus</span> <span class='ocrx_word' id='word_1_453' title='bbox 1169 3353 1286 3405; x_wconf 83' lang='lat' dir='ltr'>nobili·&#39;</span> 
     </span>
     <span class='ocr_line' id='line_1_59' title="bbox 724 3422 1266 3489; baseline -0.002 -16"><span class='ocrx_word' id='word_1_454' title='bbox 724 3428 797 3485; x_wconf 85' lang='lat' dir='ltr'>tato,</span> <span class='ocrx_word' id='word_1_455' title='bbox 813 3422 861 3473; x_wconf 89' lang='lat' dir='ltr'>sed</span> <span class='ocrx_word' id='word_1_456' title='bbox 876 3423 931 3484; x_wconf 88' lang='lat' dir='ltr'>ita,</span> <span class='ocrx_word' id='word_1_457' title='bbox 953 3427 984 3472; x_wconf 89' lang='lat' dir='ltr'>ut</span> <span class='ocrx_word' id='word_1_458' title='bbox 1001 3427 1115 3489; x_wconf 89' lang='lat' dir='ltr'>utroque</span> <span class='ocrx_word' id='word_1_459' title='bbox 1129 3424 1190 3474; x_wconf 92' lang='lat' dir='ltr'>loco</span> <span class='ocrx_word' id='word_1_460' title='bbox 1204 3423 1266 3474; x_wconf 86' lang='lat' dir='ltr'>luti-</span> 
     </span>
    </p>

    <p class='ocr_par' dir='ltr' id='par_1_11' title="bbox 723 3491 1265 3545">
     <span class='ocr_line' id='line_1_60' title="bbox 723 3491 1265 3545; baseline 0.004 -3"><span class='ocrx_word' id='word_1_461' title='bbox 723 3493 788 3542; x_wconf 88' lang='lat' dir='ltr'>tudo</span> <span class='ocrx_word' id='word_1_462' title='bbox 811 3491 927 3542; x_wconf 81' lang='lat' dir='ltr'>excedat</span> <span class='ocrx_word' id='word_1_463' title='bbox 951 3492 1034 3543; x_wconf 88' lang='lat' dir='ltr'>ferme</span> <span class='ocrx_word' id='word_1_464' title='bbox 1055 3509 1138 3544; x_wconf 85' lang='lat' dir='ltr'>nocem</span> <span class='ocrx_word' id='word_1_465' title='bbox 1164 3493 1265 3545; x_wconf 84' lang='lat' dir='ltr'>stadia.</span> 
     </span>
    </p>

    <p class='ocr_par' dir='ltr' id='par_1_12' title="bbox 722 3562 1266 3628">
     <span class='ocr_line' id='line_1_61' title="bbox 722 3562 1266 3628; baseline 0.007 -18"><span class='ocrx_word' id='word_1_466' title='bbox 722 3563 813 3625; x_wconf 77' lang='lat' dir='ltr'>Quare</span> <span class='ocrx_word' id='word_1_467' title='bbox 823 3562 1078 3627; x_wconf 78' lang='lat' dir='ltr'>suspicaturLealre</span> <span class='ocrx_word' id='word_1_468' title='bbox 1087 3562 1152 3628; x_wconf 90' lang='lat' dir='ltr'>(Die</span> <span class='ocrx_word' id='word_1_469' title='bbox 1163 3565 1266 3614; x_wconf 89' lang='lat' dir='ltr'>Demen</span> 
     </span>
    </p>

    <p class='ocr_par' dir='ltr' id='par_1_13' title="bbox 722 3630 1265 3697">
     <span class='ocr_line' id='line_1_62' title="bbox 722 3630 1265 3697; baseline 0 -15"><span class='ocrx_word' id='word_1_470' title='bbox 722 3631 844 3682; x_wconf 84' lang='lat' dir='ltr'>Attika&#39;s</span> <span class='ocrx_word' id='word_1_471' title='bbox 862 3647 888 3695; x_wconf 91' lang='lat' dir='ltr'>p.</span> <span class='ocrx_word' id='word_1_472' title='bbox 906 3630 966 3697; x_wconf 81' lang='grc'><strong>169)</strong></span> <span class='ocrx_word' id='word_1_473' title='bbox 986 3638 1120 3682; x_wconf 86' lang='lat' dir='ltr'>mutatam</span> <span class='ocrx_word' id='word_1_474' title='bbox 1138 3648 1197 3684; x_wconf 83' lang='lat' dir='ltr'>esse</span> <span class='ocrx_word' id='word_1_475' title='bbox 1211 3649 1265 3683; x_wconf 86' lang='lat' dir='ltr'>ma·</span> 
     </span>
    </p>

    <p class='ocr_par' dir='ltr' id='par_1_14' title="bbox 722 3702 1266 3766">
     <span class='ocr_line' id='line_1_63' title="bbox 722 3702 1266 3766; baseline 0.002 -15"><span class='ocrx_word' id='word_1_476' title='bbox 722 3702 762 3752; x_wconf 89' lang='lat' dir='ltr'>ris</span> <span class='ocrx_word' id='word_1_477' title='bbox 776 3715 851 3750; x_wconf 82' lang='lat' dir='ltr'>orem</span> <span class='ocrx_word' id='word_1_478' title='bbox 865 3707 1015 3766; x_wconf 88' lang='lat' dir='ltr'>temporum</span> <span class='ocrx_word' id='word_1_479' title='bbox 1029 3702 1158 3760; x_wconf 85' lang='lat' dir='ltr'>decursu,</span> <span class='ocrx_word' id='word_1_480' title='bbox 1182 3706 1212 3752; x_wconf 93' lang='lat' dir='ltr'>ut</span> <span class='ocrx_word' id='word_1_481' title='bbox 1227 3702 1266 3752; x_wconf 90' lang='lat' dir='ltr'>al-</span> 
     </span>
    </p>

    <p class='ocr_par' dir='ltr' id='par_1_15' title="bbox 722 3768 1267 3835">
     <span class='ocr_line' id='line_1_64' title="bbox 722 3768 1267 3835; baseline 0 -14"><span class='ocrx_word' id='word_1_482' title='bbox 722 3776 782 3821; x_wconf 89' lang='lat' dir='ltr'>tero</span> <span class='ocrx_word' id='word_1_483' title='bbox 797 3768 857 3821; x_wconf 92' lang='lat' dir='ltr'>loco</span> <span class='ocrx_word' id='word_1_484' title='bbox 876 3777 966 3821; x_wconf 82' lang='lat' dir='ltr'>terrae</span> <span class='ocrx_word' id='word_1_485' title='bbox 985 3786 1049 3835; x_wconf 85' lang='lat' dir='ltr'>pars</span> <span class='ocrx_word' id='word_1_486' title='bbox 1070 3771 1198 3821; x_wconf 83' lang='lat' dir='ltr'>fluctibus</span> <span class='ocrx_word' id='word_1_487' title='bbox 1219 3771 1267 3821; x_wconf 91' lang='lat' dir='ltr'>ab·</span> 
     </span>
    </p>

    <p class='ocr_par' dir='ltr' id='par_1_16' title="bbox 723 3840 1264 3906">
     <span class='ocr_line' id='line_1_65' title="bbox 723 3840 1264 3906; baseline 0.006 -16"><span class='ocrx_word' id='word_1_488' title='bbox 723 3844 847 3905; x_wconf 88' lang='lat' dir='ltr'>sumpta,</span> <span class='ocrx_word' id='word_1_489' title='bbox 870 3840 956 3889; x_wconf 87' lang='lat' dir='ltr'>altero</span> <span class='ocrx_word' id='word_1_490' title='bbox 977 3843 1067 3889; x_wconf 82' lang='lat' dir='ltr'>autem</span> <span class='ocrx_word' id='word_1_491' title='bbox 1082 3840 1198 3906; x_wconf 82' lang='lat' dir='ltr'>adgesta</span> <span class='ocrx_word' id='word_1_492' title='bbox 1219 3840 1264 3893; x_wconf 91' lang='lat' dir='ltr'>sit.</span> 
     </span>
    </p>

    <p class='ocr_par' dir='ltr' id='par_1_17' title="bbox 722 3908 1264 3974">
     <span class='ocr_line' id='line_1_66' title="bbox 722 3908 1264 3974; baseline 0 -15"><span class='ocrx_word' id='word_1_493' title='bbox 722 3910 764 3959; x_wconf 89' lang='lat' dir='ltr'>De</span> <span class='ocrx_word' id='word_1_494' title='bbox 776 3924 830 3974; x_wconf 91' lang='lat' dir='ltr'>quo</span> <span class='ocrx_word' id='word_1_495' title='bbox 844 3908 969 3974; x_wconf 89' lang='lat' dir='ltr'>equidem</span> <span class='ocrx_word' id='word_1_496' title='bbox 981 3911 1158 3973; x_wconf 84' lang='lat' dir='ltr'>pronuntiare</span> <span class='ocrx_word' id='word_1_497' title='bbox 1169 3909 1264 3960; x_wconf 87' lang='lat' dir='ltr'>nolim:</span> 
     </span>
    </p>

    <p class='ocr_par' dir='ltr' id='par_1_18' title="bbox 724 3978 1266 4043">
     <span class='ocr_line' id='line_1_67' title="bbox 724 3978 1266 4043; baseline 0 -15"><span class='ocrx_word' id='word_1_498' title='bbox 724 3978 752 4028; x_wconf 90' lang='lat' dir='ltr'>id</span> <span class='ocrx_word' id='word_1_499' title='bbox 761 3993 842 4027; x_wconf 90' lang='lat' dir='ltr'>unum</span> <span class='ocrx_word' id='word_1_500' title='bbox 855 3978 991 4040; x_wconf 86' lang='lat' dir='ltr'>adiiciam,</span> <span class='ocrx_word' id='word_1_501' title='bbox 1006 3979 1079 4043; x_wconf 90' lang='lat' dir='ltr'>apud</span> <span class='ocrx_word' id='word_1_502' title='bbox 1088 3985 1194 4030; x_wconf 82' lang='lat' dir='ltr'>veteres</span> <span class='ocrx_word' id='word_1_503' title='bbox 1206 3995 1266 4030; x_wconf 90' lang='lat' dir='ltr'>eum</span> 
     </span>
    </p>

    <p class='ocr_par' dir='ltr' id='par_1_19' title="bbox 722 4047 1267 4112">
     <span class='ocr_line' id='line_1_68' title="bbox 722 4047 1267 4112; baseline 0.002 -14"><span class='ocrx_word' id='word_1_504' title='bbox 722 4047 828 4110; x_wconf 89' lang='lat' dir='ltr'>locum,</span> <span class='ocrx_word' id='word_1_505' title='bbox 844 4062 896 4112; x_wconf 92' lang='lat' dir='ltr'>quo</span> <span class='ocrx_word' id='word_1_506' title='bbox 908 4048 1011 4098; x_wconf 85' lang='lat' dir='ltr'>Xerxes</span> <span class='ocrx_word' id='word_1_507' title='bbox 1021 4053 1117 4112; x_wconf 89' lang='lat' dir='ltr'>pontes</span> <span class='ocrx_word' id='word_1_508' title='bbox 1131 4049 1201 4098; x_wconf 90' lang='lat' dir='ltr'>strui</span> <span class='ocrx_word' id='word_1_509' title='bbox 1211 4049 1267 4098; x_wconf 88' lang='lat' dir='ltr'>ius·</span> 
     </span>
    </p>

    <p class='ocr_par' dir='ltr' id='par_1_20' title="bbox 722 4117 1266 4182">
     <span class='ocr_line' id='line_1_69' title="bbox 722 4117 1266 4182; baseline 0 -15"><span class='ocrx_word' id='word_1_510' title='bbox 722 4121 768 4179; x_wconf 88' lang='lat' dir='ltr'>sit,</span> <span class='ocrx_word' id='word_1_511' title='bbox 788 4117 905 4166; x_wconf 89' lang='lat' dir='ltr'>omnium</span> <span class='ocrx_word' id='word_1_512' title='bbox 917 4118 1035 4166; x_wconf 85' lang='lat' dir='ltr'>maxime</span> <span class='ocrx_word' id='word_1_513' title='bbox 1048 4122 1191 4182; x_wconf 83' lang='lat' dir='ltr'>augustum</span> <span class='ocrx_word' id='word_1_514' title='bbox 1206 4133 1266 4168; x_wconf 86' lang='lat' dir='ltr'>esee</span> 
     </span>
    </p>

    <p class='ocr_par' dir='ltr' id='par_1_21' title="bbox 723 4185 1267 4250">
     <span class='ocr_line' id='line_1_70' title="bbox 723 4185 1267 4250; baseline 0.002 -15"><span class='ocrx_word' id='word_1_515' title='bbox 723 4186 845 4237; x_wconf 88' lang='lat' dir='ltr'>habitum</span> <span class='ocrx_word' id='word_1_516' title='bbox 868 4190 952 4250; x_wconf 84' lang='lat' dir='ltr'>atque</span> <span class='ocrx_word' id='word_1_517' title='bbox 972 4185 1035 4235; x_wconf 89' lang='lat' dir='ltr'>inde</span> <span class='ocrx_word' id='word_1_518' title='bbox 1053 4193 1182 4238; x_wconf 86' lang='lat' dir='ltr'>vocatum</span> <span class='ocrx_word' id='word_1_519' title='bbox 1207 4203 1267 4237; x_wconf 85' lang='lat' dir='ltr'>esse</span> 
     </span>
    </p>

    <p class='ocr_par' dir='ltr' id='par_1_22' title="bbox 724 4246 1274 4396">
     <span class='ocr_line' id='line_1_71' title="bbox 725 4246 1274 4322; baseline 0.004 -18"><span class='ocrx_word' id='word_1_520' title='bbox 725 4250 760 4304; x_wconf 81' lang='lat' dir='ltr'>rol</span> <span class='ocrx_word' id='word_1_521' title='bbox 778 4246 862 4304; x_wconf 77' lang='grc' dir='ltr'><strong><em>στενὰ</em></strong></span> <span class='ocrx_word' id='word_1_522' title='bbox 880 4254 953 4319; x_wconf 86' lang='lat' dir='ltr'>apud</span> <span class='ocrx_word' id='word_1_523' title='bbox 966 4255 1092 4306; x_wconf 86' lang='lat' dir='ltr'>Strabon.</span> <span class='ocrx_word' id='word_1_524' title='bbox 1110 4258 1148 4308; x_wconf 92' lang='lat' dir='ltr'>lI.</span> <span class='ocrx_word' id='word_1_525' title='bbox 1162 4273 1188 4322; x_wconf 89' lang='lat' dir='ltr'>p.</span> <span class='ocrx_word' id='word_1_526' title='bbox 1205 4255 1274 4308; x_wconf 70' lang='lat'>108:</span> 
     </span>
     <span class='ocr_line' id='line_1_72' title="bbox 724 4319 1266 4396; baseline 0 -21"><span class='ocrx_word' id='word_1_527' title='bbox 724 4326 803 4376; x_wconf 90' lang='lat' dir='ltr'>XIII.</span> <span class='ocrx_word' id='word_1_528' title='bbox 816 4326 917 4396; x_wconf 35' lang='lat' dir='ltr'>qubi.</span> <span class='ocrx_word' id='word_1_529' title='bbox 931 4324 996 4384; x_wconf 87' lang='grc'><strong>591,</strong></span> <span class='ocrx_word' id='word_1_530' title='bbox 1016 4331 1066 4375; x_wconf 87' lang='lat' dir='ltr'>ant</span> <span class='ocrx_word' id='word_1_531' title='bbox 1085 4319 1117 4375; x_wconf 86' lang='grc' dir='ltr'>τδ</span> <span class='ocrx_word' id='word_1_532' title='bbox 1132 4321 1266 4375; x_wconf 57' lang='grc' dir='ltr'><strong><em>στενώια.</em></strong></span> 
     </span>
    </p>

    <p class='ocr_par' dir='ltr' id='par_1_23' title="bbox 723 4384 1267 4461">
     <span class='ocr_line' id='line_1_73' title="bbox 723 4384 1267 4461; baseline 0.002 -17"><span class='ocrx_word' id='word_1_533' title='bbox 723 4401 774 4444; x_wconf 78' lang='grc' dir='ltr'>τον</span> <span class='ocrx_word' id='word_1_534' title='bbox 788 4391 839 4443; x_wconf 80' lang='grc' dir='ltr'>τοῦ</span> <span class='ocrx_word' id='word_1_535' title='bbox 856 4384 1059 4457; x_wconf 71' lang='grc' dir='ltr'><strong><em>Ελλησιιόντου</em></strong></span> <span class='ocrx_word' id='word_1_536' title='bbox 1073 4395 1146 4461; x_wconf 85' lang='lat' dir='ltr'>apud</span> <span class='ocrx_word' id='word_1_537' title='bbox 1155 4397 1267 4460; x_wconf 84' lang='lat' dir='ltr'>Lysiam</span> 
     </span>
    </p>

    <p class='ocr_par' dir='ltr' id='par_1_24' title="bbox 724 4463 1267 4531">
     <span class='ocr_line' id='line_1_74' title="bbox 724 4463 1267 4531; baseline 0.007 -16"><span class='ocrx_word' id='word_1_538' title='bbox 724 4466 751 4515; x_wconf 87' lang='lat' dir='ltr'>in</span> <span class='ocrx_word' id='word_1_539' title='bbox 763 4469 832 4514; x_wconf 88' lang='lat' dir='ltr'>orat.</span> <span class='ocrx_word' id='word_1_540' title='bbox 842 4463 948 4514; x_wconf 82' lang='lat' dir='ltr'>tunebr.</span> <span class='ocrx_word' id='word_1_541' title='bbox 956 4465 979 4526; x_wconf 68' lang='grc'><strong>3.</strong></span> <span class='ocrx_word' id='word_1_542' title='bbox 987 4463 1030 4517; x_wconf 79' lang='lat'>23.</span> <span class='ocrx_word' id='word_1_543' title='bbox 1038 4479 1101 4531; x_wconf 77' lang='lat' dir='ltr'>pag.</span> <span class='ocrx_word' id='word_1_544' title='bbox 1112 4464 1170 4518; x_wconf 87' lang='grc'><strong>193.</strong></span> <span class='ocrx_word' id='word_1_545' title='bbox 1186 4467 1267 4519; x_wconf 84' lang='lat' dir='ltr'>Cons.</span> 
     </span>
    </p>

    <p class='ocr_par' dir='ltr' id='par_1_25' title="bbox 725 4531 980 4586">
     <span class='ocr_line' id='line_1_75' title="bbox 725 4531 980 4586; baseline -0.012 0"><span class='ocrx_word' id='word_1_546' title='bbox 725 4536 808 4586; x_wconf 87' lang='lat' dir='ltr'>etiam</span> <span class='ocrx_word' id='word_1_547' title='bbox 821 4534 918 4586; x_wconf 85' lang='lat' dir='ltr'>Ilkcrt.</span> <span class='ocrx_word' id='word_1_548' title='bbox 931 4531 950 4583; x_wconf 91' lang='lat' dir='ltr'>l.</span> <span class='ocrx_word' id='word_1_549' title='bbox 960 4532 980 4584; x_wconf 92' lang='lat' dir='ltr'>l.</span> 
     </span>
    </p>
   </div>
   <div class='ocr_carea' id='block_1_9' title="bbox 1001 4615 1068 4680">
    <p class='ocr_par' dir='ltr' id='par_1_26' title="bbox 1001 4615 1068 4680">
     <span class='ocr_line' id='line_1_76' title="bbox 1001 4615 1068 4680; baseline -0.015 0"><span class='ocrx_word' id='word_1_550' title='bbox 1001 4615 1068 4680; x_wconf 80' lang='lat'>32*</span> 
     </span>
    </p>
   </div>
   <div class='ocr_carea' id='block_1_10' title="bbox 0 0 1554 5175">
    <p class='ocr_par' dir='ltr' id='par_1_27' title="bbox 0 0 1554 5175">
     <span class='ocr_line' id='line_1_77' title="bbox 0 0 1554 5175; baseline 0 2"><span class='ocrx_word' id='word_1_551' title='bbox 0 0 1554 5175; x_wconf 95' lang='lat' dir='ltr'> </span> 
     </span>
    </p>
   </div>
  </div>
 </body>
</html>
