3100 5175
300 359 362 425 818
703 360 967 428 EXOURSUS
991 362 1019 427 V

299 539 368 591 malo
386 538 434 589 bas
451 555 496 590 res
510 544 610 608 sponte
626 537 699 591 coire
713 538 787 591 inter
806 555 837 590 se
855 547 883 590 et
897 537 1061 606 coalescere,
1077 554 1157 608 quam
1169 536 1299 591 consulto
1315 536 1390 605 iungi
1404 548 1427 590 et

300 623 495 691 conglutinari.
539 624 638 692 Neque
653 624 724 676 enim
736 622 893 693 opinionum
908 631 1056 677 commenta
1070 640 1190 693 quaero,
1209 624 1258 676 sed
1281 624 1428 693 priscarum

300 727 391 762 rerum
417 708 624 778 fabularumque
649 725 803 777 germanam
830 709 1003 778 nativamque
1029 707 1155 761 indolem.
1184 739 1221 748 -
1248 710 1343 777 Atque
1369 709 1431 759 bane

301 796 435 865 ipsamea
457 794 485 845 in
505 813 535 847 re
560 795 707 863 patefaciet
731 794 996 859 nobisPausauias‚
1020 811 1163 863 quonemo
1185 794 1271 861 magis
1295 794 1324 845 in
1348 811 1432 845 rerum

301 880 483 949 scriptoribus
502 879 618 932 Graecis
633 879 783 945 Herodoti,
799 879 929 931 historiae
949 880 1050 948 patris,
1077 879 1173 933 aiiuilis
1198 891 1250 931 est.
1298 878 1389 930 Cuius
1403 879 1433 928 de

301 966 453 1018 Astrabaco
480 964 664 1017 narrationem
685 965 788 1017 Lacon.
811 963 890 1029 xv1‚
916 967 946 1029 6,
971 963 1016 1015 ubi
1040 964 1073 1016 ‹le
1099 964 1188 1016 Diana
1214 963 1317 1016 Orthia
1343 965 1433 1027 reteri,

301 1050 412 1121 quando
434 1050 590 1103 universam
612 1050 719 1117 recolo,
741 1050 807 1101 baec
831 1050 917 1101 omnia
935 1049 1060 1118 accipere
1082 1048 1168 1102 malim
1183 1067 1234 1119 pro
1257 1049 1332 1100 sama
1352 1047 1434 1114 vulgi,

302 1154 373 1205 equae
390 1145 540 1205 temporum
555 1135 677 1187 rationes
693 1134 805 1187 mirifice
821 1134 990 1187 confundere
1005 1133 1084 1186 solet.
1130 1135 1169 1185 Ac
1187 1133 1344 1185 consimilia
1363 1151 1435 1185 sacra

301 1222 378 1274 vario
393 1230 514 1290 tempore
529 1229 710 1272 memorantur
723 1218 875 1271 invaluisse
892 1219 921 1270 in
938 1218 1138 1288 Peloponneso.
1168 1219 1305 1289 Spectant
1331 1220 1388 1270 ista
1406 1218 1436 1268 ad

301 1325 347 1359 res
363 1306 474 1358 lunares
490 1323 521 1356 ac
536 1305 686 1371 Venereas,
703 1304 816 1374 quaein
833 1304 875 1356 bis
891 1303 993 1356 sabulis
1008 1303 1154 1357 Laconicis
1169 1305 1323 1357 eminuere.
1352 1305 1437 1373 Atque

302 1392 344 1443 uic
364 1392 424 1461 ipse
439 1391 607 1442 Astrabacus
622 1390 655 1461 (i.
671 1408 696 1441 e.
717 1388 889 1457 astrologus)
912 1390 994 1442 heros
1009 1389 1174 1458 antiquioris
1191 1390 1284 1442 herois
1301 1388 1437 1457 Pelopon-

302 1476 406 1529 nesiaci
421 1476 574 1528 memoriam
588 1482 704 1527 renovat
717 1473 908 1541 Endymionis.
942 1473 1075 1526 Videlicet
1091 1474 1133 1527 hic
1146 1484 1174 1527 et
1187 1475 1248 1545 ipse
1260 1484 1438 1527 astronomus

302 1561 392 1614 dictus
415 1563 449 1614 ob
467 1562 562 1613 Lunae
581 1558 741 1625 amorem*).
786 1560 824 1611 Et
842 1560 952 1628 quando
972 1560 1115 1628 Endymion
1138 1578 1155 1612 a
1175 1562 1254 1614 buna
1275 1559 1437 1627 suscepisse

302 1647 404 1698 dicitur
417 1649 614 1718 quinquaginta
628 1644 712 1711 filias,
733 1645 927 1713 unusquisque
942 1644 1085 1712 intelligit,
1102 1645 1253 1713 significari
1269 1644 1363 1713 prisci
1379 1642 1439 1694 ansi

222 1775 225 1779 .
303 1731 408 1783 lunaris
430 1722 522 1783 orbem
544 1742 573 1783 et
591 1730 728 1782 ambitum.
773 1730 892 1792 Quando
914 1737 1003 1782 autem
1027 1729 1095 1782 idern
1118 1749 1151 1783 ex
1166 1732 1309 1784 Asterodio
1325 1738 1441 1797 generat

304 1817 412 1884 herois,
429 1816 476 1886 qui
492 1816 602 1885 populis
618 1815 790 1886 urbibusque
805 1814 915 1866 nomina
926 1816 1036 1884 dedere,
1054 1816 1103 1868 boc
1118 1816 1184 1867 nihii
1200 1815 1275 1867 aliud
1292 1824 1349 1880 eet,
1366 1830 1443 1883 quam

302 1904 475 1956 Astrobucum
491 1901 606 1970 aliquem
627 1901 655 1951 in
675 1899 829 1952 Heraclidis
844 1918 859 1952 e
874 1917 977 1967 genere
991 1900 1259 1967 Eurysthenidmnm
1283 1898 1439 1952 memorari.

302 1988 379 2039 Haec
390 1987 484 2040 eadem
494 1982 653 2052 Ἀστεροδία,
669 1984 810 2037 stellarum
825 1984 969 2037 declarans
984 1985 1135 2053 circuitum,
1153 1985 1245 2038 offitiis
1262 1994 1308 2039 est
1324 1985 1440 2045 deabus,

303 2089 372 2141 quas
388 2083 522 2126 astrorum
536 2074 621 2127 cultus
635 2070 764 2123 sacravit.
794 2070 917 2132 Quarum
933 2071 1056 2137 nomina,
1080 2072 1121 2122 uti
1139 2070 1278 2135 assolent,
1303 2071 1340 2122 ad
1363 2086 1440 2122 suum

303 2173 454 2210 sermonem
469 2157 600 2225 redigunt
613 2155 714 2208 Graeci
730 2155 859 2207 homines.
883 2156 936 2218 Sic,
954 2167 985 2206 ut
999 2156 1048 2207 hec
1064 2167 1140 2223 utar,
1156 2156 1289 2223 Syrorum
1308 2155 1441 2225 [Phoeni-

290 2242 375 2309 cum]
392 2241 491 2310 religio
502 2235 685 2309 Ἀοσροσὶρχην
697 2239 814 2310 aliquam
830 2238 1046 2307 agnoscit**),a
1062 2241 1141 2293 Luna
1153 2259 1206 2293 sion
1220 2240 1336 2293 inultum
1350 2240 1440 2292 diver·

304 2344 370 2379 sam.
408 2330 497 2396 Atque
521 2327 606 2395 ipsam
627 2326 731 2377 Lunam
755 2317 923 2394 Ἀστράρχην
944 2336 1085 2395 nuncupat
1110 2326 1224 2396 Orphici
1243 2327 1349 2393 Hymn.
1375 2324 1440 2374 Vlli

214 2422 216 2427 '
304 2412 378 2482 [ill].
396 2430 438 2463 vs.
457 2415 498 2463 16.
543 2410 620 2477 lliagi
642 2418 731 2462 autem
755 2410 859 2462 Persici
880 2410 1020 2464 consimile
1040 2428 1135 2464 nomen
1156 2411 1281 2464 serravit
1297 2411 1441 2478 Diogenes

303 2497 444 2549 hairtins.
467 2488 793 2562 ΒῖοίῑοτἈοτράμψυχος
806 2495 848 2547 rel
863 2497 934 2547 sorte
946 2490 1216 2564 ’Aospoluozocwi
1241 2497 1311 2548 lnde
1328 2495 1441 2548 transiit

303 2581 336 2634 ad
364 2582 500 2634 Graecum
526 2580 671 2646 bominem,
702 2581 750 2650 qui
776 2590 887 2650 praeter
912 2582 1104 2634 oneirocritica
1129 2582 1209 2636 etiam
1234 2583 1364 2649 θεωρίαν
1387 2581 1441 2634 τῶν

301 2659 423 2735 ἀστέρων
442 2667 677 2735 conscripseratf‘

389 2752 462 2819 „His
477 2751 576 2822 positis
593 2752 723 2804 neminem
744 2769 796 2836 ego
811 2752 949 2819 ambigere
963 2753 1098 2819 arbitror,
1122 2770 1176 2822 quo
1191 2752 1333 2821 pertineat
1349 2752 1392 2803 eis
1409 2768 1440 2802 ac

304 2845 429 2907 potestas
445 2836 561 2890 nominis
576 2830 813 2908 Ἀστρόβακος,
790 2855 849 2888 sive
864 2830 1050 2909 Ἀστράβακος
1064 2838 1245 2906 pronuntiare
1263 2836 1355 2890 malis.
1384 2835 1438 2887 Res

305 2930 390 2992 atque
414 2929 602 2990 argumentum
625 2922 780 2974 istiusmodi
800 2922 911 2974 heroum
933 2922 1041 2974 fabulae
1059 2925 1093 2974 ab
1116 2922 1298 2975 orientalibus
1323 2922 1381 2974 oris
1398 2929 1440 2972 est

304 3007 432 3059 advecta:
450 3007 556 3058 nomina
571 3008 605 3058 ad
620 3007 817 3059 Graecanicum
832 3024 982 3059 sermonem
999 3008 1091 3060 efficta
1111 3008 1317 3077 immutatoque.
1363 3007 1440 3058 Inest

305 3092 376 3144 enim
398 3090 440 3142 his
462 3091 490 3142 in
514 3091 615 3144 sabulis
631 3092 755 3144 omnibus
777 3091 882 3144 lunaris
903 3092 1000 3162 aliqua¹
1016 3094 1101 3159 ratio,
1126 3092 1168 3145 vel
1183 3093 1278 3144 verius
1298 3091 1439 3145 lunaticus

304 3178 392 3229 furor.
438 3177 477 3228 Ac
499 3177 606 3229 nomina
626 3176 806 3246 eloquuntur,
823 3177 896 3246 quod
916 3196 992 3229 mens
1008 3178 1050 3228 vel
1068 3178 1162 3247 potius
1179 3178 1297 3230 amentia
1315 3177 1439 3229 clausum

303 3261 437 3313 recondit.
494 3261 732 3314 Daemoniacaruin
757 3261 984 3330 superstitionum
1013 3263 1102 3315 ubivis
1137 3263 1276 3315 luculenta
1306 3261 1437 3329 uestigia.

304 3346 402 3416 Neque
425 3345 496 3398 euim
519 3347 627 3398 heroica
647 3347 733 3415 inagis
750 3355 817 3406 siunt
838 3347 903 3399 baec
918 3348 1044 3415 singula,
1065 3365 1145 3417 quam
1166 3348 1357 3418 daemoniaca,
1382 3363 1439 3397 curu

303 3429 451 3498 gentiliciis
470 3431 705 3502 popularibusque
720 3431 807 3483 sacris
822 3434 948 3485 confuso.
992 3434 1030 3485 Ac
1045 3433 1224 3486 daemonibus
1242 3433 1438 3503 interpositum

302 3515 392 3586 ipsum
407 3519 583 3572 Astrobocum
598 3516 751 3570 videbimus
766 3518 910 3584 infra.“†)

388 3602 552 3668 „Hactenus
566 3602 599 3654 de
615 3604 780 3673 astrologiae
794 3601 998 3670 significatione
1013 3603 1143 3656 adiuncta
1164 3603 1265 3657 nomini
1282 3601 1433 3656 .lstrabaci.

302 3686 402 3756 Neque
415 3705 480 3739 vero
495 3689 636 3742 beatiorum
651 3687 817 3755 significatio
832 3687 981 3741 omittenda
995 3698 1046 3749 est,
1081 3689 1201 3758 Flagiiat
1216 3690 1434 3743 adversariorum

371 3883 473 3947 *lVi‘l
487 3893 581 3937 annot.
596 3885 739 3937 adHeout.
748 3885 836 3936 Miles.
849 3887 972 3953 iiagmm.
986 3904 1011 3953 p
1022 3889 1057 3938 66
1065 3889 1130 3954 rbrq
1139 3890 1228 3941 Schol.
1241 3890 1330 3954 apoll.
1338 3892 1387 3954 lV
1392 3889 1432 3941 57.

371 3953 416 4019 **)
431 3955 492 4005 Vid.
505 3957 654 4037 Herodian.
667 3956 745 4039 Hist3
759 3956 793 4017 V,
806 3959 832 4008 6
846 3958 979 4038 ρᾙΙΒὸοᾱ
996 3960 1119 4012 irmisclr
1134 3958 1248 4024 [berrbrt
1260 3961 1432 4011 Herodianus

301 4027 334 4087 V,
347 4025 372 4075 6.
386 4028 410 4088 ς.
425 4028 455 4074 l:
471 4027 506 4073 A
499 4019 614 4103 'iisse
585 4042 636 4089 pao
646 4040 699 4074 οον
710 4019 802 4090 αυτὴν
815 4021 965 4090 Οὐρανίαν
977 4026 1102 4095 καλοῦσι,
1113 4029 1245 4089 Φοίνικες
1258 4025 1289 4080 δὲ
1298 4023 1430 4094 '‘totpo-

301 4088 321 4142 α’
329 4110 344 4157 ρ
352 4111 392 4159 χ
377 4111 416 4143 σν
430 4086 608 4159 ὀνομάζουσι,
626 4089 747 4161 σελήνην
761 4090 836 4145 εἶναι
850 4097 1007 4164 θέλοντες]

370 4163 431 4229 ***)
442 4166 560 4231 Diogen
572 4166 603 4216 L.
615 4167 740 4217 Prooem.
755 4170 779 4230 ξ.
794 4168 913 4233 liboque
927 4171 1040 4235 interpr
1066 4170 1108 4221 Cf.
1122 4171 1276 4221 Heumann.
1286 4175 1314 4220 et
1326 4167 1432 4219 Harles

301 4234 450 4285 adFobric
470 4236 501 4286 B.
516 4236 561 4286 Gr.
574 4236 635 4287 Vol.
652 4239 685 4288 V.
700 4254 725 4302 p.
740 4239 862 4303 subseq
964 4283 966 4288 .

370 4303 400 4368 †)
416 4303 469 4369 [De
485 4305 645 4370 Ασινοοοοο,
666 4307 785 4372 phallieo
801 4306 932 4358 daemone
951 4324 1037 4374 eoque
1058 4309 1178 4371 furente,
1198 4309 1307 4358 Dianae
1322 4307 1431 4358 Orthiae

299 4388 386 4422 sacris
400 4374 503 4428 addito
516 4379 620 4426 monuit
640 4378 1235 4444 quoqueuerheru:Griech.Myth010g.§.
1255 4377 1317 4441 33⁴2,
1332 4381 1359 4432 4.
1372 4377 1430 4430 coll.

299 4443 441 4508 63464
459 4449 522 4509 et§
539 4447 600 4510 501,
613 4445 638 4499 3.
652 4453 675 4509 ξ
691 4449 751 4498 837.
776 4447 837 4515 Bm]
