3100 5175
500 433 775 497 POLYMN-IA.
799 435 869 495 VH.
889 446 932 499 35.
1222 436 1278 497 501

147 609 368 679 uoluentem
384 611 416 689 ἐς
430 606 466 678 τό
481 611 623 696 πέλαγος
637 611 769 678 πεδέων
785 613 908 696 ζεῦγος.
944 607 1009 700 ήδη
1025 612 1062 681 δὲ
1076 608 1221 700 ήκουσα,
1240 606 1284 691 τός

146 715 204 782 καὶ
224 716 356 800 στιγέας
375 709 443 800 ἅμα
464 712 610 781 τούτοισι
629 709 804 802 ἀπέπεμψε
819 717 989 795 στίξοντας
1005 714 1063 785 τόν
1079 713 1280 804 Ἑλλήσπον·

145 843 216 885 τον.
247 820 436 886 ἐνετέλλετο
459 813 501 904 δή
516 806 564 884 όν
578 819 774 904 ῥαπίζοντας
790 819 901 903 λέγειν
915 817 1070 907 βάρβαροί
1082 846 1117 888 τε
1131 815 1280 909 ealdre-

144 928 274 989 σθαλα·
301 911 342 988 Ὠ
357 915 479 1007 πικρόν
493 915 603 1004 ὕδωρ,
627 921 791 1009 δεσπότης
813 948 864 990 τοι
887 925 987 1009 δίκην
1001 926 1148 991 ἐπιτιθεῖ
1168 922 1280 1009 τήνδε,

144 1019 196 1091 ότι
211 1052 270 1111 μιν
285 1021 463 1112 ήδίκησας,
487 1019 590 1092 οὐδὲν
608 1021 692 1109 πρός
707 1029 840 1093 ἐκείνου
855 1019 973 1093 ἄδικον
988 1026 1111 1095 παθόν.
1147 1028 1202 1094 καλ
1218 1033 1278 1112 βοι-

98 1158 107 1175 ·
143 1125 258 1207 σιλεύς
271 1127 334 1215 μὲν
347 1129 470 1213 Ξέρξης
485 1125 683 1214 διαβήσεταί
696 1147 749 1212 σε,
763 1123 807 1217 ήν
820 1154 857 1195 τε
871 1128 914 1195 σό
928 1156 965 1215 γε
979 1129 1103 1216 pieriis),
1119 1126 1162 1218 ήν
1175 1156 1210 1197 τε
1224 1128 1279 1217 μή.

143 1232 198 1298 σοὶ
222 1232 258 1300 dl
280 1227 364 1298 κατόι
389 1236 488 1316 δίκην
503 1226 568 1314 ἄρα
581 1226 694 1309 οὐδεὶς
715 1228 910 1316 ἀνθρώπων
928 1234 1026 1314 θύει,
1050 1228 1094 1311 τός
1115 1232 1202 1302 ἐόντι
1223 1237 1278 1300 δο-

142 1338 234 1425 λερῷ
253 1361 289 1402 τε
311 1336 367 1402 καλ
386 1328 525 1424 ἁλμυρῷ
546 1338 692 1426 ποταμῷ.
746 1333 814 1422 Τήν
835 1361 870 1403 τε
892 1333 933 1423 δή
953 1335 1128 1405 θάλασσαν
1148 1337 1277 1405 ἐνετέλ·
1317 1396 1321 1405 .

141 1507 283 1555 cautinum
296 1506 474 1571 scriptorem,
489 1506 598 1557 saeculo
614 1522 685 1557 nono
735 1508 851 1559 Xerxem
867 1507 966 1558 Noeter
977 1508 1128 1559 introducit
1139 1509 1193 1559 ello
1214 1525 1278 1559 uen-

140 1581 206 1639 poet
217 1574 279 1626 Chr.
293 1591 309 1624 n
323 1614 330 1638 ,
346 1582 477 1642 regnante
490 1575 622 1626 Michaiile
632 1578 684 1638 ΙΙΙ,
736 1583 790 1627 tem
800 1570 832 1626 τὸ
843 1564 921 1639 vidoro
930 1568 969 1635 ὡς
978 1577 1117 1641 αἴσθησίν
1126 1524 1277 1639 τιναῖχον.

139 1645 289 1695 traduntur
309 1644 345 1696 de'
356 1647 464 1710 timere,
484 1646 684 1697 ismaelitarum
735 1648 815 1710 Quod
828 1662 893 1697 vero
911 1653 972 1712 poet
985 1648 1068 1699 rerba
1080 1639 1184 1710 neander
1198 1640 1276 1709 ὕδωρ

138 1715 223 1772 duce,
244 1715 306 1780 qui,
326 1714 478 1765 Armeniam
495 1716 684 1782 depopulatus,
735 1719 763 1766 in
781 1716 947 1768 editionibus
965 1723 1032 1767 vett.
1050 1718 1210 1783 quibusdem
1228 1716 1278 1766 ad·

139 1800 301 1850 progressus
314 1800 400 1849 usque
414 1786 448 1835 ad
464 1786 626 1835 maritimum
641 1800 684 1835 ur·
735 1786 822 1836 ditum
838 1786 936 1850 legitur
948 1782 995 1834 καλ
1010 1777 1151 1849 ἁλμυρόν,
1167 1788 1195 1837 id
1210 1787 1276 1836 ecri-

137 1854 200 1904 bem
209 1855 328 1903 ¹hminum
339 1855 487 1920 vidensque
498 1855 628 1920 plurimos
638 1870 683 1905 ca·
734 1858 775 1921 pti
788 1855 849 1905 libri
862 1857 998 1921 ignorant,
1012 1872 1062 1906 nec
1073 1855 1156 1907 habet
1165 1857 1277 1908 Hermo·

138 1925 233 1988 ptivos
247 1923 384 1990 multaque
399 1924 501 1989 epolia,
519 1925 616 1989 quibua
635 1940 682 1988 po·
733 1940 815 1990 genes
833 1926 849 1976 l.
865 1925 882 1975 l.
922 1927 1016 1991 Neque
1031 1925 1141 1976 dubium
1156 1925 1275 1987 videtur,

137 1995 297 2053 illuserat,
313 1984 377 2049 όλος
400 1992 577 2058 καθέστηκεν
598 1984 682 2057 ipun-
733 1995 800 2060 quin
819 2009 921 2060 eeeqq.
936 1996 1027 2045 verbis
1042 1994 1095 2045 huo
1111 1995 1275 2046 translatum

138 2056 206 2127 νής,
230 2061 264 2128 νή
286 2057 415 2128 θαλάσση
433 2061 613 2128 περισχεθελς
633 2061 683 2127 τής
733 2064 761 2114 id
772 2065 864 2115 inerit.
886 2066 1007 2117 Amorum
1020 2063 1166 2128 alloquitur
1176 2079 1274 2129 equam

89 2164 94 2173 ·
137 2124 285 2197 ἀπλήστου
307 2129 400 2195 φοραῖς
417 2129 463 2182 καλ
483 2134 523 2198 τῷ
542 2128 606 2200 ἰδίῳ
624 2130 685 2198 λαῷ
733 2135 835 2183 Xerxes
845 2135 873 2184 in
884 2140 1069 2199 contemptum
1082 2135 1187 2199 opinor,
1202 2133 1274 2199 quod

135 2193 428 2264 delectamentum
449 2200 595 2261 κοπείναις
622 2193 682 2265 doi-
733 2203 801 2252 telin
817 2205 842 2253 in
858 2204 944 2268 ipeum
964 2218 1032 2253 ause
1051 2204 1144 2253 sit-
1161 2203 1203 2255 Ad
1220 2204 1273 2253 ior·

136 2269 240 2339 βδοις
262 2264 373 2329 τόσαι
396 2263 459 2337 τήν
483 2270 680 2329 θάλασσαν,
732 2288 801 2322 mam
816 2264 944 2322 ἐπιτιθεῖ
953 2273 989 2323 ci.
1007 2273 1122 2326 Bredor.
1137 2289 1163 2338 p.
1177 2272 1238 2325 303.

135 2333 681 2406 καδώςόΞέρξηςκατάτόπρδς
767 2336 805 2399 ὠς
823 2333 898 2391 ἐόντι
921 2339 1029 2410 δολερῷ
1045 2356 1074 2390 τε
1093 2339 1140 2390 καλ
1157 2331 1275 2408 d'pvpoi

130 2401 390 2474 Ἑλλήσποντον
420 2408 547 2475 ζεῦγμα
579 2407 678 2475 σιδη·
731 2409 860 2478 ποταμῷ]
879 2413 1272 2463 Βολοτανιοαιαλνανιδονῐυεο

137 2483 217 2541 ροῑς
230 2473 362 2545 ταύτην
378 2470 568 2544 ἐμόστιξεν
583 2496 608 2531 κ.
620 2496 643 2530 τ.
656 2481 676 2529 Ι.
730 2482 833 2534 Xerxes
848 2498 897 2547 per
910 2486 1096 2546 contemptum
1112 2487 1194 2532 vocat
1208 2481 1273 2532 Hel-

136 2550 215 2617 (pag.
231 2551 266 2602 45
285 2549 326 2601 ed.
342 2552 438 2602 Venet.
458 2566 483 2616 p.
501 2551 534 2602 94
551 2550 593 2602 ed.
609 2552 680 2602 Bon·
730 2551 898 2617 lespontum;
916 2543 1044 2614 δολερὸν,
1058 2554 1183 2614 dolosum,
1200 2551 1272 2617 quod

135 2620 241 2686 nene).
730 2624 844 2687 primum
857 2622 902 2673 ille
915 2627 1011 2688 pontes
1024 2623 1100 2686 iungi
1112 2622 1192 2682 eivit,
1209 2637 1271 2672 mox

171 2682 211 2747 ὡς
227 2684 276 2739 καλ
295 2685 610 2759 στιγέας-στίξοντας
630 2682 680 2740 τόν
730 2708 812 2754 vero,
840 2708 926 2757 praru
946 2690 1098 2742 calliditate
1115 2704 1195 2753 usus,
1225 2706 1272 2740 eos

128 2754 352 2824 Ἑλλήσποντον]
376 2758 533 2825 Attigerunt
551 2760 617 2811 llaec
635 2761 680 2810 lu-
730 2762 849 2812 disiecit.
890 2763 982 2824 Quare
996 2760 1041 2808 rix
1058 2774 1141 2822 opus,
1159 2760 1273 2822 mequi·

134 2831 243 2880 venalis
259 2829 316 2879 Sat.
330 2829 370 2890 X,
387 2828 434 2879 182
448 2833 476 2879 et
488 2829 626 2879 Plutarch.
641 2831 677 2879 ΙΙ.
730 2831 789 2880 dem
805 2830 908 2892 iudice,
929 2846 988 2880 cum
1003 2827 1155 2880 Murclnnd.
1170 2829 1204 2878 ed
1217 2829 1288 2886 Eu.

135 2891 680 3034 tinllilnltthttilttlttff
730 2896 1272 3034 luithiiittlttllrdttt:

135 3040 209 3104 quod
228 3040 318 3102 ipsum
333 3052 414 3088 verae
435 3037 562 3088 lectionis
578 3043 621 3089 est
640 3039 679 3088 in·
728 3038 825 3104 herne)
850 3054 898 3103 pro
919 3035 1028 3102 δολερῷ
1048 3036 1198 3087 rescribere
1217 3033 1272 3084 do·

135 3112 388 3173 terpretemeutum.
411 3108 533 3173 Namque
544 3100 558 3156 ό
570 3101 679 3169 στιγεὺς
728 3104 801 3172 λερῷ
814 3105 882 3172 (vid.
893 3107 1025 3158 Herodot.
1040 3108 1088 3164 IV,
1102 3105 1158 3169 53),
1175 3110 1205 3154 ut
1217 3113 1271 3155 tur·

116 3179 204 3229 ¹illud
226 3183 268 3228 est
287 3178 511 3240 instrumentum,
537 3192 590 3242 quo
613 3179 679 3242 stig·
727 3179 801 3229 hidae
814 3177 985 3243 intelligatur
1001 3177 1114 3253 tluqiue,
1134 3175 1206 3255 quod
1222 3189 1271 3225 cur

134 3253 212 3299 mete
236 3248 382 3298 inuruntur
406 3261 428 3295 e.
452 3251 623 3310 punguntur,
646 3239 678 3294 τὸ
730 3249 817 3309 magis
831 3242 1028 3310 convenietrqi
1040 3245 1270 3308 αλμνρῳμιῐνο-

134 3308 297 3382 κεντήριον,
307 3321 337 3366 ut
347 3316 567 3379 exponitSuidas
578 3317 610 3365 T.
624 3316 676 3366 ΙΙΙ.
729 3316 804 3379 lunt,
827 3316 950 3382 equidem
971 3315 1043 3365 haud
1058 3319 1194 3379 exputem.
1228 3311 1270 3362 Ad

134 3404 198 3453 pag.
211 3387 277 3449 376,
290 3384 521 3451 cogitandumque
534 3387 587 3436 erit
600 3386 633 3436 de
646 3402 678 3435 ee
728 3403 822 3436 vocem
833 3380 948 3452 ἁλμυρῷ
958 3383 1206 3436 coni.Euetath.ad
1215 3384 1270 3433 Ηο-

135 3472 239 3522 poene,
266 3471 320 3521 qua
340 3454 464 3505 Thebani
483 3456 602 3506 aXerxe
620 3455 679 3504 nili·
728 3472 792 3506 mer.
809 3456 853 3508 lli.
869 3471 895 3520 p.
906 3454 1030 3517 aeuus.
1045 3455 1091 3504 271
1109 3452 1154 3503 fin.
1184 3467 1269 3501 ποτα-

134 3529 245 3577 ciuntur
265 3526 333 3584 Vll,
358 3525 425 3587 att,
451 3526 499 3575 ubi
524 3525 580 3575 vid.
609 3530 677 3575 nott.
728 3517 1270 3590 pdv,influebat,quodXerxeevocet

134 3596 279 3646 Istiusmodi
303 3597 379 3658 ipitur
397 3596 559 3645 instrumenta
582 3597 680 3645 demisit
728 3595 949 3661 Hellespontum,
976 3610 1008 3643 eo
1032 3593 1170 3652 referunt,
1198 3592 1268 3658 quod

137 3667 256 3727 Xerxes,
278 3664 366 3730 quibus
378 3680 448 3714 mare
466 3668 540 3730 quari
552 3680 679 3730 punqere-
727 3666 811 3715 etiem
834 3666 966 3715 Homerus
988 3661 1195 3727 Hellespontum
1222 3661 1270 3739 δυ·

134 3745 185 3786 tur.
212 3733 677 3799 lteqnehaudopusvidetnr,cum
727 3736 800 3785 vium
834 3733 990 3798 intelligens
1023 3732 1124 3781 dixerit
1161 3730 1269 3778 πλατυν

64 3856 68 3865 ,
134 3804 391 3869 Schweiglraeneero
404 3804 431 3852 in
443 3805 507 3854 Lex.
523 3804 624 3854 Herod.
638 3803 675 3854 ΙΙ.
727 3803 904 3868 (ΙΙΙ.ΙἸΙ,86.
914 3800 1170 3877 numentum.
1187 3797 1267 3848 Coni.

135 3893 160 3941 p.
179 3874 229 3926 282
243 3866 351 3937 στιγέας
371 3872 415 3923 hie
436 3873 586 3938 intelligere
603 3873 678 3923 lerni-
726 3873 869 3923 Athenli.
881 3888 906 3933 p.
916 3873 945 3920 tt
958 3869 1002 3933 Β.)
1014 3874 1042 3919 et
1053 3863 1197 3931 α’γαρροοκ
1211 3867 1267 3932 (ΙΙΙ.

134 3961 195 4001 ner,
211 3944 258 4008 qui
274 3943 341 3992 meri
355 3942 486 4008 stigmata
503 3944 650 3994 inurerent.
726 3943 762 4002 11,
776 3942 836 3992 845.
850 3939 985 4002 xl1,30):
1005 3953 1075 4003 quae
1085 3935 1221 3989 vocabule
1234 3937 1268 3985 de

163 4003 197 4063 'tt
209 4006 313 4077 πικρὸν
327 4002 404 4072 ὕδωρ
420 4027 446 4063 κ.
465 4028 487 4064 τ,
499 4010 535 4078 L]
555 4012 596 4062 nd
610 4012 677 4063 haec
727 4012 795 4061 meri
807 4024 943 4074 nunquam
959 4007 1034 4058 illum
1048 4006 1206 4056 adhibuisse
1220 4020 1268 4055 νο·

134 4083 255 4136 conferri
273 4080 369 4133 volunt
389 4081 602 4142 Hermogenem,
630 4082 677 4146 qni
726 4080 801 4140 lunt,
824 4079 893 4129 licet
909 4083 1005 4127 auctor
1021 4076 1115 4141 hymni
1134 4075 1162 4153 iu
1177 4073 1267 4125 cerer.

135 4152 467 4217 Herodoteaexcitaritp.
477 4151 676 4215 403³.T.11.p.
727 4150 761 4202 34
780 4143 888 4197 πόντον
901 4138 1047 4210 ἀγάρροον
1062 4140 1217 4209 extonam
1227 4142 1267 4192 di-

135 4224 186 4274 360
201 4222 294 4272 Rhett.
307 4221 419 4272 Graeco.
439 4222 481 4271 ed.
495 4218 622 4285 Spengel.
640 4221 674 4272 Τ.
727 4219 812 4275 xerit3
829 4215 977 4278 eodemque
992 4215 1073 4264 etiam
1085 4214 1207 4263 referunt
1216 4212 1267 4262 Ae·

136 4294 172 4345 11.
187 4308 212 4356 p.
225 4291 276 4342 318
290 4290 380 4341 Rhett.
396 4290 508 4343 Graeco.
528 4288 570 4340 ed.
586 4288 674 4339 Weln.
727 4287 813 4351 schyl.
826 4287 902 4338 Pers.
916 4274 1075 4338 88οἝλλας
1089 4276 1162 4345 ἀμφὶ
1174 4274 1267 4343 πόρον

135 4362 295 4426 probaturus
308 4350 350 4410 ὅτι
365 4362 444 4409 ποιεῖ
454 4350 611 4425 γλυκύτητα
627 4353 676 4407 καὶ
728 4350 852 4416 uictis,
865 4356 912 4405 nbi
921 4354 976 4407 vid.
986 4352 1134 4404 Blomfield.
1147 4352 1176 4401 in
1189 4350 1267 4401 Glos·
1335 4401 1345 4414 ,

134 4427 167 4480 sd
180 4433 241 4488 τοῖς
254 4426 455 4493 ἀπροαιρέτως
477 4421 676 4491 προαιρετικόν
727 4443 781 4479 sar.
796 4427 829 4476 de
842 4426 885 4475 hie
897 4427 1088 4489 exponentem,
1105 4437 1186 4487 quae,
1203 4418 1267 4470 Hel·

136 4516 162 4550 τι
175 4496 369 4566 περιτιθέναι,
382 4499 462 4566 quale
470 4500 524 4550 hoc
534 4503 590 4562 est,
604 4497 675 4563 quod
726 4496 847 4563 lesponti
862 4494 898 4545 ad
911 4493 989 4545 fluvii
1002 4494 1089 4545 instar
1105 4498 1133 4544 et
1147 4491 1206 4557 pari
1219 4491 1267 4541 ilu-
