3100 5175
278 359 340 425 808
428 364 751 427 EXCURSUSII
796 367 863 436 Au
886 362 1141 425 HERODOT.
1162 364 1200 436 V,
1220 371 1264 427 67.

278 534 521 590 Winokelmannus
541 538 644 608 primus
664 539 750 592 edidit
766 540 795 591 in
812 539 874 595 libr.
891 537 1061 592 Monumenti
1081 537 1183 590 antichi
1200 535 1274 589 ined.
1293 535 1353 588 tab.
1368 536 1408 599 83,

280 639 313 673 ne
328 621 408 690 plura
422 628 592 675 memorem.“
607 655 641 663 -

365 707 471 773 „Slcuti
483 696 570 776 igitur
583 709 711 778 Aegyptii
724 716 816 777 nomn,
831 710 859 762 iu
871 711 938 762 urbe
949 709 999 761 Sui
1009 709 1043 761 nd
1058 707 1152 771 lucum,
1165 706 1289 759 Osiridis
1300 721 1412 757 ossum

279 793 397 861 speciem
421 794 618 863 imaginemque
640 795 838 861 exhibuerunt3
860 794 898 845 itu
918 795 1009 864 prisco
1031 794 1173 846 admodum
1195 810 1265 845 sevo
1288 790 1414 843 sirniliter

281 888 380 933 eventa
394 880 523 930 Bacchico
535 881 716 932 exhibuerant
730 871 762 930 ud
779 880 931 933 Lernaeum
946 879 1032 931 lucum
1048 876 1195 946 Argivis*)
1222 878 1289 929 lude
1306 874 1415 945 publice

280 979 392 1032 quoque
415 965 441 1016 in
463 964 545 1017 sestis
565 965 664 1017 Bacchi
687 965 787 1017 diebus
807 965 887 1030 teliu,
907 982 978 1035 quoe
997 962 1106 1034 publice
1128 962 1254 1031 evulgari
1274 970 1415 1031 poterant,

280 1048 344 1099 rudi
361 1048 557 1119 incomptoque
567 1050 645 1101 modo
661 1057 869 1119 repraesentate
886 1050 994 1102 suntin
1012 1048 1087 1117 egris
1103 1047 1268 1118 oppidisque
1286 1065 1340 1117 per
1356 1046 1415 1098 nni·

281 1150 387 1185 versem
400 1134 542 1186 Grueoium
554 1142 581 1187 et
593 1135 695 1187 Italiam
707 1153 775 1203 enm,
787 1152 867 1206 quem
879 1135 980 1188 Graeci
993 1135 1160 1187 habitarunt.
1173 1133 1282 1185 Ducunt
1295 1130 1417 1193 vasculo,

281 1218 309 1269 in
325 1217 379 1270 illis
395 1220 505 1271 maxime
524 1221 580 1272 oris
594 1237 691 1286 magno
709 1237 820 1272 numero
836 1227 954 1289 repertu.
988 1221 1087 1271 Verum
1110 1218 1173 1271 hinc
1194 1218 1259 1270 inde
1284 1216 1418 1287 temporis

282 1303 399 1355 decursu
412 1305 461 1355 hoo
476 1305 528 1356 sibi
539 1305 654 1357 indulsit
662 1307 830 1358 Graecorum
846 1306 996 1374 ingenium,
1011 1316 1041 1359 ut
1054 1306 1150 1357 Bocchi
1164 1307 1221 1357 loeo
1233 1319 1304 1355 suos
1321 1303 1419 1354 heroas

281 1382 415 1451 τοπικούς
430 1393 501 1443 odori
515 1392 613 1460 tragici
632 1392 747 1444 rudioris
769 1400 959 1460 argumentum
977 1398 1088 1455 fuceret.
1140 1389 1230 1458 Atque
1253 1388 1307 1439 hoc
1330 1388 1420 1457 ipsum

282 1474 309 1525 in
327 1474 444 1527 Adrosto
461 1483 591 1528 evenerat
604 1476 732 1542 Sicyone.
752 1476 833 1538 Quae
849 1475 937 1529 omniu
949 1476 976 1528 in
992 1492 1074 1536 unum
1089 1474 1202 1526 collecta
1218 1473 1289 1526 sutis
1304 1473 1421 1525 donent:

282 1570 402 1615 veterum
418 1562 577 1630 reiigionum
591 1580 643 1614 non
660 1564 729 1614 done
744 1563 864 1615 uotiuum
883 1581 914 1615 oe
937 1561 1125 1633 primigeniam
1140 1560 1255 1614 indolem
1271 1577 1347 1624 esse,
1365 1569 1395 1612 ut
1410 1576 1423 1610 e

284 1646 391 1713 regidos
406 1649 453 1698 sibi
471 1650 532 1700 deon
545 1666 605 1700 suos
619 1650 762 1718 populures
776 1652 924 1718 effingunt,
942 1666 1032 1700 uerum
1052 1657 1081 1699 ut
1097 1648 1129 1699 ud
1143 1647 1216 1698 initio
1234 1656 1344 1714 ponunt
1362 1647 1422 1697 deos

285 1741 363 1797 utque
377 1734 480 1797 heroos,
499 1740 628 1801 prosector
640 1752 654 1785 e
667 1735 752 1785 causis
763 1735 928 1785 naturatibus
941 1733 1056 1802 physicis,
1070 1741 1162 1801 postea
1176 1750 1237 1784 uero
1249 1749 1295 1783 eos
1309 1748 1421 1798 quoque,
1454 1760 1460 1769 ·

284 1817 397 1886 quipost
412 1818 547 1871 dominum
565 1821 716 1871 memorium
739 1838 796 1871 oum
815 1821 895 1871 inodo
910 1820 1033 1881 uiuerint,
1050 1835 1243 1884 nonuunquam
1264 1817 1422 1886 impertiunt

285 1921 315 1955 eo
334 1906 424 1968 cuttu,
448 1906 492 1970 qui
506 1908 538 1955 od
560 1905 633 1957 initio
654 1907 837 1957 tantummodo
858 1906 905 1956 diis
920 1912 1154 1964 reservatiram,
1172 1901 1330 1971 iisdemque
1344 1900 1421 1953 etiam

284 1986 313 2039 in
332 1989 465 2040 communi
481 1986 605 2042 universi
622 1988 715 2058 populi
731 1988 903 2041 solemnitate
919 1989 1028 2056 integer
1042 1996 1125 2057 utque
1146 1986 1270 2040 illibatus
1287 1985 1422 2054 deinceps

285 2079 445 2125 servatur.“

289 2224 483 2233 --——.-—

251 2296 259 2315 ⁹
356 2306 386 2370 *)
399 2307 490 2373 [Cous.
506 2310 587 2359 etium
602 2308 736 2360 Creuzer:
747 2309 867 2376 Symbol.
885 2309 923 2359 11.
937 2324 1000 2374 pag.
1017 2310 1051 2363 59
1065 2309 1107 2360 ed.
1123 2313 1186 2359 tert.
1201 2306 1264 2372 Bm]
