3100 5175
438 427 807 492 unaesmuoun.
830 428 869 492 v.
891 441 935 498 n.
957 441 1002 500 m.
1225 410 1285 499 ias
1381 385 1386 396 ’

145 608 210 777 {xpp
246 596 521 693 Ἀλκμαιωνίδας.
572 607 677 674 ταῦτα
708 602 772 692 πρὸ
799 612 857 697 τῆς
883 608 1127 701 Πεισιστράτου
1157 606 1285 702 ἡλικίης

161 733 283 794 puero.

217 814 414 901 Κλεομένης
438 810 474 881 di
494 806 538 893 (ὃς
558 812 699 900 πέμπων
722 816 876 903 ἐξέβαλλε
897 819 1105 886 Κλεισθένεα
1128 819 1183 887 καλ
1203 817 1331 900 congri

144 917 299 1004 ἐναγέας,
315 918 525 1004 Κλεισθένης
537 916 600 1006 μὲν
613 913 713 997 αὐτὸς
726 913 901 1007 ὑπεξέσχε·
921 919 1002 1010 μετὰ
1017 922 1053 990 di
1068 918 1170 990 οὐδὲν
1183 926 1281 993 ἕσσον

142 1081 371 1149 persuasissent),
390 1090 419 1134 ut
436 1084 502 1132 nullo
522 1085 586 1133 mulo
602 1083 688 1147 effice·
739 1086 924 1152 Thucydidem
943 1086 1087 1137 contendit
1107 1089 1135 1137 in
1155 1087 1197 1141 hia
1219 1105 1283 1140 con-

142 1160 235 1202 reurnr.
265 1153 388 1216 Quibus,
403 1152 688 1204 ntDulreriutarvsr·
740 1158 813 1208 sulto
830 1157 991 1221 redarguere
1006 1157 1126 1208 uoluisse
1143 1158 1230 1209 allate
1246 1161 1281 1210 ab

144 1223 198 1285 bis,
213 1222 392 1289 Thucydides
407 1221 559 1287 significat,
580 1238 628 1273 eos
640 1238 688 1273 no·
739 1228 889 1288 Herodoto,
906 1226 971 1276 mihi
985 1225 1057 1276 haud
1069 1231 1222 1292 persuasit,
1234 1231 1281 1294 qui

143 1291 222 1343 inisse
240 1308 357 1358 surgere
377 1292 432 1343 nisi
450 1298 565 1356 accepta
583 1292 635 1342 tidc
654 1291 688 1342 de
739 1303 863 1347 neutrum
881 1298 1040 1360 scriptorem
1058 1298 1111 1346 sibi
1129 1297 1169 1346 ita
1187 1300 1281 1362 cogui-

142 1362 349 1425 incoiumitate,
372 1376 453 1427 quam
476 1367 569 1411 nmen
590 1366 688 1427 postea
738 1372 795 1417 turn
814 1367 900 1417 inisse
917 1366 1050 1426 arbitror,
1076 1370 1107 1416 ut
1123 1366 1193 1416 alter
1213 1367 1281 1419 alte·

141 1431 270 1482 violatam
281 1433 487 1484 esseuovimns.
508 1430 687 1481 Plutarchin
737 1437 912 1500 riusscripta
929 1434 1019 1501 legere
1036 1437 1162 1501 potuerit.
1192 1438 1279 1488 Hero·

142 1501 232 1553 Solon.
255 1517 320 1567 cap.
343 1501 374 1552 12
390 1500 450 1551 init.
468 1516 532 1565 pag.
545 1501 612 1551 sta
629 1500 687 1551 Mc·
738 1506 820 1557 dotus
834 1506 858 1556 si
873 1521 970 1555 revera
987 1504 1055 1554 haec
1068 1507 1095 1554 iu
1108 1505 1279 1556 Alcmaeoni·

141 1571 243 1636 gaclem
266 1570 430 1622 archontem
447 1570 502 1620 illia
517 1570 686 1635 persuasisse
737 1575 832 1625 darum
846 1575 964 1639 gratiam
984 1573 1126 1638 scripsisse
1141 1575 1279 1638 putandae

141 1641 236 1691 scribit
248 1633 299 1690 int
315 1637 383 1705 δίκῃ
402 1638 568 1702 κατελθεῖν,
590 1641 609 1690 i.
624 1654 648 1689 e.
660 1647 687 1689 ut
738 1650 794 1705 est,
811 1660 865 1710 quo
881 1660 972 1694 eorum
986 1644 1095 1707 culpam
1107 1643 1278 1708 diminueret,

139 1726 166 1759 re
182 1711 275 1761 iudicio
293 1712 427 1772 sisterent,
447 1711 481 1760 do
499 1708 686 1759 incolumitate
737 1714 835 1764 ductus
856 1713 921 1762 mihi
941 1713 1051 1763 videtur
1070 1711 1154 1764 fuisse
1169 1725 1200 1763 eo
1220 1720 1278 1765 stn-

139 1787 218 1845 pacta
232 1785 346 1842 tacens,
363 1794 444 1844 quam
457 1781 515 1843 ipse
528 1781 628 1829 Noster
644 1779 684 1827 iu·
737 1784 796 1845 dio,
810 1798 862 1849 quo
874 1798 937 1847 erge
947 1781 1127 1833 Athenienses
1138 1788 1222 1847 atque
1232 1782 1279 1834 ed·
1336 1840 1340 1849 ¹

140 1849 211 1900 dicat
228 1850 274 1900 his
295 1849 399 1901 verbis:
426 1839 586 1911 tlwtr'ytlvvt
607 1838 684 1911 erqo
733 1869 831 1903 versus
842 1851 1073 1901 Lacedaemonios
1084 1849 1144 1916 (qui
1156 1851 1279 1903 belliPe-

138 1912 288 1980 θανάτου,
310 1933 380 1984 quae
402 1918 441 1967 ite
458 1917 578 1967 reddidit
589 1917 681 1968 Valla:
733 1921 922 1986 loponneaieci
945 1921 1025 1970 iuitIo
1046 1920 1162 1970 Athenis
1184 1920 1276 1984 pulsos

138 1990 264 2042 rurore
288 1989 410 2050 puniendi
430 2002 473 2037 0⁰³
490 1989 555 2036 citro
572 1995 681 2038 mortem.
733 1992 879 2043 voluerunt
899 2005 1008 2052 omnes,
1034 1990 1080 2054 qui
1101 1990 1221 2038 criminis
1248 1990 1277 2040 in

138 2060 188 2108 Ubi
199 2049 364 2122 duernione
378 2071 431 2106 non
444 2056 479 2106 ad
492 2046 682 2118 τὰοἰλθήναο,
735 2062 864 2125 cylonsn
886 2061 999 2123 eiusque
1022 2059 1113 2108 socios
1139 2059 1276 2109 commissi

139 2128 183 2177 sed
200 2127 236 2178 td
249 2119 375 2183 τούτους
389 2129 506 2190 tpecttt·
537 2126 597 2175 V0¹
609 2115 683 2189 5157·
735 2131 818 2182 ullam
833 2129 937 2178 ferrent
953 2125 1073 2191 culpem)
1095 2127 1157 2176 aliis
1170 2144 1276 2193 quoque

137 2211 202 2260 γνοῖ
214 2196 303 2248 tlmlli
317 2198 346 2247 in
361 2212 391 2246 re
404 2195 476 2261 apud
489 2194 615 2261 Sophocl.
632 2195 684 2245 Oe·
733 2197 949 2262 iocis(VI‚108.
964 2198 1027 2258 VII,
1043 2198 1100 2246 102.
1118 2196 1195 2258 VIII,
1211 2200 1235 2249 2.
1250 2197 1275 2250 3.

138 2267 295 2332 (llp.col0n.
304 2264 682 2329 275,ublcouf.lnterpr0ttit;
733 2268 780 2334 95)
796 2268 869 2317 illum
883 2267 1036 2318 invenimus
1050 2266 1197 2330 impletum,
1222 2267 1276 2317 Eo.

139 2338 169 2386 de
190 2353 261 2387 voce
286 2327 429 2398 ὑπέγγυθς
451 2334 524 2384 tous·
549 2333 682 2386 Thettur·
734 2340 849 2402 demque
865 2335 1276 2400 etiamrsmrcrimquodmor

138 2402 499 2470 Ling.Graec.VllI.p.138
509 2401 683 2454 edDindori.
734 2424 793 2472 cap.
807 2407 841 2458 76
854 2406 970 2468 legitur,
988 2405 1220 2456 Lacedaemonios
1232 2405 1273 2456 bis

177 2474 319 2537 φονεῦσαι
346 2464 378 2521 δὲ
399 2463 506 2528 αὐτοὺς
529 2465 605 2534 αἰτίη
626 2465 682 2535 ἔχει
733 2478 854 2528 Atticam
873 2477 1010 2526 invasisse
1032 2466 1077 2524 ἐπ’
1095 2463 1198 2538 ἀγαθῷ
1223 2473 1275 2524 τοῦ

137 2537 365 2608 Ἀλαμαιωνίδας]
384 2543 403 2594 i.
418 2544 530 2607 ercino
546 2542 682 2593 cardiace·
733 2541 861 2611 πλήθεος
876 2543 931 2596 τῶν
951 2538 1119 2607 Ἀθηναίων.
1160 2544 1274 2595 Tracta-

137 2623 176 2665 aet
189 2614 387 2666 „irenaceorum
410 2629 433 2667 s.
452 2616 529 2663 occist
546 2628 607 2662 vero
624 2619 683 2662 tunt
731 2619 772 2667 vit
790 2616 859 2666 haec
879 2632 987 2681 quoque
1006 2614 1068 2665 Chr.
1084 2615 1227 2663 Fuetterer
1246 2615 1275 2664 iu

137 2686 206 2747 mtpd
219 2685 466 2735 Alcmaeonidurum.
489 2682 532 2731 De
542 2681 682 2731 locutione
732 2685 967 2736 Commentatione
980 2684 1013 2733 de
1030 2683 1153 2746 pluribus
1167 2683 1275 2749 'Thucy-

137 2751 209 2820 αλιίη
225 2748 284 2819 ἔχει
297 2752 450 2803 monuimus
463 2750 497 2801 ad
513 2752 550 2812 V,
566 2752 609 2802 70.
638 2751 681 2800 De
732 2756 803 2805 didis
821 2755 1006 2819 Herodotique
1024 2752 1106 2813 locis,
1129 2753 1156 2801 in
1174 2754 1273 2816 quibus

137 2826 193 2889 ipso
206 2828 371 2889 argumento
383 2822 451 2872 haec
462 2820 680 2871 tenorivolumu·
730 2830 846 2889 uterque
858 2824 974 2889 scriptor
986 2823 1020 2873 de
1029 2820 1125 2872 iisdem
1136 2822 1215 2871 rebus
1228 2838 1274 2886 ge·

138 2910 206 2945 mua:
226 2892 372 2945 Herodoto
383 2894 412 2941 iu
424 2891 475 2940 hac
487 2895 547 2940 tota
561 2904 590 2940 re
602 2905 679 2940 enar·
731 2896 782 2946 stis
799 2894 909 2944 disserit
933 2890 1092 2957 (Hagiopoli
1113 2889 1190 2953 1843)
1208 2906 1273 2955 pag.

136 2963 220 3015 raeda
237 2978 295 3013 non
317 2976 428 3028 prorsus
449 2960 595 3010 convenire
618 2974 679 3008 cum
732 2967 763 3016 15
773 2980 864 3029 seqq„
880 2964 922 3011 ita
933 2961 1073 3021 indicens,
1086 2957 1273 3023 Thucydidem

137 3031 309 3098 Thucydide,
325 3033 371 3097 qui
380 3045 451 3096 quac
460 3029 541 3081 aliter
553 3028 678 3090 tradidit,
729 3049 784 3083 nou
798 3036 903 3082 tautum
916 3030 1002 3080 fusius
1014 3027 1177 3091 uberiusque
1189 3028 1274 3093 (quod

137 3104 163 3153 iu
184 3100 414 3154 antecedentibus
438 3101 492 3150 iarn
513 3100 677 3149 notavimus.
731 3097 1010 3168 quisqueconcedet),
1026 3097 1073 3147 sed
1087 3096 1168 3145 etiam
1181 3098 1272 3149 verius

136 3175 172 3223 Ac
191 3170 381 3236 Thucydidem
406 3172 430 3220 si
452 3169 603 3234 sequimur,
625 3168 679 3232 ipsi
729 3188 785 3222 rem
797 3176 933 3220 tractasse
945 3183 1025 3233 quam
1034 3164 1212 3227 Herodotum,
1226 3168 1273 3231 qui

137 3248 197 3294 suut
218 3239 449 3301 Alcmaeonidae,
481 3239 526 3303 qui
551 3237 679 3302 supplici·
730 3242 867 3291 diversum
887 3255 904 3289 a
923 3235 1081 3300 Thucydide
1106 3250 1139 3284 ec
1157 3235 1272 3286 deterio-

137 3313 184 3363 bus
193 3314 270 3364 vitae
279 3310 496 3360 incolumitatem
507 3310 678 3372 promittuut,
729 3327 785 3360 rem
799 3315 938 3359 auctorem
950 3307 987 3358 sit
1000 3311 1125 3355 secutus:
1146 3311 1195 3365 „nt
1208 3320 1273 3368 pau-

137 3398 195 3433 mox
207 3397 275 3434 vero
288 3379 398 3431 eosdem
416 3377 564 3427 trucidant·
593 3377 679 3427 Hero·
730 3382 771 3431 cis
785 3379 874 3428 dicam
888 3375 941 3440 (ita
955 3374 1094 3425 concludit
1107 3375 1271 3425 sententiam

138 3451 199 3503 doto
222 3454 339 3501 auctore
363 3450 438 3499 ritae
461 3447 634 3498 incolumitas
662 3461 679 3494 a
730 3448 834 3511 snam),
857 3462 927 3511 quae
945 3446 1035 3494 animo
1051 3443 1210 3503 volvuntur,
1231 3444 1270 3495 lo-

137 3521 296 3587 prytanibns
321 3533 515 3569 naucrarorum
544 3516 681 3581 promissa
730 3535 791 3569 cnm
810 3517 926 3566 maxime
946 3515 1105 3564 lacunosum
1131 3516 1213 3577 atquc
1237 3512 1288 3565 ιώ·

138 3589 376 3656 eatsnpplicibus;
393 3584 680 3653 qquuodinteriecti
729 3587 886 3647 Herodoto,
911 3586 934 3636 si
958 3589 1043 3635 totam
1066 3598 1121 3633 rem
1141 3585 1272 3645 novisset,

137 3667 205 3723 snut,
222 3658 477 3711 Alcmaeonidarum
487 3655 679 3719 culpdiactum
729 3674 784 3707 non
800 3656 894 3718 talem,
918 3654 1024 3718 qualem
1038 3652 1071 3702 de
1084 3652 1187 3717 Cyione
1200 3669 1271 3704 nunc

138 3747 193 3783 ease
202 3731 275 3780 idem
287 3728 366 3778 addit
375 3726 402 3776 id
423 3742 456 3775 ue
467 3724 616 3776 leuioribus
627 3724 680 3773 uti·
730 3727 861 3791 legimus.
893 3723 1023 3790 perscribi
1054 3722 1176 3785 potuisse
1201 3723 1272 3772 arbi.

138 3816 187 3865 qne
198 3799 290 3852 verbis
303 3790 392 3863 (αἰτίη
404 3743 471 3861 lpse)
483 3794 621 3853 declaret,
637 3798 680 3843 to·
729 3796 816 3847 tror.“
851 3795 883 3844 In
902 3808 954 3859 quo
973 3793 1097 3857 equidem
1115 3790 1173 3841 viro
1190 3791 1271 3841 docto

138 3873 188 3920 tius
217 3870 259 3920 rei
285 3867 472 3917 narrationem
503 3863 679 3929 paucioribus
731 3865 859 3917 assentiri
873 3878 982 3929 prorsus
997 3875 1117 3925 nequeo,
1139 3859 1185 3923 qui
1206 3860 1272 3910 iilud

139 3940 244 3990 omniuo
263 3937 371 3998 verbis,
396 3934 604 4001 quodminus,
630 3933 679 3982 ab·
729 3950 835 4000 semper
855 3931 1001 3982 tenendum
1021 3931 1164 3987 existimo,
1186 3931 1273 3980 Hero·

138 4009 259 4059 soluens:
278 4011 311 4057 ut
322 4005 471 4056 verendum
487 4019 553 4053 sene
573 4003 625 4065 sit,
645 4017 679 4052 ne
729 4006 823 4055 dotum
836 4004 868 4053 de
885 4008 946 4052 tota
958 4001 1010 4049 hac
1022 4015 1050 4049 rc
1066 3999 1153 4048 obiter
1166 4004 1271 4048 tautum

140 4082 165 4129 iu
186 4075 443 4129 Alcmaeonidarum
470 4074 587 4138 gratiam
610 4070 678 4121 haec
728 4081 812 4140 etque
833 4073 903 4121 hanc
923 4083 1005 4119 uuam
1029 4067 1062 4117 ob
1078 4081 1191 4116 causam
1208 4067 1273 4116 scri·

139 4149 177 4198 ita
196 4145 326 4200 retulerit
352 4145 465 4196 edoctus
487 4143 522 4192 ab
543 4143 577 4191 iis
595 4141 678 4191 Athe·
728 4146 832 4210 puisse,
852 4146 883 4191 nt
896 4139 951 4190 vim
968 4137 1044 4187 vocis
1063 4127 1173 4198 ἐναγέες
1186 4134 1273 4200 expli·

139 4219 290 4276 aiensibus,
320 4216 368 4280 qui
386 4211 588 4264 Alcmaeonldlt
607 4211 679 4261 Atti·
729 4217 820 4271 caret,
846 4207 1025 4271 consultoque
1044 4206 1164 4256 evitasse
1183 4205 1271 4255 videri

26 4308 27 4347 ι
111 4280 115 4286 ’
140 4302 184 4339 cae
207 4286 348 4337 libertatis
366 4282 521 4334 vindicibus
546 4280 677 4331 faverint.
729 4282 881 4333 uberiorem
897 4277 978 4326 huius
999 4274 1038 4325 rei
1054 4275 1256 4326 tractationem.

142 4355 214 4406 coni.
231 4354 351 4408 Dietsch
372 4355 414 4404 in:
435 4351 548 4403 Jahrbb.
566 4350 586 4400 f.
607 4349 677 4400 Phil.
1053 4397 1061 4409 ,

143 4440 166 4477 n.
177 4427 296 4491 Praedam
313 4424 376 4476 Vol.
390 4422 462 4472 LIX.
477 4437 505 4486 p.
517 4419 569 4471 334
581 4434 637 4484 seq.
652 4421 680 4470 et
904 4398 970 4449 0⁸¹⁸·
989 4396 1103 4446 ῙΛΧἎῙῙ·

143 4495 225 4563 Bergk
240 4495 307 4548 ibid.
322 4509 389 4562 pag.
403 4491 455 4544 389
469 4506 536 4556 seq,
550 4489 596 4556 qni
608 4487 681 4554 quod
764 4478 911 4551 ὑπεξέσχε]
937 4485 955 4534 i.
971 4500 994 4536 e.
1012 4486 1075 4534 clara
1094 4482 1222 4543 durescit,
1244 4495 1273 4530 se
