3100 5175
693 380 959 444 HERODOTI

258 382 319 447 318

260 556 387 645 φράσαι
413 583 469 644 μοι
488 552 551 643 τὴν
569 552 751 646 ἀληθείην,
779 563 829 636 τίς
855 583 920 645 μευ
947 555 1015 626 ἐστὶ
1044 551 1153 643 πατὴρ
1172 549 1268 647 ὀρθῷ
1292 554 1391 645 λόγῳ.

258 665 466 747 Λευτυχίδης
486 657 626 747 μὲνγὰρ
646 667 710 749 ἔφη
732 664 769 729 ἐν
783 676 868 729 τοῖσι
883 667 1009 731 νείκεσι
1023 660 1148 745 λέγων,
1169 658 1339 728 κυέουσάν
1356 679 1391 725 σε

259 767 296 832 ἐκ
310 768 371 832 τοῦ
392 766 558 852 προτέρου
578 760 701 851 ἀνδρὸς
720 762 808 833 οὕτω
832 767 947 834 ἐλθεῖν
967 759 1056 851 παρὰ
1072 759 1272 849 Ἀρίστωνα·
1304 764 1339 831 oi
1355 760 1392 829 ot

259 870 315 938 καὶ
336 865 396 937 τόν
416 866 635 957 ματαιότερον
651 867 753 954 λόγον
766 870 921 954 λέγοντες
935 873 1019 954 φασί
1038 887 1076 935 σε
1089 870 1206 936 ἐλθεῖν
1221 863 1312 954 παρὰ
1326 868 1393 933 τῶν

259 973 416 1041 οἰκετέων
437 968 496 1040 τὸν
516 967 725 1060 ὀνοφορβόν,
751 972 807 1041 καὶ
829 971 885 1058 ἐμὲ
907 969 994 1040 εέναι
1014 972 1148 1040 ἐκείνου
1165 973 1278 1039 παῖδα.
1311 965 1393 1055 Ἐγώ

260 1066 308 1143 ὧν
321 1095 359 1143 σε
372 1071 570 1163 μετέρχομαι
583 1079 652 1143 τῶν
665 1080 775 1161 θεῶν,
800 1080 908 1144 εἰπεῖν
928 1073 966 1142 τό
986 1070 1120 1161 ἀληθές.
1154 1069 1231 1141 οὔτε
1254 1069 1336 1160 γὰρ,
1363 1080 1397 1139 ελ

259 1206 322 1267 περ
337 1176 520 1266 πεποίηκάς
534 1206 566 1247 τι
588 1184 656 1248 τῶν
670 1181 878 1267 λεγομένων,
899 1176 1008 1267 μούνη
1029 1175 1071 1266 δὴ
1090 1185 1289 1264 πεποίηκας,
1310 1172 1392 1264 μετὰ

259 1378 437 1443 propaginem
446 1378 604 1440 pertineret,
616 1377 644 1427 id
653 1393 732 1428 omna
741 1378 801 1429 eius
887 1363 961 1426 οὕτω
975 1370 1071 1426 ἐλθεῖν
1084 1367 1162 1438 παρὰ
1172 1370 1331 1439 Ἀρίστωνα]
1352 1364 1391 1422 ἐλ-

259 1447 428 1514 ipsiuslovis
437 1447 536 1498 Hercei
548 1447 650 1498 iudicio
663 1449 801 1512 permitte·
852 1446 919 1496 θεῖν
926 1446 1082 1497 eademiere
1091 1447 1212 1506 notione,
1221 1460 1275 1510 qua
1284 1445 1323 1507 ll,
1334 1444 1389 1494 115.

259 1517 351 1567 batur.
378 1517 497 1567 Proinde
511 1516 584 1581 apud
598 1518 656 1567 eius
669 1517 713 1568 dei
726 1533 801 1568 aram
850 1516 984 1568 Valcken.
1003 1516 1079 1567 addit
1101 1514 1191 1566 Schol.
1213 1515 1248 1564 ud
1263 1513 1389 1589 Sophopl.

258 1585 382 1638 Acrisius
404 1585 487 1637 liliam
508 1601 585 1637 suam
605 1588 720 1638 Danaiiu
746 1603 801 1637 una
850 1588 928 1637 Aine.
944 1587 991 1638 191
1015 1585 1073 1650 (ubi
1088 1574 1150 1633 ἀλλ’
1164 1575 1332 1640 Ἀντικλείας
1345 1595 1391 1632 ασ-

260 1672 320 1707 cum
331 1655 415 1706 filiolo
427 1657 538 1719 Perseo,
549 1672 627 1720 quem
640 1658 700 1722 ipso
715 1658 801 1707 inscio
852 1669 903 1705 σον
915 1644 987 1720 ἦλθε
1002 1654 1131 1717 Σίσυφος
1143 1653 1204 1705 coll.
1215 1653 1391 1718 Aristophap.

260 1731 414 1791 pepererat,
426 1726 461 1777 ad
470 1727 544 1777 lovis
554 1727 653 1777 Hercei
663 1741 739 1778 aram
753 1727 801 1777 sd·
851 1727 920 1791 qu.
936 1724 1021 1790 1303).
1049 1725 1147 1790 ltaque
1163 1724 1246 1773 etiam
1259 1725 1287 1774 in
1301 1723 1391 1788 proxi-

260 1797 375 1848 durerat
387 1801 415 1847 et
427 1796 456 1845 in
467 1798 576 1860 nepotis
586 1801 674 1847 ortum
688 1797 802 1863 inquisi-
851 1812 893 1846 me
912 1810 988 1860 seqq.
1014 1795 1114 1845 retinui
1129 1786 1237 1854 ἐλθεῖν,
1255 1793 1332 1843 libris
1351 1795 1390 1842 ita

260 1872 320 1917 erst
335 1864 439 1930 (Schol.
454 1864 580 1931 Apellen.
591 1867 644 1928 lV,
662 1866 742 1926 1091;
762 1867 799 1918 αῖ.
851 1865 1007 1916 iubentibus
1021 1879 1070 1929 pro
1082 1857 1219 1926 ἐσελθεῖν,
1235 1863 1306 1913 unde
1320 1864 1390 1913 Hoe-

259 1935 408 2000 Phereoyd.
418 1935 543 2001 fragmm.
555 1936 577 1997 l,
588 1936 613 1985 2.
624 1950 686 2000 pag.
697 1937 802 1987 77-811
851 1951 905 2000 ger.
925 1936 953 1985 in
965 1936 1039 1987 Acti.
1055 1932 1133 1999 phul.
1147 1934 1271 1986 Menace.
1291 1933 1348 1996 ΙΙΙ,
1363 1936 1387 1982 4.

259 2006 352 2070 ibique
365 2005 478 2070 Statu).
503 2005 576 2055 Hinc
589 2006 618 2055 in
631 2006 738 2055 excidio
755 2005 801 2055 11ίί
850 2020 912 2070 pag.
926 2003 1068 2056 497-500
1081 2003 1211 2067 seriptum
1228 2002 1315 2053 luisse
1327 2018 1389 2053 con·

259 2074 459 2139 paterfamilias
472 2074 598 2139 idemque
612 2090 659 2125 rex
674 2076 800 2126 Priamus
850 2075 929 2125 iecit:
949 2068 1020 2136 φασὶ
1039 2064 1073 2129 ἐς
1093 2066 1129 2121 σέ
1150 2061 1248 2120 έλθεῖν
1264 2088 1289 2120 ιι.
1311 2087 1335 2120 τ.
1354 2071 1389 2132 L,

260 2145 373 2195 adeius
393 2143 438 2193 dei
456 2160 531 2194 nram
551 2145 729 2210 confugerat3
750 2146 800 2196 sed
849 2134 1388 2210 ρωοᾱνε111ε111111ε1,οιι111ἐλθεῖν,ιι111

259 2229 314 2279 quo
341 2214 463 2264 facinore
488 2216 609 2264 atrocius
637 2213 739 2264 nullum
766 2231 799 2265 ex
848 2213 881 2265 de
892 2228 1040 2278 congressu
1051 2227 1167 2262 venereo
1179 2211 1252 2277 apud
1261 2212 1389 2262 Nostrum

259 2283 424 2334 Graecorum
435 2282 612 2348 religionibus
625 2285 742 2348 eogitari
750 2300 800 2349 po·
849 2284 982 2349 reperitur
994 2283 1043 2347 (ll,
1057 2283 1105 2332 115
1120 2288 1148 2332 et
1159 2280 1210 2331 hoe
1223 2282 1284 2345 ipse
1296 2282 1388 2347 capite

260 2359 344 2414 terat,
363 2353 400 2402 ad
417 2369 478 2403 eam
492 2354 578 2418 ipsam
596 2353 685 2404 suerat
699 2369 716 2403 a
729 2357 801 2406 Neo·
849 2353 877 2402 in
891 2350 1072 2418 praegressis)
1085 2352 1315 2416 praepositionem
1326 2351 1387 2416 (uu—

259 2422 376 2487 ptolemo
405 2423 529 2482 occisue3
561 2422 703 2488 ipsiusque
723 2424 798 2474 loris
849 2413 1388 2488 po't)adtlitamauteaoousativumpree·

258 2492 358 2544 Hercei
368 2492 474 2555 signum
486 2491 514 2540 in
527 2493 631 2555 praeda
642 2493 799 2544 abductum.
848 2492 922 2543 beat.
958 2492 1000 2542 Ad
1012 2485 1198 2556 ματαιότερον
1212 2491 1250 2542 ei.
1269 2492 1311 2556 ll,
1331 2491 1386 2543 118.

258 2562 325 2613 Rem
338 2560 491 2612 tradiderat
506 2550 536 2611 ἐν
545 2554 630 2611 Ἰλίου
641 2556 736 2625 πέρσεν
749 2564 799 2614 Ar·
847 2561 900 2625 111,
915 2563 958 2614 58.
983 2617 993 2639 v
1015 2561 1019 2568 '

259 2634 359 2683 ctinus.
387 2631 564 2695 Vid.Heynii
580 2633 799 2684 Exomavlad
880 2622 949 2693 Ἐγώ
970 2646 1011 2680 ων
1030 2644 1059 2679 σε
1079 2626 1263 2696 μετέρχομαι]
1289 2630 1388 2695 „Idem

258 2702 355 2767 Virgil.
369 2694 436 2752 Aen.
454 2701 497 2765 ll,
511 2702 563 2752 512
582 2718 639 2768 seq.
660 2709 687 2754 et
702 2704 798 2754 Trete.
848 2701 986 2768 signifieat
998 2699 1192 2767 Sophocleum,
1211 2694 1241 2750 σε
1252 2697 1326 2764 πρὸς
1338 2701 1387 2751 θε-

259 2772 294 2821 ad
305 2772 476 2837 Lycophron.
486 2771 545 2824 338.
561 2788 587 2837 p.
600 2774 651 2823 544
665 2772 706 2823 cd⁴
716 2774 803 2824 Muel·
849 2769 890 2820 ων
905 2766 1050 2835 ἱκνοῦμαι,
1062 2780 1085 2822 te
1096 2786 1145 2834 per
1157 2773 1219 2821 deor
1231 2771 1345 2834 obsecro,
1360 2772 1387 2820 in

258 2840 307 2895 lor.
339 2841 482 2906 liquibus
503 2841 632 2907 exemplis
656 2844 712 2893 iam
730 2844 800 2894 satis
847 2839 1315 2906 ,41539[σῖ.ε1111111Ε1ε111.131].
1347 2842 1388 2891 Ex

259 2911 431 2976 intelligitur,
445 2926 493 2961 cur
506 2911 680 2976 Demaratus,
692 2928 752 2963 oum
767 2912 801 2963 de
849 2910 986 2963 similibus
1004 2910 1106 2975 liquet,
1129 2909 1264 2976 quomodo
1283 2911 1388 2961 venerit

258 2986 320 3031 ortu
331 2997 380 3033 suo
390 2981 528 3031 dubitaret
539 2986 568 3032 et
583 2987 657 3032 certo
672 2983 801 3034 seirecu-
849 2982 878 3030 in
891 2981 974 3032 istum
992 2979 1169 3045 significandi
1190 2981 1244 3029 vim
1263 2976 1387 3044 μετέρχε-

258 3056 348 3116 peret,
377 3056 467 3101 utrum
492 3051 549 3115 ipse
570 3051 604 3101 ad
623 3053 800 3104 Proclidarum
849 3049 928 3100 σθαι.
955 3044 985 3099 σῖ
1000 3044 1094 3113 ἱκέτης
1107 3045 1243 3113 ἱκνοῦμαι
1263 3052 1291 3099 in
1302 3049 1386 3115 Soph.

258 3121 350 3171 nobile
364 3136 451 3184 genus
463 3121 619 3185 pertineret,
634 3137 671 3171 an
685 3138 734 3187 pro
749 3122 800 3173 ali·
847 3120 917 3172 Phil.
929 3121 978 3170 471
998 3120 1068 3171 idem
1082 3125 1123 3171 est
1141 3136 1172 3170 ac
1189 3112 1218 3169 σὲ
1234 3116 1326 3184 λιτῇσι
1343 3133 1387 3183 με-

258 3206 308 3240 εηο
320 3191 440 3254 adeoque
452 3191 545 3255 spurio
560 3190 702 3242 habendos
716 3197 798 3254 esset,
847 3188 980 3253 τέρχομαι
999 3190 1064 3253 (Vl.
1080 3188 1136 3253 89).
1162 3186 1253 3253 [Apud
1266 3190 1386 3239 Pausan.

257 3274 305 3309 cur
318 3258 363 3310 ille
373 3297 379 3321 ,
391 3261 517 3324 inquam,
532 3261 703 3325 potissimum
716 3263 799 3312 Iouem
847 3260 932 3323 Vlll,
950 3258 994 3310 50.
1012 3264 1035 3322 5.
1055 3261 1071 3309 4
1090 3266 1132 3310 est
1147 3253 1243 3325 ἀπάτῃ
1261 3254 1387 3324 μετέρχε-

257 3328 382 3379 Hercewu
394 3329 433 3377 rei
446 3333 542 3379 testem
556 3330 688 3381 faceret.“
722 3331 798 3381 Idem
848 3326 926 3389 σθαι,
940 3329 1011 3394 quod
1026 3346 1087 3379 oum
1101 3329 1388 3394 Herodoteiscompa·

258 3400 307 3447 Cr.
328 3398 370 3446 iris
391 3396 455 3447 addi
474 3397 534 3448 vult
557 3402 672 3451 nertin
692 3401 797 3451 Stuart.

257 3467 368 3532 Autiqq.
381 3466 499 3517 Atheon.
510 3466 570 3517 Vol.
583 3469 604 3518 l.
619 3485 646 3533 p.
659 3471 719 3520 472.
734 3470 796 3522 481.

846 3404 892 3448 rat
903 3398 1026 3468 Siehelis.
1051 3400 1205 3464 Alloquendi
1220 3415 1303 3449 sensu
1315 3400 1386 3450 idem

846 3468 957 3519 verbum
969 3468 1040 3533 apud
1054 3469 1156 3521 llerod.
1175 3469 1230 3529 Vl,
1247 3468 1291 3521 86.
1310 3472 1334 3531 ξ.
1354 3469 1385 3525 3:

256 3535 308 3585 498
319 3552 390 3587 vers.
405 3553 525 3600 german.
550 3538 591 3587 'l'u
606 3539 659 3588 vid.
676 3544 798 3605 prseter-

256 3620 290 3656 eu
306 3606 435 3657 Creuzcri
449 3604 569 3671 Symbol.
582 3608 633 3658 Ill.
648 3625 676 3674 p.
690 3611 738 3660 127
751 3611 794 3660 ed.

257 3679 334 3738 tort,
353 3673 461 3726 undric
473 3675 578 3726 David:
597 3679 702 3743 Iupiter
712 3681 745 3733 T.
757 3680 794 3730 11.

256 3761 318 3809 pag.
338 3744 388 3795 523
410 3760 486 3810 seqq.
505 3745 556 3796 532
577 3753 604 3797 et
623 3748 796 3812 potissimum

254 3814 365 3867 Preller.
381 3814 489 3869 Griech.
501 3815 652 3883 Mytholog.
672 3821 695 3868 l.
715 3835 742 3884 p.
760 3820 795 3871 95

256 3885 289 3937 de
303 3885 384 3937 huius
393 3884 461 3935 Iouis
475 3886 573 3938 Hercei
585 3888 614 3937 vi
626 3904 660 3938 ac
671 3893 796 3954 potesta·

254 3960 283 4006 te
293 3956 360 4005 bene
373 3961 561 4021 exponentem.

288 4021 440 4091 κυέουσαν]
459 4027 571 4077 Retinni
581 4026 642 4089 hoo,
653 4028 725 4092 quod
738 4044 794 4078 oto·

253 4110 302 4146 nes
315 4095 394 4145 codd.
407 4097 448 4146 sic
464 4097 610 4160 praebent;
624 4112 793 4175 'quamquam

253 4164 655 4300 {Riihhrgffiohh‘iffi'hiffi
670 4167 792 4296 {232}ss

253 4319 315 4354 curn
324 4307 383 4355 sive
394 4303 466 4353 νοέω
476 4307 535 4357 sire
544 4301 601 4355 seio
611 4307 716 4356 valeat:
729 4322 793 4371 pro-

251 4374 310 4423 vida
321 4389 380 4422 rum
400 4375 444 4424 Tu
452 4375 508 4427 vid.
521 4391 591 4440 qnos
602 4375 634 4425 de
647 4375 690 4428 his
701 4378 793 4441 dispu-

251 4442 421 4495 terssrerov.
436 4458 500 4510 pag.
515 4444 575 4495 370.
630 4460 632 4463 ·

844 3543 872 3587 ο1
885 3537 958 3589 conf.
974 3554 1079 3605 quoque
1093 3534 1216 3602 μετιέναι
1231 3537 1298 3602 VII,
1314 3534 1385 3602 178]

846 3608 879 3658 ln
899 3608 951 3658 hoo
973 3613 1064 3659 autem
1091 3608 1222 3659 familiari
1242 3609 1386 3659 Demarati

846 3694 906 3728 cum
919 3682 1005 3727 matre
1013 3677 1149 3744 colloquio
1160 3678 1325 3730 suavissima
1332 3678 1386 3728 He-

845 3749 936 3798 rodeli
954 3746 1043 3798 elucet
1062 3740 1192 3810 α’φέλειαε
1216 3747 1297 3814 quale
1317 3747 1385 3799 illud

845 3824 888 3896 est
901 3819 1049 3882 proximum
1068 3808 1134 3898 μέτε
1148 3810 1215 3883 γὰρ,
1228 3811 1255 3867 εέ
1265 3816 1385 3897 reuniri:

845 3902 897 3944 νας
913 3902 940 3936 τι
953 3914 1001 3947 —,
1018 3902 1112 3953 μουνη
1131 3886 1301 3952 πεποίηκας,
1317 3901 1386 3951 μετα

844 3953 970 4004 πολλέων
982 3953 1022 4007 δέ.
1048 3958 1105 4008 Cic.
1115 3959 1214 4009 Tusco.
1225 3958 1279 4021 Ill,
1294 3957 1339 4022 33,
1350 3957 1384 4009 79

845 4027 988 4077 Consolatio
1004 4053 1038 4063 —
1055 4033 1149 4079 νιῖεοεσ
1177 4036 1230 4089 eat,
1254 4036 1280 4078 et
1305 4043 1385 4091 saepe

842 4098 963 4159 prodest:
986 4097 1043 4147 Non
1061 4098 1106 4149 tihi
1122 4097 1168 4146 hoc
1184 4099 1245 4153 soli,-
1262 4112 1333 4162 quae
1350 4097 1384 4147 de

844 4166 988 4231 tragoedis
1007 4168 1096 4231 petita
1115 4171 1188 4220 eunt.
1221 4166 1283 4217 Hoc
1302 4182 1383 4232 argu·

844 4240 934 4287 mento
947 4238 1057 4302 Merope
1075 4253 1105 4288 se
1121 4234 1317 4288 consolabatur
1330 4238 1384 4286 Eu-

842 4305 938 4369 ripidis
950 4307 1023 4372 apud
1036 4305 1175 4357 Plutarch.
1191 4307 1223 4358 T.
1235 4307 1273 4359 11.
1290 4322 1317 4371 p.
1334 4306 1383 4358 110

842 4376 900 4428 Β.“
920 4378 947 4424 V
950 4375 1073 4426 alckcn.
1104 4376 1266 4441 Wesseling.
1285 4374 1381 4425 laudat

842 4445 936 4511 Eurip.
951 4445 1018 4497 llee.
1035 4446 1098 4498 740:
1120 4437 1234 4497 ἰκετεέω
1249 4458 1278 4495 σε
1290 4442 1382 4496 ταῖνδε
