3100 5175
438 411 707 474 POLYMNIA.
731 411 805 473 vir.
826 419 947 479 «rr-ro.
969 374 989 473 ιζ
1221 407 1282 470 527

141 613 202 665 τος
217 583 404 675 οὐδαμόθι,
432 581 475 666 ὡς
494 583 560 673 ἐγω
581 585 714 673 εἰκάζω,
743 583 851 673 ὅστις,
875 587 1090 675 ἐγειρομένου
1110 588 1282 672 χειμῶνος,

143 690 327 777 δεξάμενός
347 711 407 758 σευ
427 694 525 758 τοῦτο
544 687 581 757 τὸ
604 686 782 775 ναυτικὸν,
802 691 988 778 φερέγγυος
1009 695 1099 758 ἔσται
1118 692 1282 757 διασῶσαι

141 792 203 873 τὰς
219 795 306 872 νίας.
339 800 461 862 καίτοι
481 790 558 863 οὐκὶ
579 795 638 861 ἕνα
658 791 763 862 αὐτὸν
781 800 836 862 det
854 792 941 861 εἶναι
963 791 1022 862 τὸν
1044 795 1177 880 λιμένα,
1199 788 1282 859 ἀλλὰ

142 895 238 983 παρὰ
252 901 362 966 πᾶσαν
375 894 437 986 τὴν
450 892 607 984 ἤπειρον,
623 895 703 985 παρ’
722 892 765 985 ἣν
779 895 821 986 δὴ
835 904 977 984 νομίεαι.
1012 894 1074 965 οὐκ
1089 887 1137 965 ὧν
1152 894 1193 984 δὴ
1207 895 1279 963 ἐόν·

142 1028 215 1068 των
235 1027 285 1069 τοι
310 1006 456 1089 λιμένων
476 992 665 1081 ὑποδεξίων
684 1002 791 1089 pride,
814 997 865 1070 ὅτι
887 1005 925 1069 αἱ
940 1002 1111 1089 συμφοραὶ
1130 1006 1199 1068 των
1219 995 1279 1066 ἆν-

141 1103 299 1190 θρωπων
313 1101 467 1191 ἄρχουσι,
489 1105 544 1173 καὶ
563 1098 638 1172 οὐαὶ
659 1100 842 1190 ὥνθρωποι
862 1109 930 1174 τῶν
951 1106 1163 1193 συμφφέων.
1213 1103 1279 1171 Καὶ
1298 1119 1314 1167 2
1371 1142 1376 1157 ι

143 1205 204 1295 δίη,
234 1213 303 1275 τῶν
329 1208 391 1276 δύο
417 1234 465 1275 τοι
488 1212 549 1309 τοῦ
576 1209 690 1294 ἑτέρου
716 1211 913 1296 εἰρημένου,
945 1207 982 1276 τὸ
1009 1211 1126 1296 ἕτερον
1144 1212 1279 1294 ἔρχομαι

142 1406 210 1467 erit3
231 1401 268 1470 γῆ
282 1399 313 1454 δὲ
331 1404 451 1470 πολεμίη
469 1401 536 1470 τῇδέ
553 1421 596 1455 τοι
614 1405 692 1456 nant:
738 1406 811 1457 σθαι
822 1401 854 1456 τὸ
868 1398 1013 1465 ναυτικὸν,
1027 1412 1057 1456 ut
1072 1405 1139 1456 bene
1152 1405 1280 1456 observat

143 1489 244 1524 σταται
261 1479 286 1538 ξ.
308 1476 332 1526 2.
377 1476 456 1525 Conl.
480 1477 562 1525 etiam
586 1478 689 1528 Borne·
737 1478 884 1540 Valcken,
906 1475 959 1541 legi
973 1491 1054 1540 ponae
1072 1483 1147 1525 ratur
1164 1466 1280 1524 ὑποδε·
1356 1478 1361 1488 “

143 1562 236 1595 mann.
253 1544 345 1595 Sehol.
358 1546 390 1595 ad
402 1544 535 1610 Evangel.
547 1547 613 1597 Luc.
625 1562 687 1612 pag.
739 1543 849 1611 ξίμων
873 1562 890 1596 a
916 1561 984 1596 voce
1005 1539 1194 1608 νποιλέξιμος,
1220 1560 1280 1610 pro·

145 1615 204 1666 120.
237 1616 337 1665 Noster
358 1617 428 1664 enirn
447 1617 530 1680 prlori
550 1619 687 1667 sententia
737 1617 820 1668 bauto
839 1615 987 1666 Schaefero
1007 1617 1042 1665 ud
1061 1614 1197 1664 humbert.
1216 1616 1279 1664 Boe.

142 1684 275 1734 absoluta
298 1684 332 1733 ad
357 1684 470 1734 alteram
495 1701 687 1750 progressurus
737 1688 779 1736 De
793 1686 988 1750 ο111ρο.ρ,4311,
1003 1686 1045 1735 cui
1060 1700 1113 1734 vox
1126 1677 1279 1743 ὐποὸίξιος

142 1754 225 1804 aliter
244 1755 334 1819 pergit
351 1760 436 1819 atque
456 1757 630 1817 instituerat,
653 1756 686 1805 ob
738 1757 913 1822 nieiproreuo
923 1758 1049 1816 conficta,
1057 1760 1087 1803 et
1097 1754 1194 1804 dubiae
1205 1758 1280 1803 certe

142 1825 223 1888 plura
243 1825 327 1874 verba
347 1825 506 1875 interiecta:
533 1840 602 1889 quae
627 1827 687 1889 ipra
735 1825 1003 1876 lideieeeevidetur.
1042 1824 1279 1875 lndeDindorfiue

143 1894 226 1959 quasi
242 1899 368 1958 repetens
388 1894 479 1944 verbis
504 1892 552 1943 να1
574 1885 611 1959 δή
630 1892 686 1942 τών
738 1896 842 1962 recepit
853 1888 1051 1957 ὑποδεξι’μων;
1069 1894 1167 1959 reliqui
1180 1897 1209 1942 in
1222 1894 1279 1944 vul·

142 1957 196 2011 too
215 1976 262 2012 τοι
285 1959 338 2012 τοῦ
361 1954 457 2025 ἑτέρου
482 1957 633 2028 εἰρημένον
654 1956 686 2012 τὸ
736 1965 1019 2032 gataaoquieverunt.
1048 1964 1279 2014 PhotineotSui-

141 2026 242 2094 ἕτερον
254 2025 370 2096 ἔρχομαι
385 2023 470 2094 ἐρέων
481 2033 588 2083 accedit
604 2034 638 2083 ad
650 2033 688 2083 ol·
711 2058 714 2063 ·
736 2037 787 2085 dar
798 2034 851 2086 ΙΙΙ.
868 2049 895 2099 p.
910 2034 960 2085 553
976 2026 1143 2094 ὑποδέξιος·
1169 2023 1279 2082 ὑποδο-

141 2108 229 2152 teram
243 2104 408 2152 sententiam
419 2102 603 2167 exponendam
616 2119 687 2153 eam·
735 2095 809 2169 χεύς.

141 2188 193 2237 quo
206 2171 306 2222 vocula
316 2166 345 2220 dl
357 2172 452 2221 addita
462 2173 686 2223 antecedentibus
770 2164 815 2224 ὅτι
831 2166 864 2222 αλ
876 2168 1021 2235 συμφοραὶ
1033 2167 1090 2220 τοῖν
1100 2162 1275 2235 α’νθοιίπων

141 2243 281 2293 adstruxit
303 2241 347 2290 vel
367 2243 458 2307 potius
481 2244 622 2307 opposuit:
651 2240 686 2308 γῇ
735 2234 867 2308 ἄρχουσι]
898 2242 1022 2294 efferunt
1047 2242 1114 2292 haec
1140 2242 1276 2293 Stobaeue

141 2303 177 2359 δὲ
208 2310 331 2374 πολεμίη
359 2306 428 2376 τηδὲ
455 2326 498 2359 τοι
524 2311 684 2361 κατίσταται
734 2311 1275 2378 xcwlltxcvltqtu.(uulpem

142 2383 213 2444 §.Q
236 2380 286 2431 ubi
302 2380 357 2429 vid.
373 2388 442 2432 nott.
478 2381 519 2430 Ad
531 2398 625 2433 vocem
637 2397 685 2446 φε-
735 2382 1186 2448 οο1τ1.)ο1ΔροοοοΙίοε1,01(11
1209 2397 1273 2446 pag.

142 2444 259 2514 οέγγοος
269 2450 326 2500 vid.
337 2455 405 2502 nott.
417 2451 451 2500 ad
465 2453 496 2511 l',
509 2452 551 2502 30.
576 2453 684 2503 Wesse-
733 2458 784 2504 233
794 2454 976 2517 Paroemiogr.
986 2453 1043 2515 Gr.)
1052 2453 1275 2516 iternqueWaese

141 2519 207 2585 ling.
217 2519 589 2584 excitaveratrlesclrylS.c.
598 2521 683 2572 Theb.
733 2525 768 2573 ed
782 2522 934 2589 Thucydid.
951 2523 997 2584 Vl,
1014 2522 1056 2572 78.
1091 2521 1153 2570 Alia
1167 2536 1198 2570 ex
1212 2523 1276 2571 Sto-

142 2592 193 2640 402
204 2591 269 2654 (3112
282 2590 393 2656 Blornf.)
408 2592 466 2641 rto.
478 2593 536 2642 476.
549 2592 600 2643 803
614 2591 684 2658 (qui-
733 2597 817 2656 baeo,
838 2595 914 2655 aliie,
931 2593 1031 2643 cimilia
1044 2591 1141 2641 attolit
1153 2591 1274 2643 Voemel.

142 2661 192 2710 bun
206 2668 299 2710 tamen
317 2660 384 2711 locie
401 2676 453 2709 uon
471 2661 505 2711 de
521 2662 615 2724 robur,
635 2663 682 2713 sed
733 2666 768 2715 ad
782 2662 958 2713 Demosthen.
972 2661 1089 2725 Philipp.
1105 2660 1126 2709 Ι.
1144 2664 1168 2723 5.
1182 2660 1217 2711 30
1236 2660 1245 2716 1
1248 2677 1274 2725 p.

142 2731 175 2779 de
199 2730 355 2780 hominibus
377 2729 425 2779 illa
446 2746 497 2780 vox
516 2730 682 2798 adhibetur).
733 2733 819 2796 511³.)
841 2749 867 2797 p.
883 2731 942 2781 207.
982 2732 1060 2781 Cous.
1077 2731 1204 2795 eupral‚
1222 2730 1273 2780 32:

142 2800 269 2865 Sophocl.
283 2799 384 2849 Electr.
398 2801 458 2851 1118.
735 2801 793 2851 πᾶν
807 2798 863 2852 ἐστι
882 2790 1040 2863 ἅνθρωπος
1059 2792 1207 2862 συμφορή,
1228 2800 1274 2849 ubi

175 2869 228 2919 καί
242 2883 288 2919 τοι
302 2859 366 2919 οὖκὶ
386 2864 437 2918 ἕνα
455 2861 541 2917 αὐτὸν
559 2868 680 2920 dest-t·
734 2873 807 2924 coni.
825 2871 918 2921 allata.
950 2870 1102 2920 Larchcrne
1120 2870 1274 2934 comparari

143 2937 180 3004 1.]
202 2941 220 2991 i.
234 2957 258 2991 e.
275 2940 357 3005 Atqui
371 2955 420 2989 nec
434 2954 516 2990 unum
530 2939 608 2989 modo
623 2955 683 2990 esee
735 2940 925 2992 vultSallnrtii
935 2937 1152 3003 iltudlugddn.
1166 2939 1275 3001 „Quod-

142 3014 249 3073 oportet
263 3016 382 3074 portum,
396 3008 443 3060 sed
458 3014 567 3074 praeter
577 3025 683 3060 omnem
733 3014 757 3061 ei
773 3011 927 3066 hominibus
944 3010 1076 3059 bonarum
1092 3023 1179 3059 rerum
1193 3014 1274 3060 tanta

142 3095 231 3142 oram,
248 3094 331 3145 quarn
345 3078 579 3143 praetervehens,
592 3079 684 3129 iatiue·
734 3098 799 3132 cura
812 3086 898 3143 esset,
919 3108 952 3119 —
964 3096 1042 3144 aeque
1058 3087 1207 3143 reperentur
1222 3096 1274 3129 νιο-

142 3149 213 3198 modi
232 3155 328 3215 portur
344 3165 404 3200 eene
425 3148 544 3199 debebit.
574 3143 624 3198 ἵνα
641 3163 681 3211 κη
730 3155 1157 3217 piequamrepereotcoeuecleo
1172 3151 1274 3214 magui·

142 3233 156 3267 e
166 3219 306 3269 Sancrolti
315 3217 383 3269 libro
392 3218 683 3282 receperuntDindorf.
732 3221 835 3271 tudinis
846 3220 1024 3286 procederent
1035 3219 1107 3272 etc.“

142 3292 169 3335 et
182 3287 305 3339 Dieuch.
340 3288 443 3353 Reliqui
459 3289 520 3338 libri
540 3293 567 3337 et
585 3289 682 3353 scripti

143 3363 171 3406 et
197 3358 265 3408 editi
293 3359 433 3422 ignorant,
462 3372 530 3423 quoa
556 3358 681 3424 equidem
778 3371 782 3379 ·

142 3429 218 3491 aequi
236 3427 330 3478 malui.
366 3428 428 3477 Mox
448 3444 496 3492 pro
515 3428 587 3493 vulg.
604 3426 682 3492 κομί·
969 3396 993 3456 §-
1012 3393 1038 3446 ²·

142 3493 214 3560 ζεαι,
232 3498 305 3563 qnod
324 3498 437 3547 retinuit
450 3498 601 3561 Matthiae,
621 3514 682 3548 curn
769 3493 826 3547 Καὶ
845 3489 895 3561 δὴ,
913 3494 969 3546 των
988 3495 1040 3545 dvo
1054 3511 1097 3545 τοι
1113 3493 1164 3546 τοῦ
1178 3487 1273 3561 ἕπε’ρον

143 3565 306 3633 ὃοὴωοὶςὴ.,
320 3567 417 3627 tinini..
436 3568 559 3618 Belrkero
573 3575 682 3618 etreoo.
732 3562 893 3632 εἰρημένον]
913 3568 1043 3617 Voculam
1061 3560 1115 3616 δύο
1134 3584 1187 3617 non
1206 3584 1274 3619 flem-

145 3636 222 3698 edd,
248 3637 427 3702 probantibus
449 3637 631 3689 Valckenario
655 3644 683 3688 et
732 3654 782 3703 per
793 3641 892 3690 Noster
905 3638 1013 3687 flectere
1025 3636 1103 3688 eolet.
1134 3638 1274 3686 Vid.Bre·

144 3704 264 3757 Poreono
285 3706 413 3757 Adverso.
432 3722 457 3771 p.
473 3707 521 3764 39.
543 3708 617 3757 edidi
635 3722 681 3756 ao·
733 3709 796 3760 dor.
810 3724 835 3773 p.
848 3707 915 3770 210,
930 3709 977 3771 qui
990 3723 1023 3758 ex
1032 3706 1172 3756 Herodoto
1183 3708 1274 3755 omnia

143 3771 233 3835 μίεαιε
260 3775 331 3842 quod
353 3778 457 3842 iprum.
479 3778 642 3828 Bredovium
659 3779 682 3827 ei
734 3778 838 3829 attulit.
867 3778 953 3827 Voces
968 3772 1016 3824 ιιαλ
1031 3770 1066 3837 ds}
1081 3777 1162 3824 initio
1174 3777 1275 3824 oratio-

144 3844 286 3896 audiamus
300 3862 362 3911 pag.
377 3846 441 3909 378,
458 3848 616 3897 mutandum
631 3849 684 3897 erit
735 3849 778 3898 nia
797 3854 936 3912 pouuntur
955 3845 1036 3910 plane
1055 3848 1086 3894 ut
1106 3859 1191 3907 supra
1211 3845 1272 3901 Vll,

144 3913 171 3961 in
184 3916 286 3977 κομιεῖ.
309 3917 483 3967 Florentinue
496 3932 555 3966 cum
568 3933 622 3966 uno
633 3918 685 3966 Pa·
738 3919 779 3967 ll.
809 3919 848 3965 Ac
864 3931 926 3964 rnox
942 3930 1048 3980 quoque
1060 3911 1108 3962 καλ
1121 3907 1159 3975 (λη’
1172 3927 1224 3963 τοι.
1240 3941 1274 3951 —-

144 3983 227 4033 ricino
251 3983 401 4047 κομίζεται,
441 3987 484 4037 De
509 3988 585 4037 verbi
602 3987 684 4037 buius
734 3987 776 4036 Ad
790 3984 955 4035 locutionem
969 3977 1086 4047 ἔρχομαι
1099 3976 1184 4044 lotoe
1200 3985 1273 4034 coni.

146 4066 195 4102 usu
216 4054 244 4104 in
270 4056 423 4122 maritimis·
437 4057 578 4106 itineribus
603 4058 639 4106 cl.
662 4058 684 4118 l,
737 4057 765 4115 Ι,
788 4054 947 4119 lillibique
966 4056 1062 4104 citata.
1102 4052 1275 4116 Inproxirue

148 4121 204 4175 lit-b.
218 4124 251 4187 V,
271 4125 327 4175 108.
342 4125 403 4188 Vll,
418 4126 462 4179 58.
737 4139 813 4188 seqq.
828 4139 877 4188 pro
890 4124 927 4185 γη·
938 4115 969 4170 ol
982 4120 1101 4184 πολεμίη
1113 4122 1275 4188 Wereeling.

153 4248 160 4266 ο
187 4186 238 4241 οὐκ
256 4183 297 4243 οἷν
319 4186 356 4258 δὴ
375 4186 480 4243 ἐόντων
499 4208 543 4242 τοι
567 4191 687 4256 λιμένων
738 4183 1277 4256 malebatdriprodhSchweighaeuse-

146 4258 317 4329 οιτοδεξίων]
339 4257 392 4313 οὐκ
411 4252 452 4314 ὦν
466 4255 502 4326 δὴ
519 4263 612 4327 optimi
629 4263 687 4327 qui·
737 4279 784 4312 rue
796 4254 864 4325 γᾶρς
877 4261 948 4327 quod
959 4265 1082 4311 neutrum
1095 4262 1214 4326 proberis
1224 4264 1277 4312 lie-

148 4343 197 4391 qoe
212 4334 291 4384 codd.
308 4334 466 4384 afferebant.
494 4332 688 4397 Intelligontur
738 4331 796 4381 rold
810 4331 978 4393 (Emendatt.
992 4331 1112 4381 Herodd.
1127 4332 1158 4383 P.
1175 4332 1195 4381 1.
1213 4347 1276 4397 pag.

147 4394 164 4444 h
186 4398 204 4451 l.
214 4417 304 4465 portua
316 4407 412 4454 ποοίιωι
427 4419 536 4467 capaces
549 4419 570 4454 e.
585 4402 690 4456 navibus
731 4402 772 4452 15
791 4401 860 4467 aeq.)
883 4400 1009 4452 voculam
1027 4393 1065 4449 dl
1084 4416 1194 4466 proreue
1215 4403 1278 4453 eiiei

149 4471 296 4534 recipiendis
312 4476 409 4541 idonei,
432 4468 589 4539 δννοίμενοι
607 4466 687 4535 dieo·
738 4471 808 4539 vult,
818 4472 843 4524 ei
853 4470 959 4540 quidem
974 4463 1182 4539 „postipxoporr
1192 4461 1277 4536 ἐρίων
