3100 5175
292 396 354 460 756

682 431 685 439 ·
723 396 989 461 HERODOTI

179 579 184 587 '
225 573 435 664 toozedpep
451 577 484 658 ἐξ
499 570 762 663 ἀπροσδοιιήτου.
797 576 913 656 Διξοῐν
925 573 990 662 γύρ
1004 578 1038 642 οἱ
1051 572 1176 643 ἐόντων
1189 572 1428 661 πρεσβυτέρων

292 677 485 766 ἀδελφεῶν,
509 677 716 768 Κλεομένεός
731 705 766 747 τε
780 681 836 746 καὶ
851 680 1018 766 Δωριέος,
1038 674 1227 766 ἀπελήλατο
1247 681 1308 763 τῆς
1326 703 1428 765 φρον·

292 789 384 865 τίδος
404 785 480 871 περὶ
502 788 561 871 τῆς
578 790 764 872 βασιλήΐής.
802 779 1037 863 ἀποθανόντος
1052 784 1089 852 δὲ
1103 783 1314 868 Κλεομένεος
1328 777 1427 849 ἆται·

294 894 351 968 δος
366 893 502 975 ἔρσενος
519 888 640 974 γόνου,
661 887 814 975 Δωριέος
827 914 862 955 τε
881 883 992 955 οὐκέτι
1014 884 1144 972 ἐόντος,
1164 882 1250 953 ἀλλά
1272 883 1428 971 τελευτή-

294 1014 413 1072 σαντος
427 992 484 1060 καὶ
497 989 619 1060 τούτου
634 994 672 1060 έν
686 997 845 1080 Σικελίῃ,
870 987 958 1059 οὕτω
973 987 1016 1077 δή
1031 992 1064 1069 ἐς
1078 994 1257 1077 Λεωνίδην
1270 985 1429 1076 ἀνέβαινε

292 1092 503 1185 ἡβασιλήῖή,
525 1097 580 1163 καὶ
603 1093 689 1164 διότι
703 1094 864 1183 πρότερος
884 1093 1037 1181 ἐγεγόνεε
1050 1093 1293 1182 Κλεομβρότου
1313 1081 1470 1176 (ούτοςοοι

293 1199 357 1288 γὰρ
372 1191 415 1288 ήν
429 1199 592 1280 νεώτατος
608 1196 875 1286 Ἀναξανδρίδεω
890 1204 997 1282 παῖς),
1021 1201 1077 1268 καὶ
1098 1196 1141 1287 δή
1161 1199 1217 1267 καὶ
1238 1195 1307 1284 εἶχε
1321 1202 1429 1264 Κλεο·

294 1307 411 1391 μένεος
431 1304 614 1392 θυγατέρα,
653 1299 710 1384 Ὃς
729 1302 803 1373 τότε
817 1300 870 1390 ήϊε
885 1306 918 1383 ές
933 1302 1170 1391 Θερμοπύλας,
1194 1299 1430 1388 ἐπιλεξάμενος

293 1405 421 1497 ἄνδρας
437 1435 473 1477 τε
487 1405 565 1488 τούς
585 1413 1051 1531 κατεστεῶταςὶτριηκοσίους,
1074 1408 1129 1475 καὶ
1143 1421 1229 1475 τοῖσι
1244 1404 1431 1492 ἐτύγχανον

294 1616 350 1665 τεεί
363 1629 469 1680 quoqne
488 1618 596 1681 potest,
617 1616 690 1681 quod
703 1617 774 1681 opud
786 1617 839 1666 Xe·

294 1684 459 1821 poplrppptem
472 1685 573 1751 legitur
587 1687 614 1736 in
625 1686 776 1753 Cyropeed.
789 1686 838 1750 Vl,

483 1910 550 1962 Cen.
569 1910 647 1962 CCV.

331 2005 489 2079 ἀπελήλατο
503 2012 554 2078 τῆς
572 2004 739 2081 φροντίδος]
758 2028 837 2062 reno-

297 2090 337 2133 tue
347 2093 419 2145 erat,
436 2090 507 2150 Ionpe
518 2084 608 2135 aderat
619 2101 636 2133 α
648 2085 797 2148 οσμίλαιὶοπι
808 2083 839 2132 de

297 2154 462 2219 adipiscendo
473 2171 560 2220 νομπο.
590 2155 635 2204 lte
644 2152 795 2218 Schweigh.
810 2154 837 2200 in

297 2222 363 2274 Lex.
385 2224 486 2275 Herod.
508 2226 529 2275 Ι,
549 2240 610 2291 pag.
630 2226 671 2276 70.
708 2224 750 2273 De
776 2223 838 2287 ipse

298 2292 386 2343 forma
398 2293 454 2344 vid.
467 2294 583 2345 Bredov.
595 2310 658 2360 pag.
669 2293 718 2345 341
732 2308 789 2357 seq.
803 2320 838 2329 —

297 2362 340 2412 Ad
367 2379 450 2415 voces
469 2354 594 2421 ἄπαιδος
615 2357 728 2426 ἔρσενος
750 2357 838 2424 γόνου

297 2433 354 2484 vid.
369 2433 484 2495 V11‚61
500 2440 528 2484 et
543 2435 576 2485 de
590 2436 683 2485 Dorieo
700 2435 727 2482 in
743 2432 839 2482 Sicilie

298 2508 405 2554 mortuo
418 2503 475 2556 vid.
486 2504 519 2566 V,
530 2506 563 2553 42
575 2519 652 2569 eeqq.
677 2503 730 2553 Pro
745 2493 839 2552 ούεέτι

298 2564 395 2632 ἐόντος
415 2573 488 2640 quod
507 2574 598 2625 Neber
617 2575 645 2624 in
664 2574 837 2639 Mnemosyn.

296 2660 351 2713 111.
359 2677 385 2727 p.
393 2661 444 2712 4811
455 2663 550 2726 reponi
562 2661 621 2712 vult
634 2657 728 2711 ούκέτι
739 2674 841 2723 περι·

225 2765 228 2770 ψ
298 2724 437 2794 εόντος,
455 2731 680 2796 quemadmodum
689 2733 789 2783 Noster
801 2730 839 2781 lo·

298 2807 378 2852 cutus
389 2802 425 2852 eit
435 2802 487 2862 III,
503 2803 541 2852 ld.
552 2803 584 2865 V,
594 2801 635 2853 39.
647 2803 695 2864 VI,
707 2801 765 2852 103.
774 2801 839 2863 vll,

300 2871 358 2923 leo.
372 2871 427 2934 IX,
438 2872 486 2934 90,
509 2872 557 2937 qui
575 2871 628 2921 olio
643 2888 725 2923 aenou
739 2872 840 2922 dixerit
858 2917 862 2924 .

299 2934 393 2990 ούκὲτι
413 2933 487 2989 εἶναι
506 2943 544 3006 V,
566 2941 613 2992 102
633 2942 695 2993 eoll.
716 2942 774 3004 ΙΙΙ,
794 2941 839 3007 65,

298 3011 421 3077 equidem
437 3018 547 3062 seentue
560 3028 615 3061 non
632 3027 705 3074 eom,
724 3013 770 3077 qui
785 3013 839 3063 lle·
858 3031 863 3044 ·

299 3081 426 3132 rodotum
452 3088 567 3147 utroque
592 3082 672 3132 modo
695 3081 769 3164 loqui
792 3098 839 3147 po-

297 3153 386 3202 tuisse
408 3151 542 3203 existimo,
583 3152 701 3202 Verbum
723 3149 841 3219 αναβαί·

300 3236 361 3271 νειν
375 3221 458 3287 attigi
469 3222 504 3272 ed
516 3221 579 3282 VII,
593 3222 619 3272 4.

325 3282 377 3347 Ὃς
388 3284 450 3341 τότε
466 3282 512 3355 ήϊε
527 3283 555 3348 ἐς
572 3287 759 3354 Θερμοπύλας
770 3305 797 3339 ν.
813 3306 839 3341 τ.

297 3360 334 3426 λ.]
345 3362 387 3412 Ι)ο
398 3375 450 3411 neu
459 3362 626 3425 pronominis
636 3360 757 3423 relativi,
767 3361 840 3426 qnod

298 3431 421 3496 ponitur,
444 3431 490 3481 ubi
509 3431 631 3496 pluribus
648 3430 737 3480 verbis
757 3431 842 3481 inter·

297 3502 378 3551 lectio
397 3501 432 3551 ed
452 3503 544 3566 priore
565 3500 718 3566 regreditur
741 3502 841 3563 oratio,

300 3571 405 3621 monuit
413 3570 512 3621 Metel.
522 3571 568 3622 Gr.
577 3571 623 3622 Gr.
633 3573 658 3633 ξ.
667 3571 726 3632 477,
738 3586 765 3621 ο.
786 3572 839 3622 Pro

298 3633 497 3704 ἐπιλεξάμενος
514 3640 575 3706 (eidi
589 3637 714 3705 eleperat)
732 3640 841 3691 Isocra-

298 3718 340 3762 teo
358 3712 494 3777 Panegyr.
511 3726 572 3776 cap.
593 3713 635 3762 25.
656 3713 681 3774 §-
694 3708 729 3761 90
746 3712 839 3763 eotivo

297 3783 385 3833 utitur
402 3783 486 3833 verbo
506 3782 643 3831 scribens:
663 3777 840 3846 Λακεδαιμό-

298 3865 355 3900 νιοι
376 3842 428 3913 μὲν
444 3844 485 3908 εἰς
503 3842 688 3912 Θερμοπύλας
709 3844 782 3910 πρὸς
795 3843 838 3900 τὸ

298 3912 383 3981 πεζόν
404 3920 512 3984 χιλίους
538 3910 633 3970 αύτοίν
662 3912 840 3981 ἐπιλέξαντες

298 3987 347 4041 καλ
360 3987 416 4039 τοῖν
429 3982 583 4054 συμμάχων
593 3983 703 4054 ὀλίγους
713 3990 839 4053 παραλα-

298 4055 406 4130 βόντες.
439 4061 494 4111 Ubi
510 4061 581 4126 qnod
596 4069 763 4124 trecentorum
775 4060 837 4113 loco

297 4135 362 4182 mille
377 4135 460 4182 vocet
471 4131 624 4192 leocrates,
647 4131 720 4182 hunc
733 4130 838 4182 diesen·

298 4218 357 4252 eum
378 4203 418 4251 ite
437 4202 562 4267 componi
579 4217 660 4266 poree
679 4205 760 4266 putet
779 4203 837 4252 Mo·

297 4287 358 4330 rue,
379 4276 424 4333 nt,
447 4271 556 4336 quando
577 4275 682 4322 trecenti
700 4272 837 4333 dicentur,

297 4340 487 4405 intelligentur
504 4346 595 4407 petrei
610 4340 744 4402 familiae,
761 4344 836 4393 cives

298 4411 452 4476 spernente
463 4416 522 4462 toto
532 4411 632 4477 populo
644 4411 751 4471 delecti,
764 4411 835 4463 mille

297 4497 363 4534 vero
374 4480 421 4532 ubi
433 4486 580 4546 vocentur,
598 4481 700 4534 adiecti
717 4481 760 4532 hie
782 4487 836 4534 tre·

887 1614 974 1664 centis
991 1614 1146 1677 cogitentur
1159 1611 1292 1674 Helene,
1314 1614 1363 1677 qui
1376 1611 1430 1661 bini

886 1683 1044 1749 plerumque
1059 1682 1102 1733 vel
1115 1684 1181 1731 trini
1193 1682 1313 1747 singulis
1325 1682 1429 1731 civibus

852 1788 855 1791 -
886 1754 989 1805 suerint
1000 1753 1097 1803 additi.
1121 1752 1194 1802 Hinc
1206 1767 1319 1817 quoque
1332 1751 1429 1802 Diodo

886 1839 934 1874 rus
948 1823 998 1881 XI,
1010 1826 1026 1873 4
1037 1826 1102 1873 mille
1113 1822 1199 1873 luisse
1214 1825 1336 1873 testatur
1350 1822 1429 1871 Lace

887 1894 1028 1944 daemonioe
1042 1898 1070 1944 et
1088 1908 1148 1942 cnm
1163 1893 1197 1943 iie
1211 1901 1342 1943 trecentos
1352 1891 1429 1954 Spar·

886 1972 961 2015 tnnoe
973 1978 1029 2013 une
1041 1979 1101 2013 cum
1112 1962 1201 2014 tribue
1211 1961 1335 2012 millibus
1347 1962 1429 2012 socio-

887 2048 956 2087 rum.
993 2035 1094 2098 ltaque
1114 2033 1186 2096 apud
1202 2032 1377 2083 Herodotum
1393 2031 1428 2079 in-

886 2103 1047 2168 telliguntur
1061 2104 1176 2153 trecenti
1191 2102 1326 2168 Spartani
1342 2118 1358 2151 e
1374 2100 1429 2151 reli·

887 2174 1066 2239 quie·eivibue
1077 2172 1177 2223 delecti
1186 2173 1261 2237 iique
1272 2178 1369 2222 aetate
1379 2173 1427 2221 inm

887 2245 1073 2308 provectiores
1083 2247 1230 2309 patresque
1243 2242 1377 2292 familiae.
1401 2240 1429 2290 ld

888 2315 959 2363 enirn
978 2315 1068 2379 ipsum
1087 2313 1159 2363 hand
1179 2314 1238 2363 seio
1258 2328 1296 2363 en
1309 2311 1428 2362 indicent

887 2384 971 2434 verba
982 2377 1012 2432 οἷ
1019 2380 1201 2439 κατεστεῶτες
1213 2378 1262 2431 καὶ
1271 2382 1351 2431 τοῖσι
1362 2373 1428 2444 ἐτύγ·

888 2467 978 2517 χανον
991 2449 1093 2510 παῖδες
1105 2443 1214 2513 ἐόντες,
1236 2468 1309 2518 quae
1324 2454 1426 2502 Wese-

887 2522 955 2588 ling.
972 2522 1169 2589 interpretetus
1189 2529 1250 2573 eret
1267 2538 1357 2573 omnes
1375 2523 1426 2570 nid

886 2598 940 2644 tari
957 2602 1042 2645 aetate
1063 2593 1267 2660 (constitutos),
1297 2594 1350 2658 qui
1367 2592 1427 2642 alibi

888 2669 1023 2714 vocentur
1039 2657 1068 2713 οἱ
1085 2654 1116 2712 ἐν
1134 2658 1230 2732 ἡλιαίᾳ
1246 2669 1335 2728 atque
1351 2664 1428 2713 etiem

888 2725 920 2783 ol
934 2724 964 2782 έν
975 2727 1110 2798 αἰσθήσει
1123 2730 1332 2794 καθεοτεύτες,
1348 2739 1380 2784 ut
1392 2737 1430 2782 eet

887 2803 961 2936 tlt
973 2801 1430 2939 llllillellllelniigill

928 2911 934 2923 ·
958 2910 965 2923 ’
993 2908 1000 2921 ·
1043 2905 1050 2922 '
1147 2911 1176 2924 ··
1347 2913 1355 2938 ι

890 2942 986 2994 Gallus
997 2944 1145 3008 interpres,
1159 2944 1263 2995 reddit:
1284 2947 1431 3006 „perutiles

886 3013 992 3063 λοννπεε
1020 3015 1080 3063 δύο
1105 3015 1152 3080 ripe
1177 3015 1333 3064 convenatte
1362 3014 1380 3062 ei
1407 3013 1430 3060 le

886 3084 1012 3149 puem=e.⁴¹
1037 3083 1191 3135 Lercherue
1205 3083 1326 3148 intelligi
1337 3082 1430 3134 melun

887 3162 1053 3205 trecentorex
1061 3154 1243 3206 honestioribus
1251 3154 1431 3217 noitmspar·

888 3233 978 3286 tanos,
995 3226 1056 3289 qni,
1069 3226 1194 3289 quamvis
1209 3223 1280 3288 pede
1292 3222 1429 3288 stipendio

887 3294 1039 3356 facientes,
1064 3295 1186 3360 equitnm
1208 3301 1303 3343 tamen
1324 3293 1430 3344 nomine

887 3363 1005 3414 vocitati
1023 3364 1126 3414 luerint
1145 3363 1186 3429 (in
1206 3378 1258 3429 quo
1272 3363 1373 3414 merito
1389 3364 1431 3413 ol>

888 3433 1009 3498 loquitur
1022 3434 1051 3485 C.
1068 3434 1102 3485 0.
1115 3433 1244 3485 Mueller:
1263 3434 1332 3484 Dor.
1351 3434 1388 3484 ΙΙ.
1405 3449 1429 3497 p.

889 3503 939 3553 ‘241
952 3504 1054 3568 noti),
1063 3519 1199 3569 vocesque
1208 3497 1274 3560 τούς
1284 3499 1431 3553 αατεστεύ·

888 3588 938 3630 τας
949 3575 1144 3637 interpretetur
1157 3578 1179 3625 le
1188 3587 1264 3636 corps
1271 3578 1330 3638 fixe
1339 3583 1365 3624 et
1375 3589 1432 3636 per-

888 3653 1001 3708 manent,
1027 3644 1119 3695 stabile
1139 3645 1213 3708 qnasi
1232 3659 1264 3693 ac
1283 3652 1430 3707 perpetrm

889 3728 990 3776 aprum:
1015 3712 1089 3778 quod
1111 3713 1258 3774 siluerit,
1281 3714 1314 3763 de
1335 3714 1429 3764 detecte

888 3782 936 3848 qui
953 3799 1041 3835 sermo
1058 3784 1119 3835 e'see
1135 3785 1271 3848 potnerit,
1295 3789 1371 3835 recte
1385 3783 1431 3832 mi·

887 3856 963 3903 retur
984 3853 1273 3919 Schweighaeuserue,
1300 3855 1351 3919 qni
1372 3869 1428 3904 enm

888 3922 1028 3974 Schultnio
1040 3923 1108 3974 haee
1119 3924 1203 3974 verbe
1215 3925 1256 3973 ite
1268 3923 1430 3989 simpliciter

888 4007 947 4043 eree
957 3993 1096 4044 reddenda
1105 3994 1226 4044 conenit:
1242 3995 1393 4046 οοπειὶινῑοτ
1403 3995 1430 4043 tl·

887 4066 926 4114 !oe
939 4061 1012 4129 (lege
1025 4062 1099 4128 ecil.)
1114 4071 1240 4134 trecentae
1253 4067 1324 4114 viror
1337 4080 1361 4115 ε.
1372 4064 1430 4128 tepi-

888 4136 968 4183 ιίνααπ
986 4149 1110 4184 nurnerrnn
1125 4142 1291 4185 trecentorum
1311 4136 1428 4184 vivom

887 4204 924 4251 At
937 4205 1039 4254 rectius
1050 4204 1129 4264 idem,
1143 4204 1250 4268 opinor,
1261 4203 1290 4253 in
1303 4206 1430 4254 versione

887 4273 1003 4324 Latine:
1021 4278 1105 4324 iurene
1116 4276 1211 4324 aetatis
1223 4277 1302 4332 οἰτίε,
1316 4288 1429 4338 eumque

887 4347 998 4394 secutus
1014 4344 1150 4408 Longius:
1174 4342 1343 4393 drer'lrundert
1355 4343 1430 4392 Man·

886 4429 933 4462 ner
947 4423 1138 4478 conpetentem
1149 4409 1224 4463 Alter
1237 4414 1291 4462 und
1300 4415 1344 4464 die
1356 4415 1430 4464 echon

887 4483 988 4534 Kinder
1004 4484 1098 4535 tanen.
1132 4485 1189 4536 Nec
1202 4482 1273 4535 elios
1288 4483 1345 4535 nisi
1355 4484 1429 4534 virne
