3100 5175
533 411 712 480 ERATO.
736 413 791 480 VI.
811 423 933 487 17-50.
1239 417 1300 487 leo

161 581 345 679 όΠέρσης,
364 588 486 672 πάντες
506 592 542 662 δὲ
563 597 598 662 οἰ
609 598 788 682 νησιῶται,
811 598 844 676 ἐς
860 593 937 677 τούς
953 591 1127 667 όπικοίατο
1145 599 1298 688 αἰτήσειν·

161 722 225 774 τες.
270 699 317 763 Oi
328 722 364 763 τε
386 693 428 782 δή
452 695 547 765 ἄλλοι
568 703 728 786 νησιῶται
748 704 882 768 διδοῦσι
905 706 970 788 γήν
989 728 1024 770 τε
1044 703 1100 770 καὶ
1116 698 1211 789 ὕδωρ
1226 714 1297 770 Δα-

162 804 262 890 ρείῳ,
291 800 349 867 καὶ
375 797 417 885 δή
439 802 494 868 καί
518 806 707 890 Αἰγινήται.
744 802 899 892 ποιήσασι
924 808 964 874 δέ
987 827 1047 892 σφι
1069 810 1173 873 ταῦτα
1197 809 1300 885 ἰθέως

159 899 333 988 Ἀθηναῖοι
351 904 523 988 ἐπεκέατο,
545 907 718 984 δοκέοντες
733 907 785 974 ἐπὶ
807 913 903 994 σφίσι
917 914 1051 995 ἔχοντας
1064 907 1141 986 τούς
1156 908 1297 995 Αἰγινή-

162 1032 219 1083 τας
241 1008 445 1088 δεδωκέναι,
472 1002 515 1085 τός
537 1004 605 1095 ἅμα
624 1013 671 1099 τῷ
691 1013 806 1098 Πέρση
832 1012 885 1078 ἐπὶ
905 1013 1010 1096 σφέας
1033 1012 1296 1097 στρατεύωνται·

162 1109 217 1175 καί
227 1105 367 1196 ἄσμενοι
380 1108 566 1195 προφάσιος
576 1110 796 1199 ἐπελάβοντο,
813 1117 1002 1199 φοιτέοντές
1015 1141 1051 1183 τε
1062 1117 1095 1193 ἐς
1105 1112 1166 1201 τήν
1177 1115 1295 1201 Σπόρ-

162 1239 224 1297 την
244 1210 452 1300 κατηγόρεον
471 1218 540 1281 τῶν
559 1217 787 1301 Αἰγινητέων,
818 1214 858 1284 τὰ
879 1216 1094 1304 πεποιήκοιεν
1114 1217 1297 1302 προδόντες

162 1313 223 1402 τήν
245 1311 398 1384 Ἐλλάδα.
443 1314 534 1404 Πρὸς
555 1316 682 1404 ταύτην
702 1318 740 1387 δὲ
760 1316 823 1408 τήν
845 1328 1048 1410 κατηγορίην
1063 1324 1254 1407 Κλεομένης
1277 1317 1343 1396 650

163 1513 223 1565 edd.
246 1514 412 1570 omiserunt,
435 1514 620 1567 eFlorentino
635 1517 705 1568 libro
753 1520 851 1583 aliquid
863 1535 885 1569 s.
906 1521 1012 1584 aliquem
1021 1529 1147 1581 spectare,
1158 1521 1296 1584 pertinere,

162 1584 279 1648 aliisque
292 1587 396 1648 recepi:
416 1588 533 1649 itemque
548 1602 596 1650 pro
608 1578 704 1634 ἄπικέ-
754 1589 875 1644 teudere,·
899 1588 1000 1653 deque
1018 1587 1154 1639 locutione
1169 1590 1225 1640 vid.
1242 1605 1296 1638 mo-

161 1668 212 1701 ατο
231 1669 292 1702 cum
306 1661 421 1703 receutt.
437 1654 498 1703 edd.
514 1656 577 1704 dedi
591 1649 704 1704 ἁπιιιοί-
755 1658 790 1706 do
805 1673 875 1722 quae
891 1657 979 1707 alluta
992 1663 1055 1707 sunt
1070 1658 1104 1706 ed
1119 1659 1221 1718 11,51.
1241 1658 1295 1719 111,

161 1736 220 1772 ατο.
261 1722 303 1773 Ad
322 1719 474 1786 προΐσχετο
499 1726 571 1774 coni.
594 1726 625 1789 1,
646 1726 702 1776 idi.
754 1729 797 1778 48.
820 1729 918 1791 ltaque
931 1726 1296 1790 eumSclraeierosclrweig-

161 1794 208 1854 Vl,
224 1793 251 1842 9·
754 1797 1053 1846 ireeuserusrevocavit
1065 1787 1111 1844 ἐπὶ
1125 1795 1202 1856 σφίσι
1217 1788 1295 1858 ἔχον-

196 1874 230 1926 οἴ
243 1891 273 1925 τε
292 1874 329 1940 δή
349 1865 430 1926 ἄλλοι
454 1874 635 1941 νησιώται-
654 1872 703 1927 καί
753 1870 944 1923 ταῖιῦΰῡῑῡΐθ
957 1866 1102 1915 1318ῑᾶῑῇῑο
1121 1863 1140 1919 l·
1156 1865 1249 1929 ¹asini
1267 1869 1295 1914 in

161 1940 197 2011 δή
216 1943 264 1995 καί
283 1941 442 2010 Αἰγινῆται]
477 1941 544 2003 τούς
564 1942 705 2010 νησιώτας
754 1935 806 1984 hac
826 1935 963 1986 locutione
984 1935 1142 1999 explicando
1161 1941 1295 1998 versatur,

161 2018 194 2068 de
204 2016 354 2081 Cycladum
366 2017 463 2067 incolis
478 2017 650 2081 potissimum
662 2017 704 2067 di-

161 2089 185 2137 ci
202 2086 355 2137 monuimus
369 2085 403 2134 ad
418 2087 456 2148 V,
470 2087 513 2139 30.
547 2087 624 2148 Quod
638 2103 703 2136 vero

161 2157 321 2220 Aeginetae,
333 2171 446 2220 quorum
459 2155 548 2204 insula
561 2162 626 2205 tuuc
639 2161 705 2207 tem·

162 2229 236 2290 poris
250 2228 369 2275 omnium
383 2225 438 2274 iere
455 2225 592 2274 ditissima
606 2226 703 2290 opibus

161 2311 242 2360 reque
256 2294 351 2347 navali
361 2296 476 2344 maxime
491 2296 605 2345 eminuit
617 2297 703 2360 (quip-

161 2381 194 2429 pe
215 2361 505 2427 θαλασσοκρατοόσα,
526 2364 561 2414 ei.
578 2371 646 2414 nott.
667 2366 703 2415 ed

160 2437 192 2498 V,
206 2434 249 2485 81.
263 2433 326 2500 83),
348 2435 420 2498 regis
436 2433 574 2499 postulata
588 2436 704 2498 precsti·

161 2508 268 2562 terunt,
288 2505 315 2554 id
330 2504 372 2553 vei
386 2503 554 2553 Athenarum
571 2504 633 2553 odio
647 2511 705 2553 stu-

159 2575 258 2640 dioque
271 2573 338 2640 Argi
354 2590 387 2624 ac
401 2573 554 2624 Thebarum
567 2590 612 2623 eos
626 2574 705 2624 secis-

160 2660 189 2693 se
202 2643 334 2694 credibile
350 2649 407 2706 est,
419 2641 463 2693 vel
479 2645 561 2693 etiem
575 2659 703 2693 commer-

160 2714 195 2765 cii
207 2714 387 2777 promovendi
400 2728 461 2777 τρες
481 2713 505 2762 si
517 2713 625 2777 quidem
640 2715 703 2763 Per-

160 2799 252 2833 sarum
270 2784 383 2847 imperio
399 2782 517 2832 subditis
533 2798 580 2848 per
599 2798 701 2833 omnem

159 2854 255 2903 Asiam
273 2853 366 2903 Persis
392 2852 542 2902 subiectam
569 2858 702 2903 mercatu·

159 2939 216 2972 ram
233 2938 314 2987 egere
324 2924 567 2985 commerciumque
579 2938 703 2972 exercere

159 2993 246 3042 licuit.
261 2992 304 3041 cf.
316 2990 440 3043 Mueller.
453 2992 589 3055 Aeginett.
604 3008 629 3056 p.
644 2992 701 3042 llil.

194 3054 284 3118 ἰθέως
302 3052 449 3124 Ἀθηναῖοι
469 3051 617 3125 ἐπεκέατο]
640 3063 658 3110 i.
677 3078 701 3112 e.

159 3134 275 3182 contiuuo
290 3131 453 3180 Athenienses
469 3131 611 3190 instabunt,
630 3133 703 3179 inuui-

158 3202 252 3251 nebant
269 3202 309 3252 iis.
344 3200 386 3248 Cf.
401 3202 438 3257 V,
459 3202 506 3249 104
522 3194 626 3266 (πάγην
644 3191 703 3247 ἔπι-

158 3269 290 3332 κείμενος
302 3260 404 3334 lappe).
420 3269 453 3325 V,
468 3268 498 3318 81
515 3277 543 3319 et
558 3270 702 3334 praecipue

158 3340 294 3399 1711184.
312 3340 361 3401 lx,
375 3341 416 3399 22,
430 3338 477 3389 ubi
488 3341 549 3403 pari
564 3339 643 3389 modo
656 3339 701 3389 ad·

157 3410 282 3460 verbium
293 3402 380 3466 ἰδὲως
388 3409 474 3458 eidem
485 3410 566 3459 verbo
577 3410 701 3459 additum

159 3480 324 3530 invenimus.

193 3559 344 3621 δοκέοντες
357 3554 403 3613 iul
416 3560 496 3627 σφίσι
507 3556 624 3626 ἔχοντες
636 3578 702 3620 τονς

158 3627 313 3699 Αἰγινήτας
322 3629 488 3699 δεδωκέναι]
509 3633 562 3684 Pro
577 3623 622 3681 ἐπὶ
637 3631 701 3697 σφί-

159 3719 186 3753 σι
201 3698 327 3768 ἔχοντας,
338 3706 409 3769 quod
425 3708 517 3753 tuetur
526 3702 653 3757 Eustath.
666 3703 701 3753 ad

160 3775 259 3839 Odyss.
273 3790 299 3838 ρ.
317 3774 396 3833 13511,
415 3773 444 3824 to
458 3789 480 3824 s.
494 3773 561 3833 683,
574 3774 622 3837 21,
637 3773 701 3823 Flo-

158 3846 297 3905 rentinum,
311 3843 465 3904 Medicens,
478 3841 541 3891 alli:
559 3833 606 3891 int
621 3842 702 3906 σφίσι

159 3906 377 3977 ἐπέχοντας,
406 3914 478 3978 quod
505 3928 519 3962 e
543 3912 646 3963 scholio
672 3913 701 3962 in

159 3989 263 4033 textum
280 3983 425 4047 irrepsisse
446 3983 554 4032 videtur
568 3982 703 4046 Schweig-

160 4053 302 4115 haeusero‚
313 4053 382 4103 bene
394 4052 523 4111 monenti,
536 4052 645 4101 minime
657 4051 702 4101 hic

755 2020 851 2068 quem,
870 2020 930 2054 cum
948 2009 1029 2054 antee
1050 2003 1117 2053 illud
1137 1998 1217 2067 ἔπεχε
1234 2018 1297 2052 ouo·

754 2071 801 2141 πςό
813 2069 898 2134 τόξον
914 2079 1165 2133 commemorasset,
1178 2077 1218 2123 sic
1234 2089 1296 2138 pro-

754 2145 808 2192 sert
820 2145 1003 2207 subiungens:
1022 2138 1178 2204 Ἡρόδοτος
1192 2137 1223 2191 δὲ
1236 2141 1296 2192 δια-

753 2206 908 2276 λελυμένως
924 2209 1013 2275 φησὶν
1034 2205 1080 2261 ἐπὶ
1100 2210 1199 2273 σφίσιν
1218 2209 1296 2276 ἔχον.

752 2298 803 2340 τας
818 2278 884 2339 τούς
895 2276 1064 2347 Αἰγινήτας,
1079 2272 1169 2346 ήγουν
1182 2273 1295 2345 ἐπέχον.

752 2367 813 2409 τας.
839 2354 891 2414 Qui
904 2355 993 2401 secuti
1006 2357 1070 2400 sum
1083 2351 1209 2414 editores,
1225 2352 1294 2401 lreuc

752 2421 898 2471 lectionem
908 2422 1002 2470 merito
1013 2423 1191 2482 retinuerunt,
1202 2426 1229 2470 in
1240 2438 1294 2486 qua

753 2492 776 2539 si
798 2492 911 2541 verbum
933 2484 1007 2555 ἔχειν
1028 2491 1152 2540 obsolute
1174 2490 1293 2554 positum

752 2562 889 2625 accipias:
916 2559 1204 2624 προσαρμόσειεν
1229 2577 1293 2624 esse,

753 2632 922 2696 praepositio
935 2619 981 2677 int
992 2646 1023 2679 eo
1034 2631 1112 2679 modo
1124 2630 1220 2679 additu
1231 2632 1292 2695 erit,

753 2701 865 2765 quolV,
878 2699 920 2748 80.
935 2700 992 2759 154,
1006 2700 1051 2748 ubi
1066 2700 1118 2749 vid.
1131 2704 1201 2748 nott.
1221 2701 1293 2760 Qua-

753 2785 782 2819 re
796 2769 868 2819 haud
883 2768 953 2818 male
964 2768 1137 2833 Hoogeveeu.
1155 2768 1189 2817 ad
1200 2768 1292 2833 Viger.

752 2855 816 2903 pag.
829 2837 880 2888 249
897 2838 986 2887 locum
1000 2844 1039 2888 sic
1052 2838 1181 2887 reddidit:
1200 2848 1293 2902 perluu-

752 2917 790 2957 λοι·
805 2908 889 2957 hostili
904 2911 928 2957 in
946 2911 1014 2969 ipsos
1029 2911 1108 2956 arrium
1129 2909 1229 2957 dedisse
1243 2917 1294 2957 irr-

752 2994 806 3027 rum
818 2986 844 3027 et
856 2993 945 3041 αρααιιι
953 2976 1098 3041 Arpineius.
1118 2976 1207 3025 Unum
1220 2977 1293 3041 quod

752 3046 888 3096 offendere
916 3048 1002 3111 possit
1027 3047 1138 3097 verbum
1156 3038 1229 3109 ἔχειν
1252 3049 1293 3096 sic

752 3115 877 3167 absolute
901 3116 1034 3180 positum,
1054 3130 1141 3180 neque
1161 3115 1216 3164 ulls
1236 3116 1292 3165 alie

752 3202 819 3235 vocc
833 3186 938 3245 addita,
954 3186 1006 3235 fuit
1019 3201 1077 3235 eum
1091 3199 1129 3246 τε,
1144 3185 1216 3249 quod
1230 3185 1293 3236 Flo·

751 3258 876 3305 rentiuus
889 3260 917 3305 et
931 3256 1071 3305 Saucroiti
1087 3253 1155 3304 liber
1170 3261 1233 3318 post
1245 3254 1293 3304 δο-

751 3321 863 3381 κέοντες
879 3325 996 3375 efferunt
1017 3323 1060 3389 (ul
1079 3340 1140 3373 mox
1163 3321 1293 3387 quatior-

751 3395 796 3452 τές
812 3409 862 3457 τε,
875 3395 948 3460 quod
963 3395 1034 3444 haud
1050 3396 1108 3445 scio
1119 3411 1154 3444 on
1166 3395 1292 3445 librarios

751 3465 779 3513 h.
790 3464 807 3514 1.
821 3467 848 3515 in
860 3482 977 3515 errorem
990 3464 1149 3525 induxerit),
1160 3466 1185 3514 in
1196 3481 1221 3512 τι
1233 3481 1290 3515 mu·

677 3555 682 3572 =
752 3541 811 3585 tare
823 3534 931 3597 vollem3
952 3535 1000 3584 sed
1013 3540 1109 3599 postea
1123 3535 1226 3587 destiti.

960 3721 1026 3774 Ore.
1045 3724 1077 3776 L.

787 3836 958 3908 Κλεομένης]
984 3844 1045 3895 Viri.
1059 3844 1180 3895 Pausan.
1195 3843 1253 3909 111,
1265 3849 1291 3897 4.

749 3915 773 4032 Ξ.
793 3914 824 3973 3,
849 3915 895 3977 qui
917 3913 1010 3962 eedem
1031 3913 1089 3963 iere
1108 3921 1213 3962 narrat.
1249 3916 1292 3966 Ad

764 3978 880 4041 πειρᾶτο
896 3974 1098 4046 συλλαμβάνων
1117 3983 1152 4031 ci.
1173 3988 1241 4033 nott.
1256 3984 1292 4034 ad

750 4052 824 4113 1‚77.
844 4051 916 4099 Hinc
930 4049 1000 4098 malo
1015 4051 1042 4099 in
1054 4051 1215 4114 quibusdam
1230 4053 1293 4101 σνλ-

160 4123 192 4174 de
206 4123 296 4185 tmesi,
308 4121 414 4187 qualem
425 4122 450 4172 h.
465 4121 481 4177 l.
494 4121 702 4172 statueretVal·
752 4113 915 4184 λαμβάνειν,
950 4119 988 4168 Ad
1002 4111 1134 4179 ἆντίξοος
1148 4121 1185 4169 ci.
1199 4121 1226 4185 l,
1242 4122 1291 4171 174

160 4193 320 4254 cleodemus,
337 4192 512 4255 cogitandum
526 4207 585 4242 esse
603 4192 655 4254 (ita
671 4196 702 4241 ut
752 4195 781 4240 et
790 4189 825 4238 ed
836 4186 972 4251 χαίροντα
983 4193 1052 4239 nott.
1066 4189 1100 4239 ad
1110 4189 1162 4252 111,
1174 4190 1216 4240 29.
1239 4193 1292 4241 Ne-

161 4253 205 4311 ἔπί
232 4260 315 4325 σφίσι
338 4254 455 4324 ἔχοντας
478 4261 633 4325 accipiatur
652 4275 700 4326 pro
752 4264 801 4323 gat
819 4261 889 4307 enim
905 4258 998 4319 Crius,
1016 4260 1192 4321 impaneillum
1209 4275 1291 4324 queni-

160 4323 312 4395 ἐπέχοντας
321 4330 492 4394 σφίσι),οοιιι
504 4325 578 4394 ἔχειν
588 4322 638 4379 ἔπε’
644 4345 701 4378 τινι
752 4345 824 4393 quum
844 4344 879 4377 em
896 4328 1027 4391 Aepiuelir
1048 4328 1209 4378 adducturum
1226 4346 1290 4384 esse.

161 4402 196 4451 sit
212 4403 337 4451 adversus
349 4404 454 4465 aliquem
471 4401 588 4461 tendere,
610 4414 701 4465 quem·
752 4398 856 4462 Scripsi
869 4392 956 4456 Κριὸς
970 4413 1019 4461 pro
1032 4396 1108 4461 vulg.
1122 4399 1210 4460 Κρίος
1222 4404 1250 4450 et
1263 4400 1290 4452 h.

161 4470 305 4522 admodum
328 4462 404 4534 ἔχειν
428 4463 457 4527 ἔς
473 4484 500 4518 τι
519 4471 562 4521 vel
583 4484 647 4519 τινα
666 4470 702 4519 αδ
751 4469 770 4518 1.
787 4473 815 4518 et
827 4469 879 4531 Vl,
895 4466 945 4530 733
964 4467 1036 4518 inira
1052 4468 1135 4535 V111,
1149 4469 1183 4521 92
1199 4486 1292 4527 omnes
