3100 5175
276 413 337 475 458
709 413 973 487 HERODOTI

276 594 307 658 ελ
319 585 383 676 γὰρ
397 591 452 661 καὶ
466 591 717 681 ἐναντιωθῆναί
730 616 761 657 τι
779 592 892 675 θέλει,
914 590 1134 680 βεβούλευται
1156 594 1219 683 μὲν
1237 591 1339 665 οὐδὲν
1352 598 1407 665 So-

274 717 336 762 σον
351 686 406 780 εὖ,
430 698 570 764 ἕσσωται
585 693 622 763 dl
642 690 710 763 ὑπὸ
723 698 781 780 τῆς
793 692 894 780 τύχης
907 693 944 764 sd
958 696 1144 785 βούλευμα·
1175 693 1193 767 ὁ
1212 700 1249 768 δὲ
1264 706 1405 788 βούλευ·

276 797 419 885 σύμενος
433 804 593 887 αἰσχροῖς,
609 808 643 868 ελ
654 792 719 886 ολὴ
734 796 817 884 τύχη
832 800 1021 886 ἐπίσποιτο,
1046 798 1175 890 εὕρημα
1194 800 1333 892 εύρηκε,
1351 807 1404 874 ἕσ-

242 918 258 969 5
277 922 338 972 σον
352 902 389 972 δὲ
402 900 505 973 οὐδέν
524 907 558 973 ολ
570 908 679 983 κακῶς
693 900 925 991 βεβούλευται.
957 898 1054 996 Ὁρᾷς
1068 903 1109 974 τύ
1123 900 1329 995 ὑπερέχοντα
1342 913 1406 1000 ζῷα

275 1147 440 1191 recurrentes
456 1139 610 1195 deliberata:
627 1138 661 1190 de
677 1137 817 1188 locutione
867 1140 1013 1192 enuntiari.
1049 1141 1092 1191 Tu
1109 1141 1165 1193 vid.
1184 1145 1225 1205 V,
1241 1145 1267 1192 4.
1288 1145 1322 1193 24
1341 1144 1403 1209 ibiq.

274 1200 321 1258 ἐπὶ
334 1208 458 1259 σεωυτοῦ
478 1209 550 1260 conf.
564 1209 692 1260 Kuehner
710 1209 755 1258 Gr.
769 1208 816 1258 Gr.
867 1212 935 1259 nott.
947 1210 1009 1261 coll.
1027 1215 1096 1264 nott.
1112 1213 1147 1262 ed
1159 1212 1212 1273 ΙΙΙ,
1225 1212 1268 1263 80.
1282 1214 1327 1265 82.
1342 1214 1404 1273 vll,

276 1281 300 1342 §-
315 1280 364 1331 611
381 1286 408 1330 et
423 1279 477 1331 rid.
492 1295 576 1345 supra
593 1279 633 1330 10.
647 1281 671 1341 ξ.
689 1279 711 1332 1.
867 1280 891 1330 6.
907 1279 931 1341 ξ.
950 1281 972 1330 l.
997 1281 1036 1332 10.
1050 1285 1074 1343 §-
1085 1282 1111 1331 8.
1125 1281 1167 1332 53.
1192 1281 1232 1331 Ad
1243 1282 1404 1335 locutionem

317 1343 344 1397 sl
360 1345 412 1412 ηάρ
428 1346 475 1398 καὶ
496 1343 711 1411 ἐναντιωθῆναί
725 1362 752 1395 τι
766 1342 816 1394 θέ-
865 1340 975 1412 εὕρημα
994 1341 1096 1413 εὕρηκε
1119 1350 1152 1401 de
1173 1351 1249 1403 lucro
1268 1355 1405 1416 insperato,

279 1417 330 1483 λιι]
349 1420 454 1483 „Recte
471 1419 600 1471 Eustetlr.
620 1417 648 1468 in
668 1417 710 1467 lli.
730 1415 768 1467 11.
788 1432 814 1480 p.
862 1427 972 1483 praeter
984 1435 1052 1482 spem
1064 1421 1162 1483 oblato,
1182 1423 1357 1473 coutebatur
1370 1424 1404 1473 ad

277 1489 341 1551 131,
355 1489 390 1540 30
402 1504 423 1538 s.
442 1488 504 1552 173,
518 1488 552 1539 36
565 1478 631 1544 ούιι,
649 1488 703 1548 ait,
716 1475 746 1534 ἐκ
758 1482 815 1533 τῶν
867 1489 945 1551 VIII,
966 1490 1021 1540 109,
1050 1489 1140 1541 Verba
1153 1487 1183 1539 εἴ
1192 1484 1222 1539 οἱ
1234 1484 1252 1555 ἡ
1265 1487 1336 1556 τύχη
1348 1482 1405 1541 ἐπί.

274 1549 507 1622 ἀποτελεσμάτων
518 1552 562 1607 ἀεὶ
575 1551 686 1621 κριτέον
701 1547 735 1605 τὰ
744 1548 816 1604 καλὰ
867 1572 967 1609 σποιτο
980 1560 1073 1610 eadem
1088 1560 1213 1625 leguntur
1223 1561 1244 1619 1,
1255 1561 1289 1612 32
1300 1562 1356 1626 (ubi
1368 1563 1403 1614 ci.

274 1627 329 1679 εἴτε
343 1624 391 1678 καὶ
408 1625 518 1691 poete,
539 1644 672 1693 suumque
690 1625 758 1678 illud
777 1625 817 1675 di·
866 1628 964 1693 nott),
980 1631 1035 1680 nisi
1047 1631 1118 1697 quod
1136 1633 1214 1681 ebert
1227 1633 1360 1682 srticulus
1376 1622 1404 1695 η’,

275 1705 349 1749 ctum
362 1716 395 1750 ex
408 1695 815 1750 seutentiefirmatHerodoti.“
867 1715 944 1765 quern
963 1700 1014 1750 hoe
1034 1699 1095 1750 loco
1112 1699 1155 1752 vel
1174 1708 1285 1766 propser
1299 1708 1404 1752 antece.

279 1771 390 1821 Volcis.
405 1770 438 1819 de
450 1783 484 1820 ee
497 1772 649 1831 sententis,
665 1782 719 1832 qua
733 1764 815 1829 vulgo
865 1770 959 1820 dentis
971 1760 1028 1819 ύπύ
1042 1771 1084 1835 τῆ
1092 1785 1106 1827 ς
1123 1761 1211 1835 τύχης
1224 1772 1338 1824 retineri
1351 1788 1403 1822 rne-

274 1853 401 1904 perverse
421 1839 571 1889 iudicamus
588 1839 624 1889 ub
640 1843 755 1899 eventu,
779 1835 817 1885 ci·
865 1839 921 1889 lim.

273 1915 335 1958 tans
348 1908 523 1960 Demostheu.
537 1924 563 1972 p.
578 1911 594 1958 5
616 1906 653 1973 [p.
671 1908 712 1967 12,
726 1900 812 1966 luit]

274 1982 361 2030 contr.
375 1980 538 2028 Aristocrat.
552 1993 578 2042 p.
587 1978 636 2028 421
654 1976 691 2043 [p.
702 1974 763 2029 058.
774 1972 812 2038 ἵ]-

274 2047 396 2112 Thucyd.
410 2048 437 2111 1,
457 2048 514 2098 120.
547 2047 713 2099 Adversum
733 2039 813 2093 θέλει

274 2118 347 2167 coni.
362 2123 459 2167 notata
474 2117 509 2166 sd
523 2118 550 2178 Ι,
567 2118 609 2168 74,
641 2117 674 2166 In
694 2114 815 2179 proxiue

273 2203 350 2252 seqq·
371 2203 430 2237 cum
451 2190 564 2237 recenti.
587 2186 648 2237 edd.
673 2184 716 2234 bis
736 2198 814 2233 revo·

275 2258 335 2307 cavi
347 2251 430 2305 ἕσσον
442 2273 490 2320 pro
501 2244 599 2317 ἧσσον.
624 2254 687 2307 Vid.
697 2258 766 2303 nott.
779 2254 814 2303 ad

273 2327 311 2385 V,
325 2327 367 2376 72.
398 2326 476 2387 Quod
490 2326 526 2374 ad
543 2328 729 2389 argumentum
748 2322 813 2382 loci,

273 2410 351 2445 nemo
365 2410 417 2444 non
435 2394 579 2457 intelligit,
598 2399 727 2459 qnantum
746 2391 814 2442 bueo

272 2464 356 2515 verba
376 2462 487 2515 valeant
505 2464 540 2513 ad
556 2465 688 2514 Herodoti
707 2467 815 2512 senten-

272 2536 339 2584 tium
353 2533 386 2583 de
401 2550 489 2583 rerum
501 2537 621 2584 omnium
635 2535 731 2583 ordine
742 2546 815 2583 sum-

272 2620 369 2670 meque
385 2605 502 2654 omnium
515 2620 602 2655 rerum
617 2610 645 2655 et
659 2604 814 2654 divinarum

269 2681 297 2726 et
306 2676 482 2725 humansrum
494 2675 679 2725 moderatione
689 2673 741 2722 rite
752 2689 815 2723 con-

270 2745 445 2797 stituendam.
485 2745 569 2800 Cuius
594 2743 736 2809 scriptoris
760 2742 812 2792 boc

270 2817 397 2866 eximium
421 2818 464 2866 est
489 2831 523 2865 sc
549 2815 701 2880 peculiare,
729 2814 812 2877 quod,

269 2901 445 2952 quaecunque
465 2886 492 2934 in
513 2902 601 2936 rerum
624 2890 722 2935 nature
737 2883 812 2933 acci·

268 2957 351 3014 dent,
372 2956 407 3006 ad
425 2970 556 3006 summum
576 2969 675 3005 numen
697 2954 811 3019 eiusque

268 3028 323 3076 vim
336 3042 383 3090 per
397 3025 488 3075 omnia
502 3040 637 3090 sparsam,
652 3024 743 3073 omnia
755 3037 811 3072 mo·

269 3095 423 3158 derentem,
445 3095 536 3144 omnin
551 3097 725 3160 superantem
740 3093 811 3142 reie-

268 3171 312 3215 rst
325 3166 441 3230 indeque
461 3165 547 3215 iaciat
566 3176 713 3228 suspense,
735 3163 810 3227 pium

268 3235 386 3285 maxime
398 3236 516 3283 animum
530 3235 558 3283 in
570 3234 646 3284 birca
657 3231 808 3282 declursns.

268 3305 347 3355 Coni.
369 3303 533 3354 Deblmann.
550 3304 577 3352 in
595 3301 698 3353 Herod.
717 3318 744 3365 p.
760 3301 807 3350 177

254 3379 295 3424 -et
307 3374 490 3425 Hoffmeister.
504 3374 531 3422 iu
545 3373 630 3436 libro,
653 3372 701 3436 qui
713 3372 809 3422 inscri-

267 3443 354 3493 bitur:
374 3442 577 3506 susurret-relig.
593 3439 810 3492 Lebeusausioht

267 3512 293 3564 d.
309 3512 439 3563 Herodot.
452 3527 514 3576 pag.
529 3513 578 3573 43,
600 3512 645 3576 qui
661 3509 728 3560 illud
743 3525 809 3575 quo-

266 3599 319 3647 que
331 3584 376 3633 hio
389 3581 495 3632 attendi
511 3582 599 3642 iubet,
614 3581 685 3644 quod
699 3582 809 3645 sapiens

266 3660 294 3702 et
311 3653 429 3718 prudens
451 3654 549 3702 mentis
569 3651 731 3702 deliberatio
751 3665 810 3700 cor·

266 3725 340 3787 poris
359 3738 392 3773 ac
411 3728 526 3772 usturue
541 3721 718 3772 facultatibus
733 3720 808 3770 rudi·

266 3793 316 3844 bue
335 3792 480 3857 animoque
495 3792 650 3843 carentibus
665 3790 808 3855 praedica·

265 3866 311 3913 tur
325 3863 457 3927 superior.
490 3861 543 3912 Sed
556 3863 669 3927 propius
681 3859 733 3909 huc
747 3875 809 3924 spe-

266 3939 343 3984 ctare
355 3933 489 3992 arbitror,
505 3946 573 3997 quse
587 3931 622 3982 ad
640 3930 696 3992 111,
715 3930 763 3980 108
780 3935 808 3980 et

1100 2015 1125 2077 e.
1146 2014 1171 2064 5.

894 2104 980 2181 Ὁρᾷς
991 2106 1025 2164 τὰ
1037 2106 1212 2180 ὑπερέχοντα
1223 2114 1280 2182 ζῷα
1294 2132 1319 2168 s.
1330 2133 1354 2167 τ.
1365 2116 1399 2184 L]

864 2183 965 2248 Attigit
978 2185 1114 2237 Stobseus
1123 2188 1167 2245 22,
1178 2188 1214 2237 46
1224 2188 1268 2251 (Τ.
1281 2189 1304 2239 1.
1315 2204 1343 2253 p.
1352 2192 1401 2239 424

864 2253 973 2319 (irrisi).
1013 2256 1198 2306 Herodoteum
1224 2257 1313 2308 locum
1340 2264 1401 2309 ente

864 2323 958 2375 oculos
974 2325 1060 2375 fuisse
1079 2327 1196 2377 Horatio
1213 2328 1241 2377 in
1259 2328 1311 2390 iis,
1333 2344 1400 2393 quae

862 2392 990 2459 leguntur
1011 2396 1037 2443 in
1053 2395 1140 2446 Carsu.
1158 2397 1200 2459 11,
1218 2396 1263 2456 10,
1282 2396 1299 2447 9
1318 2414 1401 2463 seqq,

862 2465 1115 2516 statuitMattlriae:
1127 2466 1401 2518 VermischteSchril·

863 2538 910 2583 teu
923 2550 986 2601 psg.
999 2536 1033 2585 76
1049 2551 1106 2601 seq.
1143 2537 1274 2602 Equidem
1289 2537 1341 2589 hoc
1355 2539 1400 2588 mi·
1474 2563 1480 2570 ·

863 2605 935 2655 nime
944 2609 1002 2655 tem
1012 2611 1086 2656 certo
1098 2608 1306 2670 pronuntiarim.
1321 2610 1400 2659 Ham·

864 2688 915 2739 que
937 2676 1048 2726 Horatii
1072 2676 1156 2726 verbs
1176 2678 1217 2727 ita
1238 2693 1268 2728 se
1289 2679 1399 2730 hebent:

863 2743 998 2810 „Saepius
1011 2748 1102 2796 ventis
1115 2747 1237 2811 agitatur
1253 2749 1348 2813 iugens
1359 2751 1400 2799 Pi·

862 2828 914 2864 nus
922 2821 949 2864 et
958 2815 1048 2866 celsae
1056 2816 1181 2879 graviore
1194 2832 1259 2868 casu
1267 2819 1401 2869 Decidunt

861 2886 965 2948 turres,
982 2884 1138 2950 feriuntque
1151 2902 1269 2937 summes
1281 2889 1400 2954 Fulgura

862 2956 1004 3026 montes.“
1037 2954 1079 3004 Ad
1098 2970 1175 3020 quem
1194 2956 1282 3007 locum
1301 2959 1400 3009 similes

860 3027 983 3074 veterum
1003 3028 1158 3090 poetarum,
1183 3027 1344 3079 Latinorum
1362 3030 1400 3079 in·

861 3093 971 3156 primis,
991 3095 1143 3145 sententias
1160 3097 1293 3160 quaedam
1308 3100 1399 3148 attulit

861 3163 1056 3214 Hitsolrerlich.
1091 3166 1206 3228 Propius
1228 3167 1280 3217 huo
1305 3171 1398 3233 opinor

861 3236 989 3296 spectent
1001 3234 1121 3284 eiusdem
1136 3236 1245 3285 Horatii
1259 3253 1354 3288 sersus
1371 3240 1397 3288 iu

860 3301 949 3352 Canu.
958 3302 980 3366 1,
989 3303 1031 3362 34,
1045 3304 1088 3353 12τ
1109 3305 1210 3366 „Valet
1223 3308 1277 3357 ima
1289 3309 1398 3358 summis

860 3371 967 3422 Mutare
986 3378 1014 3422 ot
1031 3375 1163 3438 insignem
1182 3381 1308 3427 attenuet
1324 3378 1398 3436 deus,

860 3439 984 3491 Obscura
995 3446 1140 3507 promens“
1153 3445 1199 3495 ubi
1210 3446 1309 3496 similia
1321 3463 1399 3512 qnae·
1442 3444 1449 3453 ’

859 3510 923 3560 dem
946 3511 1060 3562 eliorum
1085 3517 1225 3577 podturum
1250 3517 1400 3568 attuleruut

859 3580 1032 3646 interpretes.
1068 3584 1190 3634 Pertinet
1217 3586 1251 3635 sd
1277 3588 1397 3638 Herodo-

859 3653 916 3701 tum
928 3667 1034 3717 quoque
1048 3652 1155 3704 Solonis
1169 3655 1272 3705 dictum
1287 3658 1321 3707 de
1333 3657 1397 3707 Iove

860 3718 1070 3802 qapud'Diogeu.
1079 3725 1171 3774 Laert.
1184 3724 1287 3788 Ι,3,2);
1303 3721 1397 3790 τὰμὲν

857 3790 958 3853 cuppla
978 3790 1147 3852 ταπεινοῦν,
1171 3790 1206 3842 τὰ
1229 3789 1260 3844 δὲ
1279 3787 1397 3845 ταπεινοὶ

857 3854 965 3921 ὑψοῦν,
980 3862 1098 3926 itemque
1109 3862 1192 3914 verba
1202 3865 1297 3926 Quinti
1309 3867 1398 3928 Smyr·

859 3931 920 3981 ueei
936 3930 1021 3993 XIII,
1039 3934 1090 3983 474
1113 3928 1173 3997 (καὶ
1193 3928 1228 3982 τύ
1245 3929 1297 3998 μὲν
1315 3930 1397 3985 ἀκλέα

265 4003 341 4065 1‚32
355 4007 490 4053 annotate
507 4001 641 4066 leguntur.
677 4000 807 4049 Idunum
858 3994 952 4048 πάντα
965 3996 1013 4049 καὶ
1030 3992 1081 4051 oris
1094 3992 1217 4063 ἀρίδηλα
1232 4003 1339 4068 ηεηοῖτα
1351 4020 1396 4053 τιν-

188 4127 195 4138 ,
265 4074 293 4123 in
311 4072 438 4124 clausula
452 4071 562 4121 adrium:
582 4073 694 4122 Persam
707 4069 748 4119 ita
766 4069 807 4119 lo·
857 4061 963 4132 dq'evsoe
974 4069 1089 4135 τίθησι,
1104 4063 1139 4121 τύ
1154 4068 1183 4121 d’
1196 4064 1292 4135 ὑψόθι
1305 4064 1395 4139 μειότ’

265 4147 390 4207 quenteru
402 4141 447 4192 hio
459 4143 493 4192 ab
504 4141 643 4192 Herodoto
652 4139 758 4203 induci,
775 4144 808 4189 ut
857 4132 972 4206 ἔθηκε),
989 4157 1059 4206 qnae
1070 4157 1102 4191 ex
1116 4143 1230 4195 Hesiodi
1243 4145 1395 4195 imitstione

264 4213 399 4262 Graecum
417 4211 551 4263 hominem
564 4210 611 4260 illa
624 4214 716 4260 aetate
731 4208 806 4260 loen·
857 4209 968 4261 fluxisse
985 4212 1046 4261 vult
1061 4212 1210 4278 Goettling.
1225 4215 1260 4264 sd
1271 4203 1348 4278 Ἑρη.
1368 4228 1392 4265 ιι.

264 4287 322 4331 tum
333 4276 395 4333 esse
407 4297 457 4346 par
471 4281 569 4341 fuerit3
588 4279 659 4329 unde
675 4279 804 4336 credibile
851 4268 914 4342 Ἡμ.
933 4281 958 4330 6.
974 4280 1020 4344 (de
1035 4282 1115 4331 Iove:
1139 4273 1201 4343 όεῐα
1218 4274 1249 4331 d'
1264 4277 1395 4348 ἀρίζηλον

263 4350 304 4413 iit,
320 4365 389 4416 quae
401 4351 487 4415 ipsius
499 4350 677 4414 scripturiret
688 4350 805 4400 Graeco·
854 4342 971 4411 μινύθει
989 4346 1037 4398 καὶ
1053 4343 1161 4414 ἄδηλον
1175 4345 1251 4413 α’ἑξει
1272 4369 1297 4402 ιι.
1312 4369 1335 4404 τ.
1346 4352 1393 4415 t).
1440 4386 1446 4396 .

263 4435 323 4470 rum
342 4420 415 4469 illius
433 4421 496 4471 aevi
512 4420 595 4470 fuerit
612 4420 645 4469 de
661 4418 704 4468 his
721 4419 803 4470 robus
855 4420 897 4468 Tu
910 4420 983 4475 coni.
995 4435 1112 4485 quoque,
1128 4437 1200 4486 quse
1213 4424 1246 4473 ad
1262 4423 1393 4474 Herodot.

263 4490 414 4553 sententis,
436 4505 494 4541 eam
508 4491 609 4540 Persea
624 4488 677 4539 riri
692 4504 737 4540 ore
756 4489 803 4540 hic
854 4488 891 4547 ΙΙ,
907 4489 956 4542 160
971 4491 1131 4542 monuimus.
