3100 5175
484 372 852 439 TERPSIOHORE.
871 373 910 437 V.
933 382 977 439 71.

1237 377 1296 447 133

152 551 213 645 μὶν
225 556 262 624 of
274 551 461 642 πρυτάνιες
474 556 541 622 τάν
558 549 777 641 ναυκράρων,
800 557 896 643 οἵπερ
911 562 1030 644 ἔνεμον
1042 549 1116 626 τότε
1129 554 1187 639 τάς
1198 553 1295 649 'Abel-

152 744 705 818 urfuosdedidvsoruiuu,iubentibusDin-

153 825 223 877 dorf.
236 826 266 876 iu
277 826 463 876 Commentat.
476 825 509 875 de
520 824 585 876 dial.
597 823 701 876 Herod.

152 912 215 962 pag.
228 896 379 947 XXXVIII
393 902 422 947 et
434 896 549 946 Bredov.
564 910 625 960 pag.
640 894 701 956 398,

152 982 214 1017 curn
230 967 301 1017 haec
316 965 405 1016 forma
415 981 470 1016 nna
482 964 699 1025 sitHerodotea3

152 1038 275 1100 itemque
299 1035 363 1086 dedi
384 1027 537 1092 πρυτάνιες
556 1051 605 1100 pro
624 1035 699 1098 vulg.

151 1097 309 1167 πρυτάνις,
323 1121 394 1170 quae
404 1106 493 1156 forma
503 1104 594 1155 aliena
602 1109 652 1156 'eet
664 1104 699 1154 ab

151 1177 249 1227 Nostri
269 1175 411 1239 scriptoris
434 1190 500 1234 uau;
524 1175 561 1224 cf.
581 1175 698 1225 Bredov.

152 1262 179 1311 p.
199 1245 254 1296 266
274 1244 336 1296 ecll.
357 1245 418 1298 ⁸263.
455 1235 573 1300 τοάτονς
595 1243 639 1296 hic
664 1243 698 1293 ad

152 1314 285 1379 Gyloaern
299 1316 413 1381 eiusque
432 1315 537 1373 socios.
558 1304 611 1377 τὴν
627 1305 700 1363 ἔται·

152 1380 241 1448 putus
257 1381 317 1433 τῶν
331 1377 504 1448 ἡλικιωτέων
516 1383 614 1434 refero.
646 1385 699 1446 Qui

150 1454 287 1505 Herodoti
297 1448 402 1505 suntal
411 1447 563 1515 πρυτάνιες
572 1451 702 1501 reinvas-

151 1517 280 1586 κράρων,
295 1540 386 1575 εοτιιιιι
400 1523 461 1580 loco
473 1524 545 1586 apud
559 1522 697 1585 Thucydi-

150 1594 210 1645 dera
226 1595 255 1654 1,
272 1593 321 1644 126
335 1593 465 1659 Cylonem
483 1594 594 1657 eiusque
606 1593 697 1642 socios

150 1664 278 1714 dicuntur
302 1657 461 1726 άναοτῆται
486 1656 515 1711 of
536 1658 593 1710 τάν
614 1649 697 1723 Ἀθη-

151 1732 242 1782 ναίων
249 1724 483 1794 ἐπιτετραμμένοι
492 1724 544 1794 τὴν
554 1729 648 1790 pelas
659 1721 695 1793 “ν,

150 1803 195 1869 qui
208 1803 293 1854 iidem
303 1802 384 1868 paulo
395 1807 459 1851 ente
469 1805 604 1851 vocantur
616 1745 669 1849 ull
686 1829 698 1840 ·

150 1866 199 1922 νέα
223 1861 362 1936 ἄρχοντες
387 1870 446 1934 (qni
471 1874 536 1920 tuuc
565 1871 696 1933 temporie

148 1942 265 2008 plurima
280 1942 309 1991 in
321 1940 463 2005 republica
475 1937 644 2004 tractabant)
659 1939 696 1988 si-

148 2028 194 2073 ve,
213 2017 245 2062 at
259 2012 300 2061 ait
312 2012 467 2061 Pausanias
480 2011 550 2071 vll,
566 2011 608 2060 25.
624 2012 649 2072 g.
666 2010 694 2060 l:

150 2075 179 2130 οῖ
194 2075 310 2145 ἔχοντες
329 2072 379 2137 τὰς
400 2070 499 2143 άρχάς.
531 2080 608 2141 Quae
627 2094 694 2143 quo·

149 2151 228 2203 ruodo
243 2166 306 2203 cum
319 2148 487 2200 Herodoteis
502 2147 695 2208 concilientur,

149 2239 201 2273 non
227 2222 300 2271 satia
325 2219 446 2285 perspici
468 2233 549 2280 posse
570 2217 611 2267 ait
630 2216 694 2267 Val-

148 2292 244 2353 cken.‚
273 2291 328 2339 nisi
351 2287 540 2353 Thucydidem
564 2288 593 2337 in
618 2287 694 2337 hisce

147 2361 228 2411 aliurn
258 2365 344 2424 atque
373 2358 542 2408 Herodotum
571 2361 692 2407 secutum

147 2448 205 2482 esse
221 2436 334 2481 statuae
351 2433 499 2480 auctorem.
527 2426 693 2477 Herodoteis

146 2502 233 2553 utitur
250 2498 438 2563 Harpocratio
460 2512 482 2548 s.
502 2512 529 2546 τ.
548 2491 694 2560 δήοαρχος

146 2589 206 2637 pag.
231 2569 284 2622 120
305 2573 333 2619 et
355 2557 533 2629 ναοκραρικά
551 2582 614 2632 pag.
632 2566 692 2626 250,

147 2642 192 2693 ubi
204 2641 288 2691 docet
300 2639 480 2699 magistratus
496 2636 558 2687 olim
573 2636 694 2700 appella·

147 2718 189 2762 tos
215 2710 305 2761 fuisse
327 2700 523 2769 νανκράρους,
552 2706 633 2770 plura
659 2722 693 2756 ex

145 2779 305 2832 Aristotelis
342 2793 431 2828 rerum
465 2776 582 2839 publiea.
615 2776 693 2825 libris

145 2866 216 2901 nune
238 2848 392 2911 deperditis
413 2847 544 2903 afferena;
571 2846 644 2895 unde
659 2859 693 2893 ea

147 2936 256 2986 qnoque
275 2920 430 2978 duxerunt,
450 2931 521 2979 quse
538 2915 610 2978 apud
630 2915 693 2965 Pol·

145 2990 198 3041 luc.
211 2989 291 3051 vm,
305 2987 354 3038 108
368 2992 397 3038 et
406 2985 494 3037 Schol.
506 2984 541 3034 ad
552 2983 692 3048 Aristoph.

145 3060 216 3110 llub.
230 3059 281 3117 37,
302 3056 366 3108 coll.
381 3055 458 3107 said.
479 3071 501 3106 s.
514 3070 541 3105 v.
555 3052 691 3113 Ναυκρα-

146 3121 211 3189 ρικά
221 3131 255 3181 T.
268 3128 309 3177 Π.
325 3142 353 3190 p.
365 3126 416 3175 auu
429 3130 457 3175 et
469 3125 584 3184 photio,
599 3125 692 3185 lequu-

146 3206 205 3261 tur,
220 3201 298 3248 reete
314 3195 400 3246 allata
419 3196 446 3244 in
460 3194 617 3245 Aristotelei
629 3191 692 3244 libri

143 3267 308 3335 fragmentis
327 3282 345 3315 a
358 3266 388 3317 C.
406 3267 565 3316 Neumanno
578 3278 642 3328 pap.
658 3262 693 3313 88

144 3356 202 3404 seq.
237 3340 317 3399 Quae
329 3335 454 3397 longiora
466 3349 547 3394 sane,
565 3349 646 3398 quam
661 3337 692 3382 ut

125 3402 169 3459 'h.
188 3409 204 3458 l.
227 3409 337 3469 integra
357 3408 545 3468 apponantur.
569 3403 596 3451 id
618 3406 692 3452 certe

144 3480 270 3529 evincere
286 3475 429 3530 videntur,
450 3478 514 3523 ante
528 3463 692 3535 δημάρχους

144 3566 166 3603 s.
186 3545 359 3609 singulorum
380 3543 519 3593 damarum
538 3541 692 3608 praefectos

145 3634 161 3667 a
177 3617 334 3673 Clistheue,
355 3619 387 3663 nt
411 3612 521 3673 volunt,
549 3612 693 3662 institutos

144 3687 258 3739 Athenis
270 3685 358 3734 fnisee
372 3673 567 3741 ναοκράροος,
581 3682 626 3746 qui
637 3682 693 3729 sin·

144 3757 215 3817 gulis
232 3753 390 3806 naucrariis
409 3752 594 3816 praefuerint,
615 3751 693 3801 inde·

146 3843 196 3892 que
207 3829 262 3876 iam
277 3840 295 3874 a
306 3820 458 3874 Photiol.l.
467 3837 526 3871 cum
534 3811 692 3883 δημάρχοις

146 3893 345 3962 quodammodo
354 3896 548 3956 comparantur
558 3885 691 3953 (ναάκρα-

147 3980 193 4024 ρος
209 3955 362 4013 didacide
377 3976 405 4010 τι
424 3951 439 4010 ὁ
454 3952 626 4024 δήμαρχος),
647 3975 691 4009 eo-

147 4034 203 4086 dem
215 4034 297 4084 modo
311 4048 365 4096 quo
379 4026 555 4091 ναοκρορίας
568 4044 628 4079 cnm
638 4020 688 4089 δή-

148 4120 209 4167 μοις
226 4103 273 4155 ille
293 4101 437 4153 contendit
454 4097 625 4163 (νανκροιρία
639 4092 690 4161 μὲν

149 4165 248 4223 ὁκοῖόν
260 4189 288 4221 τι
301 4164 320 4234 ἡ
332 4169 477 4235 συμμορία
487 4158 563 4217 καὶὸ
576 4165 690 4232 δῆμος).

149 4245 249 4296 Etenim
258 4243 334 4293 hunc
346 4245 437 4307 iprum
447 4239 574 4290 Photium
587 4254 620 4289 ee
629 4237 690 4288 Pol·

150 4313 229 4365 lneem
247 4314 266 4364 l.
289 4312 307 4361 l.
329 4314 354 4364 ei
375 4312 516 4374 sequimur
533 4313 619 4359 testes
639 4308 691 4356 hac

154 4383 177 4433 in
190 4400 218 4434 rs
237 4384 400 4448 primarios,
422 4394 545 4443 quaeque
561 4378 649 4427 tribue
667 4392 690 4426 e.

153 4446 219 4519 φυλὴ
228 4450 480 4519 comprehendebat
491 4453 620 4515 quattuor
631 4447 691 4496 trit-

753 761 813 822 tyes
825 794 832 819 ,
847 772 917 822 quae
930 757 1009 822 ipsae
1019 757 1145 820 sirmiae
1156 762 1296 823 quaternis

752 828 919 878 constabant
938 832 1098 880 naumurir's:
1120 829 1191 880 unde
1208 834 1294 882 totum

752 898 882 963 populum
901 899 929 948 in
945 898 1128 963 quadraginta
1144 904 1207 950 octo
1228 917 1295 953 nau-

751 969 857 1018 crariae
877 969 1029 1033 antiquitus
1051 969 1225 1020 distributum
1251 970 1296 1022 fu·

751 1038 807 1088 isse
821 1044 1034 1089 consentaneum
1049 1043 1106 1101 est,
1124 1040 1223 1105 quibus
1238 1041 1294 1091 sin·

750 1108 822 1172 gulis
836 1108 948 1158 totidem
966 1107 1099 1172 praefecti
1118 1126 1140 1160 s,
1154 1110 1293 1173 praesides

750 1176 868 1237 fuerint,
890 1170 921 1225 of
932 1167 1102 1241 ναάκραροι,
1118 1193 1229 1229 numero
1244 1181 1294 1240 igi·

750 1251 795 1296 tur
820 1246 1005 1312 quadraginta
1023 1252 1086 1297 octo
1106 1253 1133 1297 et
1150 1248 1213 1312 ipsi.
1250 1249 1294 1299 De

750 1332 863 1382 quorum
875 1331 984 1366 munere
996 1321 1024 1366 et
1034 1316 1125 1366 officio
1137 1319 1292 1369 accuratius

749 1401 884 1449 exponere
896 1386 970 1436 haud
982 1385 1090 1446 licebit,
1104 1401 1164 1436 cum
1178 1385 1211 1437 de
1225 1387 1292 1451 ipsis

748 1456 903 1505 nanorariis
921 1470 1069 1518 earumque
1087 1460 1187 1504 natura
1203 1472 1236 1506 ac
1247 1456 1291 1506 vel

749 1526 781 1574 de
801 1527 861 1589 ipso
878 1525 985 1574 nomine
1006 1526 1049 1574 his
1070 1525 1197 1588 imposito
1219 1525 1291 1577 haud

748 1595 816 1643 satis
830 1598 946 1645 constet.
967 1593 1031 1643 Vid
1043 1593 1122 1643 modo
1134 1593 1219 1643 alluta
1231 1609 1248 1643 a
1259 1594 1289 1645 C.

747 1666 779 1717 F.
787 1666 957 1715 Hermanno:
971 1662 1290 1713 Grieehatsstselterth,

748 1737 773 1797 ξ.
792 1735 843 1792 98,
862 1734 1007 1798 praecipue
1023 1737 1082 1783 not.
1100 1734 1125 1783 2.
1143 1732 1168 1783 3.
1187 1733 1289 1795 §.102

748 1808 807 1853 not.
829 1803 876 1863 15,
898 1801 1089 1852 Wachsrnuth:
1115 1800 1290 1853 Hellenieche

746 1870 942 1925 alterthumsk.
960 1873 983 1921 1.
1000 1887 1026 1935 p.
1038 1871 1091 1923 366
1102 1887 1159 1936 aeq.
1180 1871 1231 1922 437
1246 1872 1289 1922 ed.

747 1956 813 2000 sec,
829 1941 953 1992 Boeelrh:
966 1939 1158 1992 Staatshaush.
1172 1940 1191 1989 I.
1200 1956 1227 2004 p.
1239 1940 1290 1991 708

746 2026 805 2076 seq.
837 2010 877 2061 ad
896 2026 1000 2061 omnem
1019 2008 1185 2072 reipublicae
1205 2009 1290 2059 admi·

745 2079 907 2129 nistrandae
920 2095 1028 2140 curam,
1048 2079 1174 2142 inprimis
1192 2078 1227 2128 ad
1243 2080 1290 2129 tri·

745 2149 812 2201 buta
825 2154 853 2199 et
866 2149 933 2206 alis,
947 2164 1017 2213 quae
1030 2147 1196 2213 reipublicae
1212 2164 1290 2211 prae·

746 2220 846 2269 stende
860 2223 967 2271 essent.
980 2218 1074 2269 horum
1089 2217 1288 2280 praefectorum

744 2304 841 2339 munus
861 2293 1000 2353 spectasse
1022 2287 1146 2351 equidem
1168 2287 1289 2337 credide·

744 2359 805 2418 rim,
819 2359 994 2421 delectosque
1008 2373 1068 2409 esse
1083 2373 1116 2406 ex
1129 2356 1224 2406 iisdem
1238 2355 1289 2407 ali·

744 2432 811 2492 qnot
825 2429 899 2479 viroe
914 2427 983 2493 (sive
1001 2431 1131 2491 quattuor
1149 2427 1208 2476 sive
1222 2426 1287 2477 duo·

745 2495 1289 2561 decimfuiaseatatuae)‚quiquotidiana

745 2572 872 2619 curarent
893 2568 1004 2631 negotia
1019 2580 1205 2630 summamque
1224 2565 1288 2616 inde

743 2637 876 2689 habereut
894 2642 1075 2701 potestatem:
1099 2635 1149 2685 hos
1164 2650 1228 2686 vero
1242 2635 1287 2686 de·

743 2708 829 2757 lectos
846 2711 894 2756 aut
913 2708 996 2757 etiam
1017 2709 1091 2756 certo
1105 2704 1222 2768 quodam
1244 2721 1287 2755 or-

744 2778 807 2827 dine
826 2776 861 2827 sd
879 2776 929 2826 hoe
948 2791 1046 2825 munus
1065 2779 1195 2824 evocatos
1216 2789 1287 2835 πρυ-

744 2840 838 2902 τάνες
850 2836 1020 2905 ναυκράρων
1035 2844 1062 2893 h.
1074 2843 1093 2895 l.
1107 2843 1161 2892 dici
1174 2858 1287 2892 cousen-

744 2922 853 2967 taneum
870 2920 925 2975 est,
942 2911 1167 2978 quemadmodum
1182 2904 1287 2970 προτά-

744 3000 803 3041 νεις
818 3002 925 3051 quoque
942 2982 1025 3041 vulno
1043 2982 1185 3031 dicuntur.
1207 2980 1254 3043 qui
1272 2997 1287 3030 e

743 3061 841 3107 senatu
859 3055 1068 3118 qrrinuentorum
1085 3051 1204 3100 virorum
1223 3064 1287 3099 evo-

743 3127 800 3175 cati
819 3141 867 3189 per
880 3128 981 3173 certum
996 3127 1102 3183 tempus
1115 3119 1227 3179 nepotis
1239 3135 1287 3181 pu·

743 3196 816 3245 blica
830 3194 993 3247 quotidiana
1004 3196 1102 3239 curant
1114 3195 1142 3237 et
1154 3192 1286 3237 tractant.

742 3265 806 3315 Vid.
826 3263 924 3323 Bergk.
946 3262 986 3310 in:
1010 3258 1124 3309 Jahrbb.
1147 3259 1166 3306 f.
1187 3256 1284 3306 Philol.

743 3351 769 3384 u.
790 3333 908 3396 Paedag.
927 3331 988 3380 Vol.
1006 3330 1087 3380 LXV.
1107 3343 1133 3391 p.
1153 3328 1219 3383 387,
1240 3328 1287 3390 qui

744 3405 777 3453 de
791 3403 834 3453 his
850 3403 889 3452 ita
903 3401 1028 3460 scripsit:
1049 3399 1151 3458 „Diese
1164 3396 1198 3446 48
1210 3398 1286 3446 Nau·

743 3474 857 3527 kraren.
881 3472 1002 3521 offenbar
1023 3465 1212 3532 urspriinglich
1235 3481 1286 3515 nur

743 3542 929 3607 verpfliehtet‚
959 3540 1025 3590 eben
1054 3554 1084 3587 so
1109 3536 1163 3585 viel
1185 3535 1285 3585 Srhiffe

743 3628 804 3662 zum
816 3613 900 3671 lirierr
913 3628 948 3661 zu
963 3609 1059 3660 stellen
1071 3605 1125 3656 und
1139 3621 1172 3655 au
1183 3605 1285 3654 diesem

742 3682 833 3733 Behuf
845 3683 987 3731 Beisteuer
1007 3693 1061 3728 von
1078 3676 1154 3726 ihren
1171 3674 1286 3722 Mitbiir·

742 3768 808 3817 geru
830 3752 901 3801 nach
920 3747 1086 3812 Massagabe
1111 3744 1158 3793 des
1175 3744 1286 3792 Vermii·

741 3838 807 3878 rene
832 3837 866 3870 zu
894 3820 1026 3875 erhehen‚
1053 3814 1194 3875 frewinneu
1224 3811 1286 3861 sehr

740 3890 805 3940 bald
816 3889 1027 3941 entechiedenen
1037 3885 1155 3936 Einfluss
1169 3881 1223 3930 und
1236 3880 1286 3929 hil·

742 3963 793 4011 dsn
808 3961 868 4011 eine
884 3960 930 4008 Art
944 3947 1045 4022 βουλή,
1064 3951 1166 4002 welche
1181 3950 1223 3998 ala
1241 3950 1286 3999 die

740 4030 908 4080 Vertreterin
921 4027 968 4075 dee
979 4018 1215 4073 demokratisoben
1225 4017 1286 4066 Ele·

741 4104 831 4149 menta
853 4100 882 4147 in
900 4095 988 4146 Athen
1013 4109 1047 4141 zu
1067 4086 1229 4140 betrsohten
1249 4087 1286 4136 ist

741 4168 797 4218 und
815 4169 841 4216 in
861 4166 950 4215 dieser
963 4163 1024 4211 Zeit
1038 4162 1074 4210 im
1093 4155 1286 4208 wesentliehen

742 4239 787 4288 die
798 4236 881 4286 Stelle
897 4234 1055 4287 einnimmt,
1074 4226 1175 4278 welche
1192 4229 1286 4290 spiiter

741 4296 1284 4361 demRathedertdllzuuewiesenward.

741 4366 1285 4430 NichtnnrdasSeeweaeuunddiebus-

741 4450 858 4513 riietuug
874 4445 922 4496 der
939 4442 1074 4504 Redemi,
1099 4437 1216 4492 eundern
1236 4435 1284 4485 das
