3100 5175
528 385 535 400 ’
619 426 917 522 ,Ηααοοονι
1017 408 1020 411 ’

213 423 274 490 398

212 631 271 685 νος
284 600 476 691 Ἀθηναίων
486 597 646 671 ἁπάντων
660 601 799 689 ἐτόλμα,
813 599 900 682 όκως
908 608 1149 689 Πεισίστρατος
1161 605 1295 672 ἐκπέσοι
1312 605 1350 673 ἐκ

212 713 280 776 τῶν
297 704 470 794 Ἀθηνέων
478 758 487 792 ,
501 703 542 774 τὰ
555 705 705 794 χρήματα
718 704 825 774 αὐτοῦ
838 706 1072 793 κηρυσσόμενα
1087 701 1154 776 ὑπό
1167 712 1228 775 τοῦ
1242 713 1347 795 ὃημο·

212 819 288 880 σίου
303 808 486 896 ὠνέεσθαι,
505 811 561 878 καὶ
575 808 616 879 τό
629 807 714 878 ἄλλα
728 807 768 877 τό
783 816 920 897 ἔχθιστα
934 812 968 888 ἐς
982 807 1086 879 αὐτόν
1100 808 1208 879 πάντα
1223 813 1344 898 ἐμηχα-

147 921 304 988 Ῑλλνᾶτο.
340 920 495 983 Καλλίεω
514 913 553 982 δὲ
572 911 694 984 τούτου
711 910 806 994 ἄξιον
819 918 988 1000 πολλαχοῦ
1000 911 1135 1002 μνήμην
1153 914 1223 982 ἐστὶ
1237 916 1347 983 πάντα

213 1079 751 1148 nusquampraeteriresoletHerodotus.
803 1079 976 1130 retinuerunt
998 1079 1065 1129 haee
1082 1079 1177 1142 verba,
1199 1078 1246 1128 sed
1265 1079 1345 1128 uncis

211 1153 295 1202 Cuius
313 1150 462 1215 Hipponiei
479 1149 564 1213 filius,
588 1152 632 1201 oui
652 1157 680 1202 et
699 1152 751 1216 ipsi

210 1237 308 1273 nomeu
331 1222 440 1284 Cottion,
465 1225 544 1285 patra
565 1236 670 1286 avoque
689 1222 751 1270 iltu-

210 1292 293 1341 strior
304 1290 370 1340 fuit:
393 1291 517 1354 idemque
534 1291 639 1355 opinior
653 1290 751 1341 intelli-

209 1360 313 1426 gendus
327 1360 378 1410 erit
390 1359 462 1424 apud
471 1359 674 1423 Herodotvll,
691 1359 749 1422 151,

208 1432 256 1481 ubi
265 1431 321 1480 vid.
330 1435 400 1483 nott.
416 1429 541 1479 Confer-ri
554 1445 661 1495 quoque
671 1435 750 1495 pote·

208 1507 272 1551 runt
282 1501 314 1550 de
326 1500 377 1550 hae
387 1505 470 1565 geute
482 1501 595 1564 eiusque
606 1504 749 1551 stemmate

207 1570 556 1633 Palmar.Exeroitt.p.752
568 1585 638 1634 aeq„
655 1569 748 1620 Pisas:

207 1641 260 1691 Die
275 1641 413 1706 Tyrannio
427 1641 449 1690 Ι.
465 1654 527 1704 pag.
546 1638 605 1700 luo,
627 1639 747 1689 Schultz.

207 1711 341 1776 Apparat.
357 1712 418 1761 erit.
434 1724 497 1775 pag.
517 1708 558 1760 38.
575 1714 632 1758 not.
649 1712 692 1761 dt.
714 1735 747 1745 —

138 1806 142 1815 ·
208 1781 249 1830 De
262 1779 405 1845 particulis
425 1792 454 1828 τε
468 1771 521 1842 γὰρ
535 1779 561 1827 in
578 1778 748 1828 verbisKut·

206 1839 748 1913 λίηςτεηὰρμοῠνοςἈθηναίωνᾶπόν-

206 1933 264 1967 των
275 1910 376 1983 ἐτόλμα
388 1917 461 1967 conf.
478 1917 619 1982 Ilartung:
635 1917 745 1968 Grieoh.

206 1990 312 2042 Partik.
329 1990 352 2039 1.
367 2004 431 2054 pag.
450 1987 507 2038 115.

370 2107 436 2157 Car.
453 2106 564 2155 CXXII.

147 2243 149 2248 .
240 2192 365 2244 Καλλίεω
373 2187 404 2241 δὲ
416 2187 518 2242 τούτου
525 2207 549 2242 κ.
564 2206 588 2242 τ.
603 2189 639 2256 λ]
656 2194 745 2253 Quae-

205 2279 311 2330 cunque
336 2263 385 2312 hoe
406 2264 498 2328 eapite
517 2262 708 2318 continentur,
728 2279 745 2312 a

205 2334 339 2394 Medieeo‚
354 2332 513 2383 Florentino
532 2347 566 2382 ao
578 2326 744 2382 t'ribus‘aliia

205 2404 284 2455 oodd.
297 2404 406 2465 absunt,
420 2418 508 2467 noque
520 2402 687 2451 narrationis
700 2417 744 2452 ne-

205 2490 268 2524 xum
282 2473 324 2522 his
338 2471 445 2522 omissis
453 2473 557 2521 turbari
565 2473 669 2520 monuit
677 2471 744 2522 Gro-

204 2545 310 2606 novius,
332 2542 457 2608 quamvis
469 2541 544 2605 haee,
564 2544 588 2591 si
601 2541 742 2592 Herodoto

204 2615 407 2673 abiudioeutur,
424 2628 479 2662 nou
493 2612 596 2662 indocti
609 2616 683 2662 certe
696 2612 743 2662 ho-

203 2686 283 2735 minis
306 2682 504 2748 admodumque
527 2684 662 2746 recentis,
693 2681 741 2733 sed

168 2764 171 2768 '
204 2757 324 2819 apprimo
342 2752 447 2802 Calliae
467 2753 584 2816 negotiis
609 2757 637 2802 et
661 2753 740 2802 fami-

202 2827 241 2874 lia
253 2823 377 2875 callentis
398 2821 525 2872 habenda
540 2837 600 2872 ease
614 2823 673 2872 iure
684 2839 741 2872 mo·

203 2911 266 2945 uere
277 2893 403 2944 videatur
412 2892 527 2944 Wessel.
544 2892 646 2941 Contra
655 2893 741 2943 Hero·

203 2967 266 3014 doto
278 2965 395 3013 maxime
406 2962 519 3027 indigua
529 2961 596 3011 haee
606 2962 690 3012 verba
699 2964 741 3012 iu·

803 1148 918 1212 inclusa,
934 1156 1065 1215 tanquam
1081 1152 1186 1214 spuria.
1226 1149 1342 1199 Bredov.

803 1236 830 1285 p.
843 1221 875 1271 16
889 1235 997 1285 quoquo
1003 1219 1196 1283 interpolatori
1207 1217 1341 1268 haeover-

802 1291 837 1339 ba
853 1290 936 1339 tribui
946 1287 1014 1351 vult,
1029 1289 1075 1354 qui
1086 1290 1184 1354 cupide
1195 1288 1343 1352 arripuerit

802 1360 974 1409 ooeasiouem
989 1359 1023 1408 de
1033 1358 1122 1409 Callia
1134 1374 1168 1409 ea
1177 1359 1340 1422 exponendi,

802 1443 873 1494 quae
886 1431 939 1478 iam
954 1429 1054 1479 dudum
1072 1430 1101 1478 iu
1113 1431 1205 1478 auimo
1216 1427 1342 1478 habuerit

801 1514 966 1563 expromere.
998 1498 1134 1562 aquibus
1155 1496 1236 1562 louge
1253 1497 1342 1547 disoe-

801 1569 869 1618 duut
883 1569 962 1628 Miot,
986 1568 1119 1632 interpres
1136 1568 1283 1630 Herodoti,
1298 1574 1341 1617 at·

799 1653 852 1702 que
860 1636 1143 1702 Schweighaeuserus‚
1153 1636 1272 1701 quihaeo
1281 1653 1340 1686 ver·

798 1708 834 1757 ba
866 1724 915 1772 pro
943 1707 1107 1757 Herodoteis
1128 1705 1253 1757 habenda
1278 1723 1340 1757 esse

798 1775 1200 1827 contravmckeneomendit:
1215 1775 1339 1841 idemque

798 1849 896 1897 statuit
918 1846 1042 1908 smodi,
1063 1848 1109 1913 qui
1122 1844 1290 1895 Herodotum
1310 1849 1338 1895 in

798 1922 921 1967 nostrum
937 1931 1087 1967 sermonem
1101 1916 1251 1979 convertit,
1271 1915 1338 1965 nihii

798 1986 827 2035 iu
842 1987 890 2050 iis,
913 2002 984 2051 quae
995 1985 1046 2035 boo
1059 1987 1150 2050 eapite
1165 1992 1337 2049 enarrantur,

797 2058 888 2106 inesse
902 2063 989 2118 ratus,
1000 2057 1071 2118 quod
1084 2056 1118 2105 ab
1127 2055 1343 2120 Her·odotopro··

797 2126 897 2176 foetum
917 2125 973 2176 diei
996 2129 1123 2189 nequeat.
1153 2126 1247 2189 Neque
1261 2128 1336 2190 equi·

796 2195 856 2246 dem
872 2197 916 2259 iis,
932 2195 1058 2261 quaehoo
1073 2193 1134 2245 loeo
1146 2194 1250 2244 tradita
1260 2196 1336 2244 inve—

795 2266 914 2326 niuntur,
936 2267 977 2316 ita
989 2265 1118 2329 offendor,
1138 2267 1169 2313 ut
1181 2267 1276 2329 spuria
1286 2265 1335 2314 ha·

794 2337 872 2385 boam
888 2335 1013 2399 falsoque
1025 2335 1147 2384 immixta
1160 2333 1333 2398 reliquiuHe-v

795 2406 884 2455 rodoti
894 2406 996 2467 verbis,
1011 2404 1236 2455 eumhuiuamodi
1249 2420 1292 2454 res
1304 2407 1333 2454 in

794 2475 857 2525 aliis
876 2490 983 2540 quoque
1003 2474 1179 2525 Herodoteaa
1201 2473 1334 2524 historiae

793 2545 917 2611 partibus
930 2545 1050 2595 orationi
1063 2546 1183 2596 insertae
1194 2545 1333 2609 reperian-

794 2622 847 2677 tur,
870 2616 921 2665 hoo
934 2622 1027 2667 autem
1045 2614 1105 2665 loeo
1117 2617 1218 2665 Noster
1237 2614 1272 2664 ad
1285 2614 1333 2664 hu·

793 2686 909 2734 iusmodi
923 2679 1114 2749 παρενθήκην
1131 2684 1283 2734 faciendam
1300 2700 1332 2734 eo

792 2756 878 2820 magis
892 2754 1028 2806 adductus
1042 2755 1129 2805 videri
1143 2755 1245 2818 possit,
1258 2756 1331 2818 quod

791 2826 901 2874 animun
914 2826 1038 2889 tyrannia
1054 2825 1170 2874 invisum
1188 2824 1331 2889 magisque

791 2894 964 2959 popularem,
980 2910 1060 2960 quem
1071 2894 1161 2944 ubivis
1173 2908 1238 2959 prae
1249 2908 1278 2944 se
1287 2901 1329 2943 tu-

790 2964 832 3029 lit,
849 2970 916 3029 apta
926 2962 1329 3029 occasioueoblatasignifioare

201 3035 287 3099 deque
299 3047 410 3098 prorsus
420 3030 742 3082 eiiciendaoeusuitVal-
790 3037 920 3100 potuerit.
960 3036 1026 3100 Ipsa
1046 3026 1180 3084 Herodoti
1196 3033 1279 3083 verba
1295 3048 1328 3084 ao

199 3102 372 3163 ohenar.,vel
384 3101 505 3166 singulas
516 3101 671 3152 locutiones
681 3117 740 3151 ver·
790 3105 1110 3169 locutionesomnemque
1116 3104 1249 3153 orationis
1256 3109 1328 3153 stru-

200 3174 289 3238 baque
302 3171 460 3222 Herodotoa
473 3186 533 3222 ease
550 3187 661 3237 negans.
682 3173 739 3222 Nee
790 3181 895 3225 cturam
916 3176 939 3223 si
958 3175 1146 3240 respiciamus,
1170 3172 1264 3237 negari
1280 3190 1327 3223 ue-

200 3243 357 3293 Herodotea
374 3257 434 3291 ease
449 3241 575 3291 videntur
592 3242 738 3303 Larohero,
790 3246 860 3309 quit,
876 3246 965 3296 inesse
977 3243 1118 3305 nonnulla,
1131 3259 1201 3308 quae
1216 3243 1327 3309 impedi-

199 3311 322 3361 Sehultz.
345 3310 489 3376 (Apparet.
511 3314 573 3362 erit.
597 3328 660 3375 pag.
681 3312 737 3375 37),
790 3317 861 3364 tiora
881 3318 929 3364 aut
942 3315 1051 3365 duriora
1065 3313 1218 3375 videantur,
1238 3327 1326 3378 neque

199 3380 356 3442 Sohaefero,
372 3380 417 3445 qui
429 3381 507 3428 uuois
517 3379 586 3430 haec
598 3381 682 3430 verba
696 3383 735 3430 iu·
784 3401 850 3435 vero
865 3387 907 3433 ita
923 3386 1084 3443 constituta,
1104 3387 1136 3433 ut
1157 3384 1249 3434 omnia
1261 3398 1327 3433 oon·

198 3450 309 3500 eludens
321 3448 560 3514 postea(in1ndio.
569 3449 604 3497 ad
616 3450 731 3500 Lucian.
785 3456 864 3504 tiuuo
884 3470 932 3519 pro
950 3454 1051 3519 spuriis
1064 3452 1196 3518 falsisque
1214 3468 1325 3518 prorsus

198 3519 303 3585 Catapl.
318 3535 381 3586 pag.
393 3518 446 3570 268
466 3517 508 3568 ed.
520 3518 655 3583 Iaeobitz)
670 3521 734 3569 Val-
783 3524 943 3575 habeantur.
980 3523 1059 3585 Quod
1082 3524 1153 3573 euim
1170 3523 1325 3573 Valckena-

196 3589 327 3641 okenario
359 3590 399 3640 aio
425 3586 646 3652 adstipulaudum
673 3605 734 3639 esso
785 3595 853 3643 rinrn
870 3593 1011 3644 offendunt
1026 3594 1110 3643 verba
1128 3593 1208 3643 initio
1224 3594 1324 3657 capitia

196 3663 306 3722 conset,
329 3665 361 3708 ut
386 3657 508 3707 omuibus
532 3656 612 3707 huius
634 3660 733 3723 eapitis
784 3664 890 3727 posita:
916 3661 1042 3713 Καλλίεω
1060 3657 1092 3711 δὲ
1117 3654 1220 3712 τούτου
1238 3655 1323 3723 ἄξιον

196 3729 287 3779 verbis
310 3742 421 3793 prorsus
438 3726 533 3776 eiectis
560 3727 646 3778 verba
670 3744 732 3793 cap.
783 3730 928 3797 πολλαχοῦ
940 3725 1057 3797 μνήμην
1074 3723 1131 3781 ἐστὶ
1149 3723 1244 3781 πάντα
1259 3725 1323 3781 τινὰ

198 3800 245 3849 121
258 3804 381 3848 extrema
395 3787 489 3845 πάντα
496 3786 653 3861 ἐμηχανᾶτο
661 3800 732 3847 errei-
782 3795 872 3865 ἔχειν,
889 3817 960 3867 quae
976 3803 1126 3868 sophistam
1143 3817 1239 3867 sapere
1253 3800 1321 3864 vuit,

194 3870 306 3934 piantur
316 3867 408 3919 verbis
424 3867 505 3917 initio
521 3866 732 3932 eap.123poai-
783 3887 836 3920 uon
849 3872 1025 3934 Herodotum,
1043 3871 1321 3937 apteSchweighaeu·

183 3941 245 3989 tis:
276 3933 324 3987 καὶ
350 3931 380 3986 οἱ
403 3927 616 4000 Ἀλκμαιανίὸαι
644 3938 730 4004 (quod
782 3957 834 3991 aer.
853 3944 1027 4006 comparavit
1039 3958 1071 3991 ex
1082 3941 1152 3992 libro
1165 3942 1189 4006 Ι,
1203 3957 1263 4005 eap.
1273 3942 1320 3992 14:

195 4000 730 4075 ipsumin'Atapemotdurmutarivult:
782 4007 835 4059 τοῦ
854 4002 975 4074 μάλιστα
1001 4005 1117 4075 μνήμην
1139 4002 1223 4071 ἄξιον
1246 4005 1320 4074 ἔχειν

194 4080 227 4130 de
246 4096 300 4145 qua
319 4095 348 4130 re
369 4078 489 4129 vidimus
508 4078 536 4127 iu
553 4081 622 4129 nott.
641 4078 676 4127 ad
695 4081 728 4143 V,
782 4071 852 4142 ἐστὶ,
872 4096 960 4146 neque
979 4096 1071 4131 vocem
1091 4078 1234 4145 πολλαχοῦ
1256 4082 1320 4146 (aor-

193 4148 240 4214 62)
257 4164 283 4197 κ.
304 4164 327 4199 a.
349 4147 373 4196 λ.
410 4147 477 4197 Inde
502 4147 644 4198 Bekherus
662 4147 730 4199 haee
781 4151 1319 4217 quelocorwu,aquaouuqueoeeasione

193 4219 287 4270 eadam
298 4218 382 4270 verba
393 4217 567 4269 Sohaoierum
581 4216 730 4268 etVatoke-
780 4219 884 4286 oblata)
896 4221 1038 4272 offensioni
1049 4237 1109 4271 esse
1119 4221 1254 4277 ostendit:
1267 4237 1318 4271 nee

192 4290 297 4340 narium
319 4292 430 4339 secutus
453 4304 486 4338 ex
511 4289 571 4351 ipsa
596 4288 729 4338 Herodoti
779 4291 1319 4356 magisquaesequunturvictoriarumiu

192 4359 316 4410 oratioue
328 4359 415 4408 eiecta
427 4360 454 4407 in
469 4356 674 4421 uotaexhibuit,
685 4357 727 4408 his
778 4357 849 4410 ludis
863 4359 1012 4426 Olympiois
1028 4366 1056 4411 et
1070 4361 1178 4425 Pythiis
1195 4365 1317 4425 reporta·

190 4425 369 4492 praepositisz
397 4432 481 4491 „post
501 4419 661 4489 ἐμηχανᾶτο
680 4428 726 4478 ad·
777 4433 867 4480 tarum
880 4432 1148 4482 commemorationes
1160 4446 1219 4482 eum
1233 4429 1317 4480 offen-

191 4494 423 4563 duntploriquo“;
437 4494 725 4547 Diudort.etDietseh.
776 4499 841 4550 dere
859 4504 1003 4565 poterunt,
1028 4500 1074 4566 qui
1087 4502 1191 4566 quautt
1206 4502 1272 4550 ourt
1289 4504 1318 4550 et
