3100 5175
540 431 719 494 ERATO.
742 433 797 495 Vl.
819 442 862 499 56.
1204 439 1266 503 295

130 599 277 689 relapsio
291 628 330 688 γε
344 604 517 692 ἐκφέρειν,
539 601 593 673 ἐπ’
608 601 652 693 ἣν
664 600 709 675 άν
721 608 911 695 βούλωνται
925 609 1054 699 χάρην·
1079 613 1207 685 ’τούτου
1226 615 1265 685 δὲ

128 708 256 792 μηδένα
269 705 358 774 εἶναι
368 711 610 796 Σπαρτιητέων
625 711 853 801 διακωλυτήν·
877 720 909 783 εἰ
922 715 959 784 δὲ
972 714 1035 804 μὴ,
1051 713 1154 788 αάτδν
1168 721 1207 788 ἐν
1217 724 1265 812 τῷ

129 806 203 896 ἄγει
222 812 411 897 ἐνέχεσθαι.
441 816 718 900 στρατευομένων
737 815 774 885 δὲ
798 816 951 903 πρώτους
970 820 1057 888 ἰέναι
1070 818 1149 902 τούς
1166 829 1263 909 βασιε

129 915 221 998 trag,
256 909 421 994 ὑστάτους
446 914 484 984 δὲ
509 913 660 986 ἀπιέναι·
697 916 816 988 ἑκατὸν
839 920 876 990 δὲ
899 917 1025 1009 ἄνδρας
1043 924 1187 1011 λογάδας
1208 926 1263 995 ἐπὶ

128 1025 304 1105 στρατηΐης
327 1018 514 1104 φυλάσσειν
537 1016 670 1102 αὐτούς.
705 1022 901 1130 προβάτοισι
916 1025 953 1093 δὲ
966 1031 1112 1113 χρᾶσθαι
1132 1032 1170 1098 ἐν
1185 1033 1262 1119 τῇσι

127 1230 158 1264 ex
164 1215 323 1266 Aristotelis
335 1223 362 1267 et
372 1218 534 1284 Diotogeuis
546 1219 613 1272 locis
623 1236 668 1271 su·
718 1214 860 1286 odtspov:
884 1239 936 1289 quo
951 1225 1016 1275 mibi
1034 1225 1107 1277 baud
1120 1243 1187 1292 opns
1199 1244 1260 1281 esse

126 1300 172 1349 pra
190 1285 285 1336 allatis
309 1289 497 1352 cognoscitur,
518 1291 668 1354 Spartano·
716 1291 836 1344 videtur.
867 1294 932 1359 Ipsa
947 1296 1081 1346 Herodoti
1100 1298 1186 1348 verba
1204 1314 1260 1349 non

124 1370 179 1404 rum
201 1355 312 1419 regibus
336 1358 489 1423 antiquitus
510 1360 666 1410 sacerdotia
716 1360 797 1412 aliter
824 1364 928 1429 accipit
951 1366 1051 1415 Grata:
1085 1367 1201 1432 History
1230 1369 1261 1419 of

125 1427 266 1475 commissa
279 1426 402 1490 fuerunt,
418 1426 453 1476 ad
463 1428 566 1493 regiam
579 1429 666 1494 digni·
716 1432 818 1482 Graece
829 1433 867 1483 11.
881 1448 909 1497 p.
923 1435 984 1486 4119.

124 1499 204 1543 tatem
214 1496 356 1559 pertinuit,
366 1497 474 1560 qualem
485 1499 666 1562 priscaGrae·
750 1495 780 1549 ἐν
791 1498 832 1567 τῷ
842 1495 906 1566 ἄχεϊ
916 1495 1075 1567 δνέχεσθαι]
1089 1504 1108 1553 1.
1121 1520 1145 1557 e.
1154 1509 1257 1567 piaculo

124 1579 212 1613 corum
225 1570 321 1616 aetate
339 1567 517 1617 constitutam
532 1567 664 1632 Spartae-
714 1587 735 1622 s.
755 1575 864 1623 maximo
884 1575 986 1622 crimine
1006 1588 1058 1624 eum
1078 1576 1167 1624 teneri.
1201 1574 1257 1625 Ubi

124 1649 171 1699 que
183 1639 319 1684 retentam
331 1650 391 1687 esse
401 1638 565 1700 accepimns,
579 1643 610 1688 ut
619 1655 678 1693 sa·.
714 1639 747 1689 de
757 1642 959 1705 praepositione
970 1633 1001 1690 ἐν
1012 1642 1131 1707 repetita
1140 1640 1183 1707 (nt
1191 1643 1256 1705 VII,

123 1706 173 1754 eris
196 1703 363 1768 quibusdam
380 1706 510 1770 publicis,
534 1722 604 1771 qnae
626 1709 662 1758 ad
718 1711 794 1772 128),
821 1710 891 1760 alias
917 1727 999 1775 saepe
1024 1712 1126 1761 omissa
1149 1713 1256 1763 monuit

123 1788 223 1823 ornnem
236 1775 407 1838 pertinerent
418 1776 569 1838 civitatem,
584 1792 662 1840 reges
713 1778 842 1830 Valcken.
858 1782 949 1832 citans
962 1779 1138 1832 Demosthen.
1157 1796 1181 1831 e.
1195 1781 1256 1830 Ari-

122 1842 305 1907 tungerentur.
330 1844 409 1895 Unde
419 1861 528 1910 quoque
540 1853 663 1910 repeten-
712 1853 796 1898 stocr.
810 1864 836 1913 p.
853 1850 914 1910 408,
927 1850 969 1901 ol.
984 1849 1022 1915 [p.
1035 1849 1095 1910 632,
1111 1852 1127 1900 2
1142 1850 1253 1908 Reislr,;

122 1912 194 1975 dum,
214 1915 290 1978 quod
308 1930 387 1979 reges
405 1915 533 1980 Spartani
552 1915 588 1965 ad
607 1916 662 1965 bel·
713 1918 777 1968 add.
798 1918 830 1968 In
844 1921 991 1969 Macartat.
1009 1935 1035 1983 p.
1054 1918 1133 1981 loon,
1147 1920 1173 1970 9.
1200 1920 1253 1969 Pro

122 1981 171 2031 lum
182 1983 335 2047 profecturi
347 1982 469 2049 Apollini
481 2001 561 2035 saera
578 1986 663 2036 sacie—
713 1987 812 2038 Cornu.
831 1988 919 2038 Trier.
938 2005 963 2053 p.
979 1988 1060 2050 1231,
1079 1986 1132 2052 ru]
1162 1987 1255 2039 Ando-

121 2050 183 2101 bant
198 2057 287 2117 atque
306 2055 335 2103 in
355 2054 425 2119 ipsis
444 2055 663 2119 expeditionibus
681 2083 683 2088 .
711 2055 764 2106 oid.
777 2073 839 2122 pag.
854 2060 893 2117 12,
907 2059 949 2109 28.
966 2057 1040 2123 [pag.
1054 2057 1102 2117 46,
1115 2057 1132 2107 5
1143 2055 1250 2122 Reislr.]

121 2122 326 2173 sacrificabant}
339 2122 417 2173 Cant.
430 2124 551 2177 Mueller.
563 2125 581 2176 1.
593 2125 611 2174 l.
623 2125 663 2175 11.
711 2126 750 2175 Ac
763 2128 833 2176 satis
846 2134 954 2188 notum,
970 2132 1087 2191 utroque
1098 2126 1195 2190 modo,
1207 2127 1252 2177 vel

121 2207 144 2255 p.
156 2191 196 2242 90.
710 2194 807 2245 addita
820 2194 865 2246 vel
880 2198 981 2247 omissa
993 2196 1197 2262 praepositione
1211 2187 1251 2258 ἐν,

152 2251 474 2326 τιό1εμόνχεέκφ1ρειν]
493 2262 616 2311 Pertinet
633 2266 662 2311 et
708 2265 793 2314 verba
807 2258 936 2328 ἔχεσθαι,
954 2263 1137 2330 συνέχεσθαι,
1150 2266 1208 2316 alia
1223 2265 1251 2314 id

121 2328 167 2380 hue
183 2331 372 2395 Xenophontis
392 2330 468 2381 locus
498 2334 527 2380 in
545 2329 659 2395 Republ.
708 2349 796 2398 genus
813 2338 885 2397 poni.
916 2334 1065 2385 Pluravid.
1078 2333 1151 2398 apud
1167 2334 1252 2384 Hein-

121 2400 274 2455 laeedaem.
302 2401 363 2450 XV.
386 2404 410 2464 ξ.
430 2404 461 2452 2:
490 2393 578 2463 ἔθηκε
603 2392 657 2463 γάρ
708 2402 1250 2468 δοτ1.ιιδΡ1ιι1οιι.Ρ1ιοεδτ.1122311111

123 2467 187 2532 (scil.
204 2461 219 2520 ὁ
234 2469 430 2534 Λυκοῦργος),
443 2461 531 2518 θάειν
543 2461 658 2546 μδνΙβα-
707 2471 830 2536 Soplrist.
853 2489 879 2537 p.
898 2473 965 2536 340,
993 2475 1024 2524 C.
1042 2474 1074 2523 F.
1096 2472 1249 2524 Hermann:

122 2534 190 2588 ostiu
209 2535 281 2604 πρὸς
296 2536 349 2602 τῆς
363 2531 472 2597 πόλεως
485 2530 519 2588 τά
533 2535 658 2602 δημοσια
706 2541 816 2607 Symbb.
831 2543 866 2594 ad
877 2543 993 2595 doctrin.
1005 2545 1057 2594 iur.
1067 2541 1153 2593 Attici
1165 2542 1199 2593 de
1208 2543 1249 2592 in-

121 2596 239 2674 ἅπαντα,
253 2605 293 2667 ὡς
306 2602 366 2659 άπὸ
379 2608 431 2658 τοῦ
443 2606 517 2658 θεοῦ
528 2599 597 2657 ὄντα
607 2605 657 2659 καὶ
707 2614 770 2661 iurr.
793 2614 912 2663 actionn.
936 2629 999 2677 pap.
1018 2613 1061 2663 27.
1097 2613 1134 2662 Et
1154 2613 1248 2663 confer

122 2674 283 2741 στρατιὰν
299 2671 383 2729 ὅποι
403 2670 589 2742 &epatris
603 2669 657 2727 ἕκ-
706 2697 813 2747 quoque
828 2687 898 2735 nott.
914 2683 949 2733 ad
964 2684 1017 2746 IV,
1034 2680 1079 2732 131
1097 2685 1124 2732 et
1142 2680 1178 2730 ad
1196 2682 1248 2744 111,

121 2740 656 2814 τιέμπῃ,ἡμει”σθαι’ἔδωκεδὲκαὶ
708 2751 765 2801 129.

121 2813 179 2877 γέρα
193 2809 248 2868 sind
263 2817 322 2867 των
337 2816 492 2881 θυομένων
503 2808 657 2884 λαμβάνειν
741 2808 842 2868 ἑκατὸν
860 2812 891 2867 δὲ
910 2810 1018 2881 ἄνδρας
1032 2812 1166 2882 λογάδας]
1185 2819 1248 2868 Gen·

121 2883 162 2934 ml
176 2885 230 2952 γῆν
244 2902 272 2937 τε
288 2878 302 2937 ἒ
307 2905 321 2936 ν
338 2886 455 2944 πολλοῖς
472 2883 529 2937 τῶν
551 2884 658 2950 περιοί-
707 2891 806 2940 senario
820 2889 865 2938 hic
876 2888 1035 2940 offendimur
1048 2903 1172 2950 numero,
1186 2902 1247 2937 cum

121 2970 171 3004 νων
198 2949 311 3008 πόλεων
336 2952 484 3017 ἀπέδειξεν
511 2947 656 3020 ἐξαίρετον
705 2958 787 3019 vulgo
807 2966 933 3009 necantes
948 2959 1020 3024 ragis
1037 2959 1186 3021 stipatores
1202 2971 1247 3006 cu-

120 3019 266 3091 τοσαάτην,
287 3015 360 3076 ὥστε
377 3016 446 3090 μήτε
463 3023 578 3075 δεῖσθαι
600 3024 658 3075 τῶν
705 3027 851 3092 stodesque
875 3028 961 3078 luisse
989 3030 1115 3087 narrent,
1147 3040 1249 3089 eosque

120 3095 229 3157 μετρίων
246 3088 320 3160 μήτε
341 3091 454 3161 πλούτῳ
472 3089 655 3158 ὑπερφέρειν.
706 3096 784 3161 equis
794 3101 899 3156 vectos,
912 3100 983 3147 teste
996 3094 1191 3159 ThucydidV,
1204 3096 1246 3145 72.

121 3166 189 3225 Quod
215 3168 249 3216 ad
276 3166 414 3216 Herodoti
438 3166 520 3216 verba
545 3166 655 3228 attinet,
705 3166 846 3217 Herodoto
858 3166 940 3223 V111.
960 3165 1010 3215 124
1025 3164 1086 3215 coll.
1100 3164 1245 3225 v11‚205.

120 3232 175 3283 belli
203 3236 341 3287 inferendi
373 3235 516 3286 arbitrium
545 3236 656 3296 regibus
705 3236 829 3287 Mueller.
847 3235 865 3285 l.
888 3235 904 3285 l.
921 3236 958 3285 11.
977 3250 1039 3300 pag.
1055 3236 1115 3285 241.
1147 3234 1245 3297 itaque

119 3305 305 3367 concedentis,
327 3306 355 3355 id
372 3321 426 3355 non
444 3306 484 3354 ite
503 3304 655 3369 intelligen·
705 3306 758 3354 nisi
772 3305 868 3355 vitium
885 3305 1010 3368 irrepsit,
1028 3320 1061 3355 ex
1075 3302 1131 3353 illis
1142 3306 1246 3353 trecen·

120 3371 188 3436 dnm,
201 3391 234 3427 ae
246 3378 272 3426 si
286 3390 371 3440 penes
385 3390 463 3437 reges
477 3373 550 3425 solos
560 3373 653 3432 fuerit,
705 3376 741 3423 tis
751 3379 860 3425 centnm
872 3373 973 3426 electos
985 3374 1069 3424 inisse
1081 3378 1244 3434 statuamus,

119 3439 207 3494 bellum
224 3446 348 3495 indicere
368 3444 574 3509 quibuscunque
594 3441 654 3508 pla-
704 3445 868 3509 praecipuos
882 3444 954 3509 regis
970 3443 1104 3494 satellites
1118 3443 1245 3493 comites-

119 3515 209 3575 enarit3
226 3515 277 3566 boc
291 3516 363 3565 enim
378 3515 420 3563 ius
433 3514 506 3579 apud
515 3513 603 3563 Dores
617 3512 652 3561 ad
703 3529 765 3578 que.
793 3516 835 3564 Tu
847 3514 903 3566 vid.
916 3529 1023 3579 quoque
1035 3514 1068 3564 de
1082 3512 1124 3562 his
1136 3527 1246 3561 monen-

120 3594 213 3633 omuem
231 3585 375 3635 civitatem
395 3584 542 3647 pertinuit,
562 3598 579 3632 a
598 3597 652 3647 qua
703 3588 757 3633 tem
768 3585 933 3635 Kortiirnin:
947 3583 1087 3634 Schlosser
1098 3580 1243 3634 etBereht.

119 3654 215 3714 qnando
234 3654 337 3705 bellurn
357 3653 494 3704 decretum
514 3657 589 3713 erat,
611 3668 652 3702 re·
701 3653 812 3707 Archiv.
833 3654 880 3703 IV.
902 3669 963 3718 pag.
986 3653 1043 3704 lob.
1063 3679 1096 3688 -
1117 3652 1150 3701 In
1167 3666 1243 3716 seqq.

106 3726 172 3782 'gtnn
188 3724 305 3774 arbitrio
327 3727 410 3787 atque
429 3723 541 3787 imperio
560 3722 652 3771 omnia
702 3738 750 3787 pro
765 3723 838 3787 vulg.
852 3714 899 3771 tut
912 3720 1043 3787 στρατιῆς
1057 3737 1118 3772 enm
1130 3720 1243 3772 Reislrio

118 3790 153 3839 ita
164 3796 307 3845 commissa
321 3798 399 3853 sunt,
416 3801 462 3856 nt,
478 3792 569 3857 pronti
582 3793 653 3857 opti·
702 3797 729 3842 et
746 3794 863 3843 Bredov.
882 3808 945 3857 pag.
968 3792 1015 3843 184
1035 3792 1147 3856 reposui
1165 3802 1245 3851 στρα-

119 3873 180 3910 rnurn
199 3864 266 3927 ipsis
284 3863 439 3919 videretur.
463 3866 578 3927 agerent
596 3862 652 3912 bel·
700 3858 797 3925 τηΐιχς,
813 3863 1078 3926 quodnecessarium
1089 3859 1244 3910 videbatur.

119 3925 224 3997 luruqne,
239 3947 402 3998 quoeunque
414 3933 548 3998 placeret,
563 3936 652 3983 trans·
702 3931 783 3984 Coni.
796 3934 858 3988 Vll.
874 3931 907 3982 38
919 3932 1010 3997 ibique
1024 3934 1094 3980 nott.

119 3996 223 4061 terrent,
259 4018 321 4054 cum
354 4003 406 4067 ipsi
430 4017 534 4054 summo
560 4007 652 4053 essent
741 3992 910 4063 προβάτοισι
931 3995 963 4048 δὲ
982 3997 1108 4065 χρᾶσθαι
1131 3988 1161 4045 ἒν
1179 3996 1244 4060 τῇσι

119 4070 225 4130 praediti
244 4073 369 4137 imperio.
404 4074 447 4123 Tu
465 4071 520 4123 vid.
542 4073 651 4136 potissi·
701 4062 839 4134 ἐξοδίῃσι]
867 4071 921 4118 Το1
944 4083 1010 4119 oves
1029 4068 1081 4118 diis
1104 4065 1242 4116 immolare

119 4151 180 4188 urum
193 4141 223 4192 C.
235 4143 268 4194 0.
280 4140 404 4194 Mueller.
417 4139 435 4191 1.
446 4141 465 4195 1.
476 4142 514 4191 ll.
525 4156 587 4205 pag.
602 4142 650 4192 104
701 4144 830 4204 poterant
841 4138 1038 4203 Spartanorum
1052 4150 1145 4202 regas,
1162 4139 1242 4199 quot-

58 4256 62 4273 ,
120 4210 143 4254 et
153 4208 273 4262 Gabriel:
294 4213 337 4261 De
348 4213 513 4275 magistratt.
527 4211 648 4261 Laconn.
700 4215 768 4274 quot
790 4208 858 4272 ipsis
879 4208 1021 4271 placuerat
1046 4221 1094 4271 pro
1117 4204 1241 4256 sacerdo-

120 4274 237 4337 (Bcrolin.
252 4281 331 4343 1815)
346 4297 372 4344 p.
386 4283 403 4331 8
415 4297 506 4346 seqq,
525 4282 572 4344 qni
589 4297 648 4331 earn
700 4278 751 4328 tali
769 4278 816 4327 illa
828 4277 977 4341 dignitate,
998 4291 1052 4342 qna
1068 4291 1114 4325 eos
1131 4278 1241 4324 ornatos

120 4345 262 4401 obcausam
274 4350 383 4415 probat,
397 4351 468 4414 qnod
479 4349 648 4411 Goettlingio
700 4349 785 4398 fnisse
799 4347 877 4397 modo
887 4345 1016 4397 vidimus.
1042 4346 1117 4408 Quos
1132 4342 1240 4425 eosdem

120 4413 265 4469 inurentem
277 4420 355 4471 venit
367 4419 434 4484 (vid.
445 4421 558 4470 Hermes
571 4420 648 4470 1823.
700 4433 805 4469 omnem
817 4431 955 4468 sacrorum
971 4432 1061 4468 euram
1079 4430 1127 4480 per
1138 4428 1241 4465 exerer-

120 4496 142 4546 p.
155 4486 210 4553 125)
224 4490 369 4541 articulum
383 4483 435 4538 τόν
446 4490 574 4541 inferenti
586 4493 649 4540 ante
700 4493 757 4538 tum
770 4502 875 4537 summo
887 4486 948 4539 loco
961 4486 1103 4549 habuisse,
1120 4500 1153 4536 ex
1165 4483 1240 4535 hisce
