3100 5175
490 392 761 454 POLYMNIA.
786 394 856 455 VII.
880 404 923 458 35.
947 402 990 458 36.

1242 389 1304 454 503

164 561 324 653 τριήρεας
343 567 527 646 συνθέντες
547 560 613 635 ὑπὸ
633 566 695 655 μὲν
712 564 778 656 τὴν,
800 564 883 653 πρὸς
903 572 964 636 τοῦ
983 564 1148 651 Εὐξείνου
1168 565 1303 637 Πόντου

166 668 328 757 ἑξήκοντά
348 697 384 737 τε
406 671 461 738 καὶ
478 678 685 763 τριηκοσίας,
706 666 772 755 ὑπὸ
795 668 912 758 δὲτὴν
934 672 1050 759 ἑτέρην
1069 679 1300 760 τεσσερεσκαί-

79 801 85 809 ·
165 777 251 840 dexo
265 774 321 841 sol
336 780 545 862 τριηκοσίας,
565 778 625 843 τοῦ
639 774 701 861 μὲν
715 772 851 843 Πόντον
865 776 1077 863 ἐπικαρσίας,
1101 779 1163 844 τοῦ
1177 775 1214 843 dl
1230 772 1300 842 ‘Er-

162 971 280 1021 strnctis
293 971 446 1023 clariorem
456 973 516 1024 lnce
529 973 711 1025 collocaretur
762 971 858 1023 uiliora
870 972 983 1054 reddes:
1001 990 1057 1023 νπο
1048 966 1125 1039 plo
1137 965 1191 1039 τὴν
1204 973 1232 1040 (η
1233 966 1300 1037 ἐφυ-

162 1047 295 1106 recteque
307 1042 520 1108 intelligeretur,
538 1058 628 1109 neque
639 1044 711 1093 iniu-

161 1111 207 1160 rie
227 1112 302 1161 lieret
321 1114 448 1177 scriptori
468 1129 485 1162 a
505 1113 643 1164 nonnullis
665 1111 709 1162 vel

163 1196 256 1230 rerum
270 1181 409 1231 navalium
424 1182 552 1233 inscitiae
565 1183 610 1233 vel
623 1182 708 1247 negli-

159 1251 275 1315 gentiae
285 1257 432 1302 aecusator
443 1267 459 1301 a
470 1267 523 1316 quo
533 1253 710 1318 utroquecri-

162 1321 238 1369 mine
258 1319 335 1370 illum
353 1320 433 1386 louge
453 1321 550 1371 abesse
563 1321 706 1372 existimo.

160 1390 255 1454 Atque
271 1388 339 1439 baec
357 1395 387 1440 ut
401 1390 497 1442 melius
511 1407 708 1456 cognosceren-

162 1465 225 1521 tur,
246 1458 340 1508 addidi
360 1462 465 1525 etipse
485 1460 621 1523 tabulam,
645 1476 708 1511 con-

159 1530 310 1579 formatam
323 1528 398 1579 illem
408 1529 517 1594 quidem
529 1529 563 1580 ad
573 1530 707 1581 Herodoti

158 1599 248 1649 verba
269 1603 344 1648 recte
360 1604 490 1664 percepta
509 1616 595 1665 ecque
615 1616 708 1666 presse

159 1673 333 1733 sequentem.

188 1730 437 1801 Πενιηκοντέρους
448 1733 494 1785 καὶ
503 1728 634 1819 τριήρεας
645 1750 708 1787 συν

158 1800 265 1864 θέντες
278 1821 303 1858 κ.
319 1820 343 1858 τ.
359 1805 395 1890 λ..)
415 1807 516 1857 Sensus
533 1806 588 1857 loci
602 1809 647 1857 vix
662 1807 708 1857 ob·

157 1892 272 1937 scarus,
279 1876 333 1926 duo
343 1877 413 1926 enim
423 1876 469 1927 bic
478 1876 636 1927 indicantur
644 1893 707 1942 pon·

161 1952 221 2007 tes,
245 1961 358 2011 quorum
380 1946 473 2005 elteri,
496 1948 541 2011 qui
560 1948 640 1997 Ponto
655 1947 708 1995 Ea-

157 2018 226 2065 mino
250 2014 304 2077 (vel
317 2014 477 2080 Propontidi)
494 2016 624 2067 obversus
638 2022 706 2078 erat,

159 2084 281 2135 CCCLX
289 2100 372 2136 naves
380 2086 551 2147 substratam
564 2085 643 2137 elteri
645 2087 707 2151 ‚qui

159 2156 292 2220 Aepaeun
305 2171 375 2205 mere
393 2154 550 2220 spectabat,
575 2125 707 2206 ccoissv

159 2239 259 2287 naves,
270 2230 300 2275 ut
310 2224 378 2274 bene
387 2226 458 2274 vidit
468 2224 628 2306 Wesseling
648 2225 705 2274 lta·

181 2309 217 2343 ue
242 2294 277 2344 ad
299 2283 357 2342 υπὸ
381 2286 433 2357 μὲν
459 2287 512 2358 τὴν
535 2298 563 2344 et
586 2294 621 2344 sd
647 2285 705 2342 ὖπὸ

159 2312 194 2412 32
217 2353 308 2427 τῆν’
294 2355 391 2427 ειίρην
414 2380 445 2415 se
465 2379 499 2413 ue
521 2364 636 2444 intellig.
661 2361 704 2428 γε’

159 2448 274 2497 φυραν;
298 2432 333 2483 ad
347 2449 434 2489 ,voces
447 2378 589 2498 liquores?
605 2447 634 2481 τε
656 2427 704 2482 καί

158 2500 328 2565 τριηκοσιας
352 2500 391 2566 (in
413 2504 510 2568 quibus
531 2502 655 2553 voculam
675 2516 703 2551 τε

159 2574 259 2623 abesse
273 2571 376 2622 mavult
388 2571 506 2623 Ossnn
499 2589 527 2622 ιιι
541 2572 700 2623 Commentt.

159 2643 302 2694 seminarii
313 2641 467 2708 philologio.
476 2642 615 2693 Giessens.
623 2644 660 2695 ll.
677 2658 701 2706 p.

161 2715 197 2764 12
208 2713 329 2778 ,qnippe
350 2715 464 2777 quaein
484 2712 636 2762 huiusmodi
655 2728 704 2761 nn-

160 2784 244 2832 meris
265 2782 462 2845 coniungendis
484 2783 549 2863 pqni
567 2782 639 2831 haud
659 2797 702 2831 so·

160 2853 233 2914 leat,
247 2851 294 2901 nbi
309 2851 462 2916 particulae
472 2845 518 2898 aci
533 2851 650 2902 sufficiat
640 2850 662 2916 t)
677 2854 704 2899 et

159 2922 198 2972 ad
214 2918 460 2984 τεσσερεσκαίδεκα
477 2916 525 2969 καὶ
538 2919 704 2985 τριηκοσίας

158 2991 249 3056 suppl.
259 2989 324 3048 νέας
334 2989 495 3047 συνθέντες.
514 2993 553 3040 Ac
563 3005 630 3041 voce
641 3002 705 3039 συν-

158 3056 261 3116 θέντες
274 3062 374 3111 Noster
390 3061 513 3111 indicare
530 3058 650 3110 voluisse
663 3060 704 3107 vi-

159 3132 256 3192 detur,
276 3131 305 3180 in
322 3137 438 3195 utroque
453 3134 537 3195 ponte
558 3133 706 3194 pentecon-

158 3207 235 3251 toros
256 3216 340 3250 naves
353 3203 381 3251 et
396 3199 520 3251 triremes
535 3214 625 3250 secum
640 3213 702 3248 cou-

157 3271 269 3321 iunctas
280 3270 376 3332 inisse,
391 3284 488 3333 neque,
500 3275 530 3318 ut
541 3269 618 3334 ponit
627 3269 701 3317 Kran

157 3340 177 3390 l.
192 3340 209 3390 l.
226 3339 318 3404 pag.8
334 3354 407 3403 seq.‚
425 3339 540 3389 sitorum
558 3343 665 3404 pontem
687 3354 702 3387 e

159 3410 226 3460 solis
238 3410 456 3474 pentecontoris,
476 3408 589 3458 alterum
608 3407 702 3458 esolis

158 3479 316 3529 triremibus
326 3478 497 3530 constitisse:
518 3478 633 3543 quodni
646 3481 702 3526 sta-

160 3555 287 3612 tuamus,
306 3548 438 3598 Herodoti
456 3547 539 3598 verba
554 3546 627 3597 hand
642 3562 703 3611 per·

161 3621 283 3674 mittunt,
298 3633 366 3684 qnae
377 3618 402 3667 si
410 3620 538 3668 accurate
547 3632 702 3683 sequamur,

160 3692 190 3740 in
203 3704 310 3754 qnoque
321 3693 404 3752 ponte
414 3692 442 3738 et
453 3691 663 3752 pentecoutoros
675 3691 703 3737 ct

160 3761 285 3810 triremes
300 3757 373 3808 haud
391 3758 448 3807 scio
462 3772 498 3806 au
516 3756 642 3807 consulto
657 3756 704 3807 ad·

159 3829 262 3880 hibitss
273 3832 301 3877 et
310 3828 473 3877 coniunctas
483 3841 544 3877 esse
558 3827 702 3878 dicendum

160 3900 222 3952 erit
249 3899 286 3947 Et
298 3897 352 3948 vid
362 3912 433 3961 quse
443 3896 566 3947 Dretscb
578 3895 595 3945 l.
608 3895 627 3947 l
638 3912 701 3961 pag.

159 3968 212 4020 308
223 3973 296 4017 recte
312 3967 345 4017 de
360 3966 403 4017 his
417 3966 531 4018 monuit.
566 3957 704 4027 reposceri

159 4031 301 4097 Εὐξείνου
312 4029 421 4085 πόντου
430 4034 518 4085 valet:
534 4035 639 4087 Pontum
649 4037 702 4086 Ειι-

158 4108 245 4156 πὶιιιαιι
257 4110 345 4156 ocrru's
362 4120 384 4157 s.
397 4106 433 4157 acl
447 4106 550 4156 Pontum
566 4113 703 4166 spectans,-

160 4192 213 4242 quo
222 4176 316 4227 eodem
326 4175 406 4225 modo
415 4188 486 4239 προς
496 4175 534 4238 ll
544 4173 588 4225 99.
598 4175 647 4237 lv,
657 4173 700 4235 37,

158 4244 293 4296 ubiconi.
304 4249 375 4295 nott.

194 4328 245 4363 του
234 4308 314 4378 μὲν
328 4307 443 4364 Πόντον
458 4302 637 4373 ἐπικαρσίας,
649 4306 702 4359 τοῦ

159 4377 210 4433 δὲ
212 4377 413 4468 Ελίηοπόντου
429 4397 501 4432 κατα
490 4372 600 4445 ὁόσν]
624 4381 701 4442 Quae

158 4455 242 4506 verba
260 4455 300 4505 sic
312 4454 437 4520 pleniora
453 4450 689 4516 intellectuque
661 4450 702 4500 i

760 1041 827 1107 ραν)
841 1035 914 1107 πρὸς
928 1042 979 1093 τοῦ
995 1038 1110 1094 Πόντου
1130 1040 1299 1126 (φέρουσαν)

759 1103 925 1172 ἐπικαρσίας
950 1109 1011 1193 (τὰς
1035 1109 1100 1172 νέας
1124 1110 1299 1177 συνθέντες),

757 1173 817 1231 υπὸ
838 1176 870 1231 δε
889 1177 942 1262 τὴν
963 1176 1061 1261 ἑτέρην
1078 1178 1228 1263 (γέφυραν)
1236 1178 1299 1267 τὴν

757 1244 832 1332 πρὸς
850 1266 902 1301 τον
920 1243 1129 1332 Ἑλλησπόντου
1146 1246 1217 1302 κατὰ
1229 1244 1300 1316 ρόον

757 1315 807 1377 τὰς
816 1314 883 1378 νέοις
893 1316 1055 1388 συνθέντες,
1068 1324 1114 1373 ubi
1127 1323 1298 1389 potissimum

757 1392 913 1511 quaeritur,
928 1408 981 1457 quo
996 1408 1080 1444 sensu
1090 1396 1190 1445 Noster
1204 1407 1298 1443 vocem

773 1458 926 1524 πικαρσίας
952 1463 1105 1527 occeperit,
1132 1463 1211 1513 cuius
1238 1461 1298 1511 loco

757 1533 875 1582 Tzetzes
892 1529 927 1580 cd
942 1532 1075 1597 Lycopbr.
1092 1532 1168 1583 1432.
1187 1548 1213 1596 p.
1231 1532 1297 1582 1036

756 1599 849 1651 Muell.
864 1600 987 1650 exhibuit
1000 1599 1128 1666 πλαγίας.
1158 1602 1296 1652 Transver-

756 1686 802 1721 rns
825 1685 910 1719 naves
934 1670 1052 1736 indeque
1076 1672 1159 1722 etism
1187 1685 1297 1720 nurnero

756 1739 847 1805 plnres
862 1740 962 1805 prioris
973 1743 1065 1805 pontis
1079 1739 1211 1790 intellexit
1221 1740 1299 1789 Wes-

757 1809 869 1873 seling.,
887 1810 1046 1873 posterioris
1060 1811 1150 1875 pontis
1163 1825 1247 1859 neves
1259 1808 1297 1857 di-

756 1884 846 1928 rectas
865 1878 1025 1941 (secundnm
1046 1877 1169 1943 fluvium)
1190 1883 1218 1928 et
1235 1893 1296 1942 pro-

756 1952 851 2013 pterea
861 1950 1013 2013 pauciores.
1035 1948 1101 1998 Cum
1111 1965 1176 2000 vero
1186 1948 1295 1998 navium

755 2023 911 2067 transverse
921 2017 1115 2068 collocatarum
1126 2019 1213 2067 minor
1223 2023 1296 2067 certe

756 2102 883 2138 numerus
898 2103 958 2137 esse
975 2087 1075 2138 debeat
1093 2102 1173 2152 quem
1192 2102 1295 2149 esrum,

755 2172 826 2222 quae
836 2157 954 2206 secundo
963 2158 1046 2207 fluvio
1057 2163 1149 2207 rectae
1159 2160 1238 2207 erant
1249 2172 1296 2221 po-

755 2227 840 2287 sitae,
862 2225 974 2278 Rennel.
997 2242 1058 2292 pag.
1072 2226 1124 2276 430
1142 2242 1214 2291 seqq.
1232 2223 1294 2275 coll.

755 2297 853 2346 Krusio
861 2295 1115 2359 (UeberHerodot's
1123 2294 1259 2346 dusmess.
1269 2294 1295 2343 d.

753 2366 834 2417 Pont.
852 2382 878 2431 p.
893 2365 928 2416 89
941 2364 1011 2432 seq.)
1028 2381 1059 2416 oo
1072 2365 1138 2427 abit,
1154 2370 1185 2416 nt
1197 2364 1295 2429 prioris

744 2436 846 2500 pontis
859 2451 945 2486 naves
958 2451 975 2485 s
989 2440 1064 2485 recta
1077 2435 1164 2497 linea,
1181 2449 1234 2498 qua
1248 2450 1295 2497 po-

753 2505 876 2556 sterioris
886 2505 978 2566 pontis
992 2521 1075 2555 neves
1089 2505 1196 2569 positae
1207 2507 1294 2561 erant,

752 2573 877 2626 nonnihil
891 2575 925 2625 ed
936 2574 1009 2625 latus
1023 2574 1219 2625 declinaverint
1229 2571 1294 2622 obli-

754 2644 975 2710 quecollocntae.
997 2646 1054 2693 Nos
1064 2642 1295 2705 dicimusrcdrnrp

754 2731 775 2765 s.
792 2717 816 2764 in
829 2714 950 2778 rclrrriper
964 2714 1093 2779 Hiclranp.
1132 2714 1229 2777 Itaque
1243 2711 1294 2761 hac

752 2799 821 2833 voce
844 2784 936 2846 pontis
959 2783 1046 2847 ipsius
1068 2782 1183 2831 navibus
1207 2780 1294 2830 innoti

753 2853 869 2902 directio
884 2852 1023 2901 indicatur
1032 2849 1080 2916 (ci.
1089 2849 1193 2901 Kraz.l
1212 2848 1231 2901 l.
1241 2849 1294 2912 pti

754 2927 781 2972 et
793 2922 893 2985 Campe
903 2922 921 2972 1.
932 2920 974 2984 l.)‚
988 2922 1011 2972 si
1023 2921 1131 2985 quidem
1141 2919 1216 2969 hicce
1226 2934 1294 2982 pons

753 3007 808 3041 non
827 2992 902 3040 recti
921 2990 993 3040 linei
1013 2991 1047 3039 ab
1061 3004 1115 3040 uno
1129 2989 1164 3039 ad
1179 2987 1292 3039 alterum

753 3060 819 3110 litus
835 3062 933 3110 ductus
950 3059 1139 3122 perhibeatur,
1158 3059 1206 3108 sed
1223 3058 1293 3107 dire·

753 3131 844 3180 ctione
853 3129 940 3192 magis
951 3128 1071 3193 obliqua,
1086 3127 1201 3193 indeque
1212 3128 1293 3177 etiarn

753 3199 860 3264 longior
873 3198 1048 3264 pluribusque
1063 3198 1180 3248 neribus
1193 3198 1294 3247 instru-

751 3275 813 3320 ctus
826 3268 881 3319 slio
897 3273 992 3333 ponte,
1015 3270 1061 3333 qui
1074 3271 1150 3319 rectit
1162 3267 1234 3317 linei
1246 3265 1294 3316 dn·

751 3345 812 3390 ctus
837 3343 981 3403 utrumque
1012 3338 1077 3387 litus
1107 3338 1293 3400 coniungeret,

750 3409 927 3476 paucioribus
950 3409 1045 3474 utique
1074 3407 1191 3458 navibus
1222 3410 1293 3455 stru-

751 3485 827 3531 ctus:
859 3478 948 3542 prouti
970 3477 1098 3528 stabula
1115 3477 1171 3526 aeri
1196 3476 1293 3536 incisa,

752 3564 832 3616 qnam
845 3550 933 3598 Kruee
955 3547 1070 3608 adiecit,
1093 3547 1195 3612 optime
1213 3545 1294 3594 intel-

753 3620 801 3682 ligi
814 3623 913 3683 potest.
950 3616 1028 3678 Quod
1046 3617 1108 3667 ideo
1121 3617 1221 3666 ieet-run
1236 3629 1293 3662 cre·

753 3689 883 3750 diderim,
898 3691 929 3738 ut
942 3688 1018 3752 prior
1032 3701 1114 3750 pons,
1131 3685 1176 3749 qni
1188 3698 1292 3733 omnem

752 3760 807 3807 vim
826 3759 955 3808 fluctuum
976 3756 1092 3805 ePonto
1111 3752 1293 3805 delabentium

753 3828 889 3878 sustinere
908 3824 1045 3886 debebat,·
1067 3840 1099 3873 eo
1115 3822 1211 3872 melius
1227 3821 1294 3870 resi·

753 3902 826 3948 stere
854 3895 970 3957 indeque
993 3894 1067 3943 tueri
1096 3890 1293 3956 quodammodo

752 3969 847 4032 posset
856 3964 970 4014 sitorum
981 3969 1091 4026 pontem
1102 3961 1215 4011 inferius
1226 3965 1294 4009 stru

752 4039 826 4085 ctum
838 4041 865 4084 st
874 4034 950 4083 recti
959 4030 1033 4082 linei
1042 4032 1165 4090 ductum
1177 4028 1294 4078 navibus

753 4104 868 4170 singulis
882 4102 979 4167 positis
992 4115 1063 4151 κατα
1053 4093 1162 4162 ῥόον,
1183 4099 1201 4148 i
1213 4114 1237 4148 e.
1253 4112 1294 4147 se·

753 4174 870 4225 cundum
884 4173 992 4221 fluxum.
1024 4172 1115 4235 Atque
1127 4168 1198 4218 hono
1210 4167 1294 4216 iuter-

740 4243 933 4308 pretationem
946 4239 1098 4290 confirmari
1112 4242 1177 4303 pnto
1189 4236 1294 4287 duobus

751 4313 814 4364 aliis
828 4311 923 4362 Nostri
936 4308 1017 4370 locis,
1036 4323 1149 4374 qnorum
1166 4308 1192 4356 in
1207 4305 1294 4356 altero

753 4381 794 4448 (Ι,
815 4380 874 4446 180)
900 4370 987 4434 ὁδους
1010 4346 1175 4461 ’ἐπικαρσίας
1194 4378 1294 4427 Noster

752 4451 868 4517 opponit
879 4452 941 4506 ταις
953 4440 1016 4499 tert
1003 4446 1074 4512 ίαις,
1090 4448 1119 4498 in
1132 4446 1218 4497 sltero
1232 4444 1292 4511 (IV,
