3100 5175
269 399 332 468 292
701 399 970 466 HERODOTI

260 576 424 669 Ἕλληνας
438 568 531 648 οὗτοι
552 580 693 648 ἐτέλεον.
729 582 824 660 ἔλεξα
840 578 877 647 δὲ
890 581 986 668 μέχρι
1000 580 1146 668 Περσέος
1167 584 1268 649 τοῦδε
1283 582 1407 666 εἵνεκα,

269 682 345 754 ἀλλ’
364 680 427 753 οὐκ
442 681 611 753 ἀνέκαθεν
626 689 674 752 έτι
691 688 831 769 ἔλαβον,
852 680 902 751 ότι
915 680 978 751 οὐκ
999 689 1111 752 έκεστι
1127 686 1300 773 ἐπωνυμίη
1316 692 1408 771 Περ-

270 792 324 858 etr
334 784 476 875 οὐδεμία
490 785 614 875 πατρὸς
627 791 775 874 θνητοῦ,
796 781 1310 876 όσκερἩρακλέλἉμφιτρύων.
1345 785 1409 876 ἤδη

271 884 320 962 τόν
332 887 428 985 ὀρθῷ
439 889 526 984 λόγω
540 893 718 983 χρεωμένῳ
732 893 828 978 μέχρι
842 895 903 959 τοῦ
913 892 1060 980 Περσέος
1072 887 1185 981 ὀρθῶς
1200 898 1332 980 εἴρηταί
1343 918 1409 979 μοι.

271 993 337 1066 ded
351 995 389 1065 dl
402 995 557 1083 Δανάης,
576 999 634 1083 τῆς
645 991 831 1082 Ἀκρισίου,
853 996 1069 1082 καταλέγοντι
1084 991 1162 1074 τοὺς
1178 992 1249 1063 όνω
1264 996 1331 1063 αίελ
1346 1021 1410 1064 πα-

271 1102 369 1189 τέρας
389 1096 503 1167 αὐτῶν
525 1104 702 1185 φαινοίατο
723 1091 767 1165 ἂν
789 1095 900 1178 ἐόντες
922 1103 1042 1168 σίτων
1063 1100 1228 1188 Δωριέων
1248 1094 1412 1188 ἡγεμόνες

274 1203 456 1291 Αίγύπτιον
478 1204 662 1288 ἰθαγενέες.
697 1205 801 1268 ταῦτα
816 1203 879 1288 μέν
893 1228 977 1287 νυν,
997 1198 1249 1290 κατᾶἝλληυες
1262 1204 1410 1288 λέγουσι,

227 1329 267 1389 54
276 1304 563 1395 γεγενεηλόγηται.
609 1301 666 1384 Ὡς
693 1303 730 1373 δὲ
756 1299 773 1372 ὁ
794 1305 955 1394 Περσέων
980 1304 1077 1391 λόγος
1098 1308 1245 1392 λέγεται,
1272 1302 1412 1387 αὐτόςὸ

275 1481 350 1541 dedi,
370 1485 401 1530 ut
421 1492 541 1543 semper,
559 1492 609 1554 pro
630 1465 765 1554 οόδεμίη,
790 1482 818 1527 et
867 1482 979 1541 gnatum
1000 1492 1061 1528 esse
1074 1475 1221 1540 Perseum,
1243 1477 1290 1543 qui
1311 1493 1345 1527 ex
1357 1479 1412 1526 dn·
1446 1481 1460 1510 ·

274 1550 357 1617 poulo
371 1549 484 1600 inferius
495 1537 650 1611 uritmvpro
663 1538 780 1596 αυτέων.
868 1547 999 1597 dromeda
1036 1549 1162 1612 genuerit
1201 1547 1409 1610 Achaemenem,

309 1612 394 1685 ὀρθῷ
406 1613 479 1685 λόγῳ
494 1612 653 1682 χρεωμένῳ]
682 1614 770 1680 CLV,
783 1615 818 1667 88
869 1617 962 1681 stirpis
982 1618 1128 1667 Persarum
1147 1618 1239 1682 regite
1260 1623 1411 1669 suetorem.

276 1689 368 1753 ibique
384 1694 454 1739 nott„
484 1688 517 1737 In
528 1687 648 1751 proxime
660 1700 735 1749 seqq.
757 1701 818 1736 oum
868 1687 947 1737 Unde
960 1688 1001 1735 itu
1012 1686 1130 1737 discedit
1141 1686 1324 1751 Apollodorus
1338 1686 1412 1750 (coll.

275 1756 405 1820 Wessel.‚
421 1754 571 1821 Schweigb.
585 1762 612 1805 et
626 1761 741 1805 recentt.
755 1756 816 1805 edd.
869 1755 971 1809 Herod.
987 1756 1054 1819 Vll,
1069 1754 1130 1821 61),
1147 1763 1179 1807 ut
1193 1758 1324 1808 Perseum
1337 1757 1412 1806 Iovis

276 1826 388 1879 exhibui
395 1824 397 1827 ’
404 1823 514 1889 εἴρηται
523 1862 530 1888 ,
549 1825 620 1890 quod
632 1826 745 1889 prsebet
757 1824 821 1877 Flo·
869 1841 902 1875 uo
910 1827 1022 1876 Danaes
1031 1824 1123 1887 filium,
1135 1831 1281 1892 antequem
1291 1827 1320 1876 in
1330 1827 1414 1877 Grae·

276 1899 399 1949 rentinus
415 1897 484 1946 liber
504 1909 564 1945 oum
584 1895 719 1945 Perisiuis
738 1895 818 1945 codd.
869 1896 941 1945 ciem
966 1897 1103 1958 venisset,
1131 1896 1285 1961 suscepisse
1310 1896 1413 1947 scribet

276 1967 430 2018 Gronovius
448 1971 475 2017 et
487 1964 651 2015 Sohseierus
668 1965 818 2015 ebledioeo
868 1966 983 2026 Person,
1003 1980 1020 2014 e
1039 1980 1093 2030 quo
1107 1967 1180 2030 spud
1197 1965 1335 2030 Cepheum
1348 1965 1411 2016 reli-

276 2036 392 2102 oliisque
412 2039 572 2101 receperunt
593 2027 730 2097 εἰρέαται,
749 2049 819 2100 quue
869 2039 914 2084 oto
936 2035 1068 2099 originem
1090 2034 1351 2087 dueantPerssrum
1372 2051 1413 2086 re·

276 2111 320 2156 est
341 2106 424 2155 tertio
443 2119 560 2171 persono
575 2103 687 2168 pluralis
711 2101 753 2168 (ut
770 2104 818 2167 lV,
869 2119 925 2168 ges.
959 2104 1016 2154 Nos
1031 2104 1098 2154 illud
1111 2109 1267 2157 teneamus:
1287 2105 1317 2156 in
1327 2106 1413 2155 totius

276 2175 320 2225 61.
333 2176 398 2237 Vll,
410 2175 454 2226 81.
467 2172 528 2237 96),
543 2173 634 2222 alienu
648 2172 697 2222 illa
710 2174 819 2238 quidem
870 2171 981 2223 subuleo
1007 2173 1234 2239 significationem
1264 2174 1413 2240 inquirenti

276 2244 311 2294 ob
324 2243 457 2307 hocloco,
471 2243 518 2293 ubi
532 2242 678 2306 singularis
692 2256 821 2295 numerus
869 2258 932 2293 mox
941 2258 1087 2308 apparere,
1108 2247 1254 2295 temerario
1268 2245 1349 2295 modo
1368 2244 1413 2294 bio

277 2314 433 2378 requiritur.
453 2311 499 2362 Sio
508 2310 618 2374 εἴρηται
628 2312 675 2375 v1,
686 2314 729 2374 55,
742 2313 820 2363 item·
870 2313 920 2362 sub
946 2313 1100 2363 fabularum
1128 2313 1275 2365 involueris
1297 2314 1412 2365 indicari

277 2398 329 2447 que
344 2383 413 2444 Vll,
429 2382 473 2433 83.
494 2381 536 2432 93.
556 2380 591 2431 99
609 2381 688 2431 libris
707 2382 819 2446 scriptis
869 2383 956 2445 ipsius
975 2388 1066 2432 terrae
1090 2384 1274 2434 conditionem
1292 2385 1413 2448 solisque

277 2452 402 2502 omnibus
428 2450 670 2500 consentientibus.
711 2451 752 2500 sd
778 2467 819 2513 ee,
868 2452 924 2503 vim
935 2451 963 2501 in
977 2451 1064 2502 solum
1077 2453 1169 2503 sterile
1184 2458 1267 2519 etque
1283 2458 1365 2504 tenue
1378 2453 1412 2502 ed

276 2536 348 2586 quse
372 2524 533 2585 sequuntur:
563 2510 621 2567 ἀπὸ
648 2511 679 2566 δὲ
702 2514 820 2583 Δανάης
868 2520 1159 2585 frugesproierendas,
1173 2523 1414 2590 PersenmqueSo·

276 2588 327 2656 τῆς
342 2580 482 2653 Ἀκρισίου
500 2604 525 2639 κ.
542 2603 566 2641 τ.
581 2589 606 2639 λ.
628 2589 665 2641 of.
678 2589 818 2641 Plutarch.
868 2590 902 2640 lis
917 2591 994 2641 deum
1008 2608 1068 2644 esse
1084 2591 1247 2659 beroemque
1265 2595 1329 2645 inde
1343 2593 1414 2644 celo-

276 2661 313 2712 11.
327 2676 354 2726 p.
368 2660 458 2713 85711.
484 2659 585 2710 Vocem
601 2651 742 2725 ἰθαγενὴς
754 2660 820 2709 etti·
870 2661 944 2710 brari
963 2661 1062 2712 fortem
1075 2668 1274 2725 austrenum,
1292 2664 1351 2713 sive
1363 2666 1413 2715 ds-

276 2731 304 2795 gi
319 2730 354 2780 sd
367 2731 405 2795 ΙΙ,
416 2729 457 2780 17.
476 2728 576 2779 Glosse
588 2730 746 2779 Herodoteu
758 2730 819 2780 red·
869 2731 972 2795 syrium
984 2732 1042 2782 sive
1052 2732 1164 2783 Persem
1176 2733 1235 2784 sive
1247 2735 1413 2799 Aegyptium

276 2800 318 2849 dit
332 2794 362 2848 οἱ
373 2790 485 2863 γνήσιοι
495 2795 604 2856 παῖδες.
630 2799 677 2850 Sic
688 2799 820 2865 upudde·
868 2800 927 2849 sive
939 2801 1054 2866 denique
1064 2801 1214 2853 Graecum:
1229 2802 1285 2852 vid.
1294 2804 1412 2854 Preller:

276 2869 362 2933 schyl.
384 2870 460 2919 Pers.
482 2867 533 2919 366
557 2864 691 2932 Τενάγων
709 2864 736 2917 τ’
757 2862 819 2933 eips-
869 2869 1021 2935 Mytholog.
1033 2871 1069 2921 ll.
1082 2886 1111 2935 p.
1122 2872 1154 2922 41
1168 2887 1242 2938 seqq.
1255 2873 1297 2934 56,
1312 2872 1413 2923 Raoui-

276 2932 356 2996 στεός
379 2938 527 3002 Βακτρίων
552 2931 726 3003 ἰθαγενὴς
751 2939 822 2989 dioi-
869 2938 1016 2990 Roohette:
1037 2940 1118 2991 Mem.
1136 2940 1288 2991 del’deed.
1303 2941 1351 2992 des
1367 2943 1412 2991 ln-

276 3015 334 3058 tur:
360 3009 395 3058 ed
415 3024 493 3074 quem
511 3008 599 3058 locum
618 3009 697 3073 pluro
717 3007 819 3058 similis
869 3009 962 3073 script.
978 3011 1131 3063 etc.xv11.
1147 3012 1176 3060 P.
1189 3012 1214 3063 2.
1230 3026 1256 3074 p.
1269 3011 1312 3073 71,
1326 3012 1414 3061 Choix

276 3077 372 3128 attulit
385 3076 534 3128 Blomfield.
548 3079 575 3126 in
587 3076 737 3129 Glossario.
869 3077 902 3127 de
921 3079 1043 3129 Peintur.
1071 3080 1103 3129 de
1121 3079 1242 3145 Pompej.
1266 3096 1330 3147 pag.
1354 3082 1413 3145 187,

321 3140 393 3195 κατὰ
406 3136 539 3209 Ἕλληνες
564 3140 692 3212 λέγουσι]
728 3148 818 3213 Vulgo
868 3147 1025 3200 Ruwlinson
1042 3149 1084 3198 in:
1102 3149 1218 3199 Journal
1232 3149 1262 3199 of
1275 3150 1321 3201 the
1333 3150 1413 3201 dsis-

275 3209 347 3264 κατὰ
360 3211 407 3264 eol:
431 3216 556 3281 equidem
569 3215 659 3268 delevi
677 3208 725 3279 roi,
740 3233 818 3268 secu·
869 3217 906 3268 tio
919 3217 1028 3282 Society
1041 3219 1105 3281 XV,
1118 3220 1144 3266 2.
1158 3235 1220 3285 pag.
1238 3222 1304 3282 257,
1319 3219 1413 3270 Grole-

276 3291 321 3335 tus
340 3286 479 3335 Struvium
502 3286 530 3332 in
547 3286 665 3348 Spooim.
691 3286 713 3338 I.
735 3303 762 3351 p.
784 3286 818 3337 36
869 3285 948 3336 fond:
968 3288 1150 3353 Erl'n'uterung
1169 3289 1195 3338 d.
1212 3288 1413 3340 Keilinsohrilt.

276 3352 413 3417 (Opusoo.
432 3354 469 3402 ll.
489 3368 552 3417 pag.
567 3353 635 3419 304)
654 3359 682 3403 st
702 3356 819 3407 Bredov.
868 3354 1413 3421 babylonlleeksteine(Hannov.1852)

275 3437 339 3486 peg.
356 3422 405 3483 93,
424 3437 484 3472 oum
498 3415 569 3470 κατὰ
581 3423 698 3487 positum
717 3425 754 3474 sit
768 3441 818 3491 pro
868 3440 930 3490 pag.
946 3428 987 3477 22.
1014 3427 1112 3488 Qualia
1125 3442 1186 3477 curn
1197 3429 1317 3480 Persicis
1330 3430 1359 3478 in
1372 3445 1414 3479 ro-

276 3480 349 3539 καθ’
369 3480 402 3551 ἅ;
427 3492 551 3555 idemque
569 3491 622 3542 seoi
643 3493 747 3555 1‚208.
769 3496 818 3557 1V,
866 3495 1413 3559 ligionibuelllthmindicentur,intel-
1470 3532 1475 3541 -

276 3561 309 3609 76
325 3566 353 3610 et
365 3562 431 3621 201,
447 3561 494 3610 ubi
511 3562 567 3613 vid.
582 3567 652 3611 nott.
676 3569 703 3613 et
719 3567 757 3623 V,
774 3565 818 3617 89,
867 3563 975 3630 ligetur,
988 3582 1079 3629 spero,
1093 3567 1158 3631 quid
1171 3567 1225 3617 sibi
1237 3566 1305 3617 velit
1313 3568 1412 3619 Graeci

276 3628 334 3680 112.
347 3630 394 3692 VI,
407 3630 451 3681 88.
474 3630 559 3681 Verbo
571 3631 747 3694 γενεηλογεῖν
758 3633 821 3699 (ori-
868 3633 957 3685 herois
973 3636 1048 3700 origo
1060 3636 1171 3687 Persico
1189 3652 1302 3702 regesve
1314 3638 1414 3689 Persu-

272 3702 355 3765 ginem
368 3703 482 3764 generis,
500 3702 588 3763 stirpis
608 3702 752 3768 recensere)
767 3704 817 3753 uli·
867 3719 926 3753 rum
946 3721 962 3754 e
979 3705 1084 3756 Gruseo
1102 3706 1184 3757 heroii
1200 3708 1319 3758 oriundi.
1358 3708 1413 3759 Sed

275 3770 384 3834 quoties
400 3771 500 3819 Noster
514 3772 615 3820 utitur:
641 3771 683 3833 ll,
698 3774 739 3824 91.
757 3774 815 3827 143.
869 3773 902 3824 de
917 3773 968 3824 hoo
983 3790 1117 3840 exponere
1129 3776 1251 3841 longum,
1267 3792 1318 3827 neo
1331 3778 1412 3828 buius

278 3839 336 3891 146.
351 3839 459 3903 ΙΙΙ,75.
867 3842 930 3895 looi.
956 3845 1017 3894 vid.
1031 3845 1157 3896 (lreurer.
1172 3845 1291 3910 symbol.
1307 3848 1330 3897 1.
1348 3863 1412 3913 psg.

867 3911 918 3963 286
934 3928 1010 3978 seqq.
1027 3915 1075 3964 lv.
1093 3930 1119 3979 p.
1133 3914 1185 3966 238
1202 3931 1261 3981 seq.
1280 3917 1323 3966 ed.
1337 3921 1411 3981 tert,

467 4011 531 4066 cff-
867 3982 1412 4123 endunt:‘neuturus

302 4104 350 4172 ‘ne
369 4109 401 4164 δὲ
416 4105 431 4164 ό
447 4112 579 4180 Περσέων
599 4108 682 4181 λόγος
697 4112 815 4184 λέγεται]
867 4121 946 4171 modo
959 4122 1137 4188 Aegyptium,
1157 4124 1208 4175 hoo
1226 4131 1300 4176 certe
1319 4126 1410 4191 colligi

273 4184 378 4235 Eodem
400 4184 457 4237 fere
484 4187 518 4236 de
541 4188 683 4236 Persarum
710 4190 816 4252 origine
865 4206 946 4253 posse
961 4192 1091 4243 observet
1107 4209 1140 4243 ex
1155 4199 1272 4260 utreque
1289 4197 1409 4261 regione,

273 4255 342 4319 VII,
362 4255 411 4306 150
423 4255 486 4306 coll.
501 4256 544 4307 61.
562 4256 716 4321 Apollodor.
732 4258 775 4320 ΙΙ,
789 4261 815 4319 4,
867 4275 899 4309 ex
907 4260 1030 4326 Aegypto
1038 4266 1410 4329 aequeacsuperiorisnsiae

273 4325 304 4385 6,
321 4324 369 4373 nbi
380 4325 434 4376 vid.
449 4326 551 4390 lleynii
564 4326 696 4380 Obserrr.
718 4342 744 4391 p.
767 4329 814 4377 127
866 4334 957 4380 tractu
974 4334 1138 4383 Graecarum
1153 4333 1314 4399 religionum
1329 4337 1410 4386 semi-

274 4397 301 4441 et
314 4393 436 4456 Xenopb.
449 4394 548 4458 Cyrop.
558 4397 582 4457 Ι,
595 4398 620 4458 2,
633 4396 656 4445 l.
675 4398 745 4447 Nem
757 4397 815 4447 vul·
866 4415 902 4449 ns
914 4406 996 4466 etque
1008 4402 1089 4451 initio
1102 4404 1251 4468 repetendo
1264 4419 1334 4454 esse.
1362 4407 1410 4455 At·

272 4475 308 4527 go
322 4461 490 4523 itetradunt,
502 4479 518 4512 e
527 4464 593 4515 love
604 4480 636 4515 ao
647 4466 742 4516 Dano'e‘
753 4482 815 4532 pro·
865 4484 919 4534 que
932 4471 1014 4522 etiem
1026 4472 1168 4539 Koeppeu.
1186 4472 1344 4540 (Nordgest.
1361 4474 1408 4529 des
