3100 5175
267 382 329 447 802
683 378 987 446 EXCURSUSI

268 579 359 632 neque
375 560 446 613 enim
463 568 538 612 recte
552 560 615 613 mihi
630 560 721 612 iacere
736 559 876 627 videntur,
893 558 941 629 qni
954 559 1023 610 hauc
1036 555 1180 627 phylaram
1192 553 1410 624 descriptionem

270 648 309 699 ita
320 644 525 716 intelligunt*),
540 654 571 698 ut
585 646 675 699 Attica
688 652 764 698 terra
780 644 842 696 olim
856 644 884 696 in
898 651 1030 713 qnattnor
1041 660 1129 712 pagos
1143 640 1331 695 divisasuerit
1343 640 1411 690 toti-

270 733 386 802 demque
400 732 491 783 tribus
505 748 529 782 a.
545 725 635 799 mulie
649 731 785 798 babuerit,
802 730 830 781 in
849 729 892 780 his
907 728 986 798 pagis
1006 728 1174 791 habitantes,
1197 736 1247 780 ant
1264 725 1313 794 qui
1327 734 1412 794 qnat-

270 826 335 870 tuer
348 817 396 868 has
411 811 502 884 φυλὰς
518 835 532 867 e
548 802 667 869 dliersis
678 816 809 884 gentibus
825 814 913 884 repeti
928 813 1034 879 volunt,
1050 830 1120 883 quae
1136 814 1164 865 in
1176 813 1294 865 Atticam
1307 818 1413 862 terram

271 903 416 970 ingressae
427 901 508 954 sedes
522 902 560 954 ibi
574 902 700 969 ceperint
713 907 741 953 et
752 917 812 953 cum
823 899 962 967 indigenis
974 898 1116 967 postmodo
1131 899 1158 950 in
1176 915 1259 951 unam
1271 896 1414 948 nationem
1472 903 1475 909 ’

273 986 427 1041 coaluerint
449 1005 499 1055 per
526 996 658 1056 quattuor
681 984 778 1056 phylas
801 1004 824 1037 s.
846 986 936 1036 tribus
958 984 1089 1036 divisam:
1117 1002 1168 1035 nec
1191 983 1312 1052 denique
1334 990 1416 1032 recte

273 1079 397 1125 statuere
410 1072 473 1124 mihi
489 1072 618 1125 ridentur
636 1072 665 1139 ii,
681 1071 729 1141 qni
744 1069 848 1123 nullum
862 1069 1005 1136 diguitatis
1021 1069 1165 1121 discrimen
1181 1070 1256 1121 inter
1268 1068 1318 1119 bas
1329 1074 1415 1135 quat·

275 1166 338 1210 tuor
363 1156 460 1226 phylas
485 1157 641 1223 exstitisse,
662 1155 718 1208 sed
743 1173 837 1208 omnes
863 1155 987 1207 omnibus
1008 1154 1117 1206 iuribus
1141 1155 1168 1206 in
1191 1152 1335 1223 republica
1362 1150 1416 1201 ad-

277 1241 458 1295 ministranda
473 1242 576 1311 pariter
592 1258 658 1294 usas
673 1258 736 1294 esse
750 1239 921 1310 putantll),
947 1256 1006 1292 cnm
1030 1257 1157 1310 quaeque
1187 1239 1280 1292 tribus
1302 1235 1418 1288 nobiles

276 1338 304 1380 et
319 1326 450 1396 plebeius,
464 1326 565 1379 divites
581 1334 609 1378 et
625 1343 762 1396 pauperes
776 1325 899 1377 homines
920 1324 1170 1394 comprehenderit:
1190 1341 1263 1394 qnae
1284 1322 1378 1374 omnia
1402 1336 1420 1370 a

276 1430 342 1465 vero
358 1410 469 1465 multum
483 1412 582 1464 abesse
601 1411 664 1463 nini
683 1411 821 1463 videntur.

362 1497 426 1563 lam,
443 1506 474 1550 nt
489 1497 522 1549 ad
538 1496 648 1564 singula
663 1497 784 1549 tribuum
798 1503 930 1565 quattuor
943 1496 1049 1547 nomina
1064 1497 1225 1548 accedamus
1240 1492 1420 1563 explicanda,

278 1583 313 1635 de
334 1583 384 1649 iis,
405 1584 452 1652 qui
470 1589 603 1634 vocantur
617 1579 778 1651 Αἰγικορεῖς,
792 1573 1087 1650 Ἀργαᾶεῖς,”οπλητες,
1105 1582 1148 1633 vix
1164 1579 1277 1633 multum
1291 1578 1422 1631 dubitari

280 1666 929 1738 petestconveniuutqueiniisdemexplicaudis
944 1665 1069 1736 plerique
1086 1666 1137 1718 viri
1152 1666 1309 1733 docti***).
1329 1664 1421 1715 Naur-

280 1770 335 1822 que
351 1749 505 1821 Αἰγικορεῖς
521 1752 581 1805 siue
595 1747 757 1822 Αἰγικόρεις,
774 1752 848 1821 quod
863 1753 985 1821 praefert
1000 1752 1172 1817 lloeelrhius,
1196 1751 1244 1819 qui
1268 1758 1424 1811 vomatur,

280 1839 445 1909 parturitium
466 1839 548 1890 vitam
570 1838 681 1906 degisse
703 1837 819 1908 putandi
835 1842 914 1902 sunit,
936 1837 963 1889 in
979 1837 1112 1905 gregibus
1127 1853 1270 1906 caprarum
1284 1840 1424 1905 (quarum

281 1923 418 1976 maximam
433 1923 537 1993 copiam
554 1923 622 1975 aluit
643 1923 734 1975 Attica
749 1926 836 1992 terra)
852 1921 895 1973 vel
911 1923 990 1975 etiam
1011 1922 1101 1975 ovinam
1123 1921 1271 1991 pascendis
1288 1918 1424 1988 occupati

283 2015 331 2061 ant
349 2027 527 2078 possessores
551 2008 712 2076 exiguarum
731 2007 878 2059 sanderum
901 2008 1003 2071 inisse,
1024 2007 1072 2076 qui
1094 2024 1197 2076 pasena
1218 2006 1426 2076 potiusquam

284 2111 365 2161 agros
391 2093 521 2146 colendos
546 2094 695 2164 praebent,
721 2095 816 2146 Hirten
844 2091 898 2144 und
925 2095 1010 2147 kleine
1031 2094 1251 2159 Grundlcritzem
1271 2100 1304 2143 ut
1327 2089 1426 2141 reddit

283 2178 451 2249 Kortrim†),
474 2179 645 2231 assentiente
667 2177 780 2230 Haasie.
825 2171 1167 2245 Quidiennturileyedaie
1181 2171 1354 2245 (Ἀργάδεω)
1375 2172 1426 2226 vel

278 2256 427 2331 'Eppadeie‚
444 2262 518 2332 qnod
533 2264 565 2315 ad
587 2279 669 2315 rrrrnru
687 2262 813 2331 idemque
828 2262 899 2315 redit
913 2263 980 2329 ††),
1002 2264 1036 2314 ab
1058 2264 1162 2334 opificiis
1184 2280 1280 2314 nomen
1297 2259 1427 2313 traxisse

286 2347 429 2401 videntur:
457 2348 504 2416 qui
528 2354 603 2400 artes
628 2345 784 2400 sellularias
811 2354 931 2399 tractant
956 2355 1005 2399 arnt
1029 2348 1222 2401 mercenariam
1250 2362 1362 2416 operam
1395 2345 1426 2395 in

284 2432 492 2502 locupletiorum
509 2432 644 2484 hominnm
659 2432 754 2484 lundis
768 2439 920 2500 praestant,
939 2435 1144 2499 Gewerbsleute,
1162 2441 1193 2484 nt
1216 2435 1429 2501 iuterpretatur

286 2517 402 2569 Kortriur
408 2517 489 2589 †††),
504 2519 692 2583 Handwerker,
701 2525 733 2567 ut
741 2516 818 2569 reddi
827 2516 962 2569 voluntC.
971 2518 1006 2569 0.
1016 2516 1189 2583 nlueller*†)
1197 2518 1325 2569 etllaase
1334 2515 1427 2580 *††i;

286 2603 482 2657 Handnrbeiter
499 2603 588 2656 reddit
603 2603 636 2653 C.
653 2604 701 2655 Fr.
716 2604 871 2670 Hermann3
887 2604 975 2655 adhuc
990 2605 1063 2674 apnd
1086 2604 1216 2656 Albaniae
1237 2611 1339 2671 gentes
1360 2618 1427 2664 eos,

287 2688 378 2757 quiin
405 2688 481 2757 agris
500 2688 624 2741 mercede
645 2688 772 2740 conducti
796 2706 866 2758 epus
888 2689 1002 2752 iaciunt,
1027 2690 1120 2741 uocari
1133 2684 1242 2757 ἀργοίη,
1261 2689 1280 2740 i.
1298 2706 1324 2740 e.
1349 2688 1429 2747 feld·

288 2774 438 2828 arbeitcnde
463 2774 633 2845 Tugliihuer,
654 2781 746 2826 monet
768 2793 794 2824 u.
816 2774 896 2826 Hahn
922 2773 1093 2843 (Albaniscb.
1114 2775 1229 2826 Studien
1252 2791 1317 2843 pag.
1340 2773 1429 2840 130);

287 2858 377 2911 minus
392 2865 465 2911 recte
481 2859 557 2929 ipsus
573 2852 802 2927 agricolas*†††)
818 2859 879 2912 sive
890 2875 1017 2927 agrorum
1031 2867 1060 2911 et
1078 2860 1224 2912 landertun
1238 2859 1365 2911 domines
1383 2855 1430 2907 sic

289 2944 382 2995 vocari
394 2944 519 3013 equidem
535 2944 655 3011 credam3
676 2944 723 3013 qui
739 2943 767 2995 in
785 2943 965 3014 inscriptione
980 2962 1068 3014 nuper
1083 2951 1191 3014 reperta
1199 2941 1250 3011 Ρ)
1265 2959 1429 2995 commemo-

290 3035 368 3081 ratur
382 3029 478 3098 δῆμος,
495 3023 758 3097 nomine'Epyudeic,
774 3028 826 3081 hue
839 3029 937 3081 reterri
954 3030 1066 3101 nequit:
1080 3030 1106 3081 iu
1123 3031 1185 3099 ipsa
1200 3037 1289 3081 tannen
1304 3026 1429 3090 Paralia,

290 3112 317 3165 in
334 3130 388 3182 qna
398 3107 532 3183 Ἀργαδείς
547 3115 692 3184 praecipue
705 3113 845 3166 habitasse
861 3112 920 3165 vult
929 3115 1031 3180 Haase,
1050 3115 1121 3166 hune
1135 3116 1224 3183 δῆμον
1235 3112 1429 3185 quaerendum

362 3431 389 3497 *)
406 3434 468 3484 Vid.
483 3436 592 3498 praeter
611 3434 680 3484 alies
692 3434 830 3499 Kutorga:
856 3434 936 3484 Essai
951 3451 999 3486 sur
1010 3435 1218 3501 l'organisation
1242 3433 1275 3486 de
1296 3435 1323 3485 la
1340 3435 1429 3486 'Pr-iba

293 3518 320 3568 p.
334 3503 375 3554 71.
390 3518 464 3568 seqq.
473 3509 501 3554 et
511 3505 613 3556 confer.
624 3504 772 3557 Hermann.
783 3521 790 3553 t
803 3503 910 3555 Grieeh.
922 3505 1126 3556 Staatsaltertb.
1143 3510 1166 3568 ξ.
1176 3506 1209 3557 91
1222 3513 1279 3556 not.
1294 3510 1319 3557 4.

363 3588 407 3654 **)
423 3590 500 3640 Cous.
513 3589 703 3640 ll'sehamutb:
717 3590 823 3640 Hellen.
837 3590 1032 3644 Alterthumsk.
1050 3592 1071 3643 1.
1087 3608 1113 3656 p.
1128 3593 1187 3645 35⁴.
1202 3591 1245 3644 ad.
1259 3608 1314 3642 see.

364 3658 425 3725 ***)
441 3659 504 3710 vid.
518 3660 603 3710 Meier
615 3661 656 3710 De
670 3659 791 3725 gentilit.
807 3676 870 3724 paq.
885 3662 900 3710 5
915 3677 982 3726 seq,
995 3660 1108 3713 Mueller
1119 3661 1138 3712 l.
1149 3660 1166 3711 l.
1182 3677 1246 3727 pag.
1258 3661 1302 3713 80.
1317 3666 1427 3726 etquae

295 3729 444 3780 afferantur
459 3732 493 3781 ab
508 3730 538 3781 O.
551 3730 597 3783 Fr.
610 3731 765 3780 Hermanno
778 3729 796 3782 1.
812 3729 828 3779 l.
841 3734 864 3793 ἕ.
879 3730 1143 3783 annuntiasset.
1159 3731 1176 3781 l.
1191 3747 1254 3797 pag.
1269 3731 1312 3782 76.

364 3815 394 3878 †)
410 3814 517 3867 Grieeh.
534 3814 689 3866 Geselrieht.
703 3815 725 3864 Ι.
737 3832 762 3881 p.
778 3815 834 3867 ltin.
847 3818 880 3867 ln
890 3817 995 3868 Diania
1004 3823 1079 3869 terra
1086 3811 1245 3882 Αἰγικορεῖς
1254 3816 1430 3883 potissimum

295 3885 374 3937 seder
388 3886 517 3937 habuisse
530 3886 606 3950 ponit
618 3885 711 3935 lineae
721 3884 737 3934 l.
752 3883 769 3934 l.

296 4025 324 4074 Π
365 3955 1103 4076 †³qp)l)eeorrlrrsioneiuterueticonlffloederleiu:
1130 3957 1302 4009 Homerisch.
1315 3957 1430 4007 Glossar

327 4043 514 4178 ·l³·†††3·Vid·
528 4110 636 4162 Grieeh.
651 4110 807 4162 Gesebieht.
821 4112 843 4160 1.
859 4128 886 4176 p.
902 4112 959 4163 166,

367 4181 413 4248 *1)
427 4181 586 4233 Vermiaebt.
601 4180 714 4234 Schrift.
728 4182 766 4231 11.
780 4198 806 4246 p.
822 4181 881 4233 5³0.

367 4267 435 4333 Ἢ)
449 4268 466 4318 l.
481 4267 498 4318 1,
513 4282 576 4331 paq.
592 4267 625 4317 76
638 4281 706 4331 seq,
723 4268 769 4333 qni
782 4268 809 4317 in
822 4269 930 4318 Paralia
942 4269 1003 4319 illes
1017 4268 1159 4319 habitasse
1170 4270 1257 4334 ponit,
1268 4268 1298 4319 C.
1309 4269 1431 4319 Fr.Her·

299 4351 400 4387 mann:
417 4337 524 4388 Griech.
538 4335 742 4387 Staatsalterth.
756 4336 782 4399 ἐ.
796 4337 838 4388 94.
851 4354 875 4387 e.
887 4338 933 4389 fin.

368 4405 455 4471 *†††)
468 4409 504 4458 ci.
519 4405 698 4457 Seheoroann.
715 4409 863 4472 antiquitt.
877 4409 927 4459 iun.
941 4407 1041 4472 public.
1055 4408 1167 4460 Graece.
1181 4423 1242 4473 pag.
1259 4409 1319 4462 165.

271 4547 274 4555 ι
368 4475 416 4540 †*)
429 4476 486 4528 rid.
499 4475 674 4540 Archaeulog.
689 4479 806 4542 Zeitnng
823 4478 897 4529 1848.
911 4494 952 4529 nr.
965 4479 990 4529 6.
1003 4478 1106 4545 Beilag.
1118 4494 1144 4543 p.
1157 4477 1200 4529 90.
1209 4477 1233 4529 *.
