3100 5175
414 441 783 506 TERPSIOHORE.
806 446 843 507 V.
867 457 910 510 91.
926 455 969 510 91.
987 457 1006 502 1.
1218 449 1277 510 173

135 616 197 702 γῆς
210 617 268 684 καὶ
281 612 302 705 ἡ
315 620 360 705 γῆ
372 619 535 706 μετέωρος
548 611 634 706 ὑπὲρ
648 623 708 688 τοῦ
721 615 870 707 ούρανοῦ
878 672 887 705 ,
910 621 966 688 καὶ
985 624 1020 688 οἰ
1031 616 1206 708 ἅνθρωποι
1220 649 1276 691 vo—

135 715 201 804 μὸν
216 714 254 787 ἓν
267 719 424 808 θαλάσσῃ
438 724 565 808 ἕξουσι,
586 725 643 791 καὶ
656 727 691 792 οἰ
702 721 819 811 ἰχθύες
840 720 899 790 τὸν
913 721 1077 813 πρότερον
1090 721 1276 813 ἅνθρωποι,

135 818 191 889 ὅτε
206 849 246 909 γε
264 818 378 912 ὑμεῖς,
400 816 428 891 ὦ
440 823 719 913 Λακεδαιμόνιοι,
747 833 937 914 ἰσοκρατίας
958 826 1195 916 καταλύοντες,
1218 858 1275 898 τυ·

135 1004 225 1056 turoh.
241 1005 279 1055 11.
293 1022 359 1071 psg.
374 1006 455 1058 860F
473 1011 501 1058 et
518 1007 608 1059 Scbol.
622 1008 683 1059 Ari·
733 1009 801 1073 ipsis
817 1008 962 1073 Spsrtsnis
975 1009 1144 1075 discesseris,
1158 1012 1276 1063 obtinuit

135 1075 202 1124 stid.
220 1090 247 1139 p.
265 1075 300 1126 63
318 1076 462 1126 Frommel.
487 1075 545 1141 (ubi
565 1075 683 1142 Σωκλῆς
734 1077 893 1130 Corinthus.
927 1080 969 1129 Tu
988 1081 1061 1129 conf.
1076 1080 1230 1146 Thucydid.
1251 1083 1274 1145 1,

134 1143 336 1210 Atheniensis).
364 1146 427 1199 Vid.
440 1146 602 1213 Wesseliug.
618 1148 683 1198 Dis·
732 1148 780 1210 bi,
800 1163 853 1213 quo
866 1148 926 1198 loco
945 1165 1028 1212 supro
1046 1150 1100 1199 ism
1113 1165 1204 1202 sumus
1221 1154 1273 1215 usi,

135 1219 204 1265 sert.
216 1214 321 1264 Herod.
336 1216 390 1265 111.
406 1231 432 1279 ρ.
449 1215 488 1266 19.
520 1218 596 1279 Quae
616 1232 682 1268 sune
733 1222 759 1267 et
778 1217 966 1268 Wuchsmutb.
986 1219 1093 1270 Hellen.
1111 1221 1228 1270 Alterth.
1248 1224 1278 1273 1.·

133 1280 311 1333 librariorum
322 1286 450 1335 socordis
458 1286 597 1349 peperisse
607 1286 682 1336 vide·
731 1301 794 1352 pag.
814 1287 863 1336 180
877 1302 934 1351 seq.

135 1359 194 1413 tur,
216 1368 277 1403 curn
294 1351 405 1404 Sosicles
424 1358 452 1404 et
468 1354 554 1405 Socles
572 1355 681 1405 diverso
757 1343 792 1402 'H
805 1349 841 1420 δὴ
855 1344 872 1403 ὅ
887 1370 915 1403 τε
934 1345 1057 1418 οὐρανὸς
1071 1348 1147 1405 ἔσται
1158 1372 1185 1407 κ.
1198 1373 1222 1408 τ.
1235 1358 1271 1424 1.]

134 1422 193 1471 sint
207 1424 332 1486 nomios,
345 1428 376 1474 nt
388 1422 509 1474 Socrates
524 1431 551 1474 et
563 1424 680 1476 Sosicra-
731 1425 833 1489 Attigit
850 1424 974 1477 Euststb.
987 1425 1022 1474 ad
1034 1425 1116 1478 Ilisd.
1132 1427 1194 1477 Vll.
1207 1445 1271 1495 pag.

135 1499 188 1550 tes,
207 1491 338 1554 Sophones
350 1497 379 1543 ot
391 1492 558 1555 Sosiplooes,
576 1493 680 1557 Sosipa-
729 1493 798 1555 695,
812 1493 846 1542 20
861 1510 882 1543 s.
897 1494 961 1555 575,
978 1496 1003 1544 4.
1017 1521 1049 1530 —
1071 1497 1190 1557 „Prima
1206 1498 1272 1548 hsec

135 1567 177 1610 ter
197 1565 225 1610 et
243 1561 369 1625 Sopater.
394 1577 443 1612 nec
461 1578 587 1627 umquam
600 1565 678 1626 telis,
730 1562 844 1614 Sosiclis
853 1564 941 1612 orstio
954 1562 1136 1615 locutionibus
1147 1565 1195 1615 ills
1207 1583 1271 1616 con·

136 1635 168 1678 ut
186 1630 287 1680 dudum
308 1632 417 1681 notavit
435 1632 581 1696 Valcksn„
605 1632 677 1698 apud
729 1637 786 1683 stst
803 1630 1020 1695 proverbialibus
1037 1634 1110 1698 spud
1131 1636 1272 1701 utriusque

134 1699 257 1751 Graecos
270 1701 477 1751 contrabuntur.
503 1703 543 1752 Ac
553 1717 587 1751 ne
599 1703 678 1752 mire·
727 1702 838 1767 linguae
847 1702 994 1766 scriptores
1005 1703 1194 1766 frequentetis.
1210 1706 1271 1756 Non

133 1768 187 1830 ris,
205 1771 234 1818 in
247 1771 383 1820 sociorum
401 1785 532 1822 consessu
546 1770 677 1821 Sosiclem
729 1770 881 1835 Euripides
896 1775 1002 1820 tuntum
1022 1772 1119 1822 sMed.
1140 1775 1204 1828 410,
1222 1775 1271 1825 sed

135 1837 308 1889 Corinthium
323 1840 439 1904 primurn
453 1839 578 1905 progredi
592 1841 677 1891 verbs
729 1839 844 1890 Ovidius
866 1839 950 1889 simul
974 1842 1092 1904 respexit
1110 1843 1229 1893 eiusdem
1256 1860 1271 1894 e

135 1907 284 1959 sucturum:
303 1910 331 1959 in
345 1910 418 1958 omni
430 1910 533 1959 Dorum
543 1908 677 1975 Pelopon·
729 1908 810 1973 Syleo
822 1908 948 1959 Herculis
960 1909 1071 1962 dictum.
1094 1910 1199 1976 [Ovidii
1211 1928 1270 1963 ver-

134 1978 272 2028 nesiorum
289 1978 415 2041 foedere,
430 1980 474 2028 cui
487 1979 588 2042 Sparte
601 1994 679 2043 prse·
727 1978 765 2027 bu
776 1979 861 2028 Trist.
875 1978 898 2039 1,
913 1979 939 2039 8,
955 1980 1040 2043 bseq.
1057 1995 1074 2029 s
1089 1981 1269 2047 Wesselingio

135 2045 202 2111 fnit,
227 2050 345 2113 primum
368 2053 443 2099 certe
465 2047 569 2113 locum,
598 2050 622 2098 si
642 2049 677 2097 ab
729 2063 838 2113 quoquo
853 2048 1160 2100 ullstssicsebabent:

388 2123 483 2197 „Omnis
496 2153 585 2187 neturus
598 2152 738 2199 praepostere
751 2145 841 2238 lefibus
855 2146 918 2187 ibunt

464 2197 560 2250 Parsque
573 2211 634 2238 suum
649 2197 723 2238 mundi
738 2199 773 2237 nul
783 2210 796 2238 ι
808 2199 892 2240 tenebit
906 2198 958 2249 iter,
995 2246 999 2254 Ι

388 2249 467 2290 Omnis
479 2250 521 2290 ium
535 2247 587 2289 fient
601 2248 670 2301 eto.‘¹]

134 2332 258 2384 Theseus
277 2336 306 2385 in
324 2336 421 2401 Enrip.
434 2336 528 2401 Snppl.
545 2336 597 2386 520
615 2327 675 2383 ἄνω
726 2335 781 2385 ism
799 2353 832 2387 ex
851 2336 913 2387 ullis
937 2338 1004 2387 locis
1024 2338 1198 2402 apperuisset
1207 2378 1218 2402 ‚v
1235 2357 1268 2391 ex

131 2391 678 2539 restruxerunt&{13²
727 2404 1269 2544 ttranseuntesun?ez·

135 2544 262 2593 moricum
286 2542 368 2608 plone
391 2559 451 2596 esse
470 2545 577 2595 initium
595 2542 675 2594 huius
726 2544 844 2608 didisse,
863 2546 967 2597 coelum
980 2561 1059 2610 snper
1070 2548 1121 2599 hoc
1138 2550 1201 2600 orbe
1216 2556 1269 2601 ter-

135 2614 269 2664 orstionis
294 2629 311 2663 s
338 2614 442 2665 Sosicle
471 2615 581 2665 bubitse
608 2613 675 2663 dicit
726 2629 816 2664 rurum
830 2616 908 2666 modo
929 2617 1060 2666 immobili
1074 2625 1163 2679 stare,
1185 2623 1268 2671 sicuti

134 2683 354 2749 Wssrdcnburg:
378 2685 421 2734 Do
434 2686 521 2734 nativ.
536 2682 673 2747 simplicit.
726 2689 816 2734 terroe
829 2687 973 2750 plsnitienr
993 2687 1062 2747 iufra
1076 2687 1181 2738 coelum
1194 2690 1267 2754 posi-

134 2752 264 2802 Herodot.
276 2768 339 2818 ρας.
353 2753 411 2806 123.
436 2754 521 2815 Adde,
535 2754 676 2818 quseBre·
727 2758 862 2805 tsmesse.
891 2755 960 2804 Nsm
973 2756 1093 2806 eiusdem
1106 2758 1162 2807 iere
1175 2759 1267 2810 verbis

135 2820 194 2872 dor.
208 2821 327 2885 Specim.
339 2823 486 2888 Ursuolog.
500 2823 601 2874 Herod.
611 2837 673 2887 pag.
726 2823 873 2887 Euripides
882 2825 910 2873 in
925 2825 1027 2886 fabulo,
1042 2842 1122 2891 quem
1132 2827 1206 2891 Sylei
1219 2843 1267 2877 no·

134 2890 185 2940 Xll
206 2906 289 2955 super
312 2890 339 2941 b.
358 2892 376 2941 1.
397 2898 595 2943 commentatus
617 2896 674 2941 est:
726 2893 889 2944 minstilo
905 2892 1048 2943 laudatio
1067 2894 1159 2945 libello
1174 2890 1268 2944 πάντα

135 2960 229 3022 ,llaec
245 2960 331 3010 verbs
343 2961 469 3011 nonillis
489 2961 673 3013 locutionibus
727 2960 887 3010 σπουδαῖον
912 2955 987 3010 εἶναι
1010 2953 1163 3025 ἐλεύθερον
1190 2962 1264 3029 [pag.

134 3029 351 3093 proverbialibus
376 3029 580 3081 sdnumerondu
600 3033 673 3091 sunt,
725 3029 786 3081 537.
799 3031 860 3083 869.
875 3030 942 3093 880,
965 3037 997 3079 ut
1016 3041 1107 3081 monet
1123 3031 1266 3096 Valcken,

134 3114 200 3162 quse
215 3114 249 3148 ex
263 3099 378 3164 antiquo
394 3116 517 3152 sermone
532 3100 607 3164 vulgi
620 3105 675 3149 tru-
725 3101 785 3148 sive
811 3099 871 3150 Vol.
894 3100 934 3150 II.
960 3115 1022 3164 psg.
1045 3100 1106 3151 461.
1147 3101 1209 3152 vid.
1232 3103 1265 3153 A.

133 3168 215 3231 ditas,
228 3171 392 3233 quemquam
401 3171 542 3234 opiniones
554 3173 675 3219 mutatos
725 3168 837 3218 Nauck:
861 3170 988 3233 Tragion.
1001 3169 1114 3220 Graece.
1129 3171 1264 3236 Fregmm.

134 3244 208 3299 sunt,
229 3244 322 3288 tumen
333 3239 427 3289 eodem
440 3255 537 3298 sensu,
552 3254 606 3304 quo
619 3253 674 3289 rne-
724 3252 787 3302 pag.
807 3235 884 3302 453.]
915 3237 1061 3289 Herculem
1083 3239 1152 3290 iecit
1175 3240 1265 3292 diceu-

133 3306 202 3357 iores
216 3307 357 3371 dixerunt,
371 3309 510 3360 dicunturr
529 3311 609 3359 immo
620 3308 673 3358 nisi
724 3312 788 3361 tem.

547 3400 660 3473 πρόσθε
671 3399 724 3473 γὰρ
740 3401 815 3458 κάτω

384 3475 444 3543 Γῆς
454 3472 527 3528 εἶσιν
536 3471 639 3542 ἄστρα,
653 3475 689 3543 γῆ
697 3471 727 3528 d'
739 3470 831 3528 ἄπιτ’
841 3471 881 3535 εἰς
893 3472 1010 3542 αἰθέρα,

386 3545 462 3611 Πρὶν
477 3540 505 3610 ἐξ
516 3538 586 3613 ἐμοῦ
596 3562 640 3597 σοι
652 3540 732 3597 θῶκ’
744 3539 904 3612 ἀπαντῆσαι
914 3541 1012 3611 λόγον,

133 3650 151 3697 i.
167 3666 189 3701 e.
204 3654 281 3715 prius
300 3652 362 3700 enim
386 3653 478 3715 infru
495 3660 588 3703 terrum
607 3651 676 3702 ibunt
726 3651 799 3715 scio,
818 3650 989 3715 comparatio
1003 3650 1137 3701 Herodoti
1148 3655 1176 3702 et
1188 3652 1266 3703 Euri-

132 3728 220 3781 σανα,
244 3728 318 3770 terra
333 3736 434 3772 oerore
451 3722 520 3784 seret
532 3725 557 3772 in
571 3723 673 3785 coelum,
725 3722 767 3771 dis
781 3721 924 3771 recurrit.“
953 3721 1030 3770 Haec
1046 3720 1106 3783 ille,
1126 3737 1159 3772 ex
1171 3723 1265 3779 eedem

133 3805 201 3851 ouon
211 3790 291 3839 deme
302 3790 339 3839 od
350 3798 374 3840 ce
385 3791 480 3841 blondo
489 3794 571 3842 veniat
580 3794 674 3842 oratio.
692 3834 702 3850 ,
723 3796 845 3842 veterum
868 3790 994 3856 opinione
1015 3789 1159 3839 formulam
1175 3791 1267 3843 foede·

132 3857 675 3925 Poiitue,quiposttempusPtolemsoo·
724 3861 763 3910 ris
790 3862 860 3911 inter
877 3861 992 3911 Latinos
1018 3864 1099 3924 utque
1119 3860 1266 3924 Romanos,

132 3943 187 3977 rum
207 3930 394 3993 scripserunt,
423 3944 584 3996 quemquem
602 3931 674 3981 snti-
725 3930 760 3981 ed
784 3931 841 3993 IV,
867 3931 915 3980 201
942 3927 1054 3977 aliatum
1077 3929 1265 3992 explicandum

133 3998 673 4066 quiorssmplectismsnt‚sires,quse
726 4014 919 4050 essemonsns.
952 3997 994 4047 Tu
1008 3996 1064 4046 vid.
1081 3998 1267 4049 nottudHe-

133 4067 186 4117 tieri
207 4083 263 4118 uon
280 4075 411 4133 possunt,
430 4067 551 4121 indicere
569 4071 673 4133 volunt,
725 4069 816 4119 rodot.
826 4070 874 4129 Ν,
889 4067 937 4115 201
954 4069 981 4114 et
993 4066 1072 4143 wll,
1091 4065 1151 4116 143.

134 4145 292 4201 comparant
315 4153 375 4187 cum
394 4138 485 4189 fluviis
503 4141 675 4191 retroceden-
766 4131 930 4199 ἰσοκρατίας
950 4133 1148 4212 καταλυοντες]
1169 4136 1210 4186 De
1231 4137 1266 4188 εἰ.

134 4205 203 4257 tibus
224 4212 273 4258 eut
286 4222 348 4257 cnm
365 4207 473 4272 populis
494 4224 510 4258 s
529 4211 675 4259 contrariis
725 4206 899 4273 gnificetione
909 4203 985 4253 verbi
998 4202 1147 4251 καταλυεισ
1158 4205 1214 4257 rid.
1228 4206 1267 4256 sl·

134 4274 225 4326 finibus
249 4282 339 4327 terroe
362 4278 391 4327 in
412 4280 564 4329 contrarios
587 4284 676 4329 truns—
724 4276 784 4326 lats
798 4276 834 4325 cd
845 4276 878 4339 V,
892 4274 936 4323 72.
960 4273 1034 4323 Voce
1047 4267 1210 4335 ἰσοκρατίας
1222 4292 1266 4327 ea.

136 4345 246 4407 positis,
270 4346 369 4411 Virgil.
391 4345 485 4411 Eclog.
507 4348 532 4409 1,
549 4347 674 4398 59-62.
726 4361 780 4410 qne
803 4345 902 4395 rariori
920 4342 989 4415 bpne
1010 4344 1116 4393 monuit
1133 4342 1265 4400 Valcken.

137 4412 223 4466 Senec.
233 4415 306 4467 Med.
316 4414 368 4468 373
377 4420 427 4466 sut
438 4423 468 4466 nt
477 4416 592 4467 Ovidius
603 4416 675 4482 (luco
725 4414 841 4465 indicari
849 4416 972 4477 populere
983 4415 1117 4478 imperium,
1130 4416 1210 4466 unius
1222 4416 1267 4467 vel

138 4484 329 4552 ruprsslluto).
351 4483 434 4537 Nullo
445 4501 507 4537 roro
520 4485 590 4553 loco,
604 4486 676 4552 quod
726 4500 874 4551 paucorum
890 4482 1041 4536 dominatui
1056 4486 1210 4551 oppositum
1226 4485 1266 4537 in-
