3100 5175
264 393 326 456 746
696 401 963 464 ΗΕΒΟΒΟΤΙ

264 596 345 643 σατο
359 576 471 667 Φρίξῳ
486 571 607 663 μόρον,
627 573 692 645 σύν
707 574 787 646 Ἰνοῖ
805 576 1010 667 βουλεύσας·
1045 580 1220 666 μετέπειτα
1238 581 1276 649 δὲ
1297 575 1343 660 ὥς
1357 582 1396 649 ἐν

264 686 474 764 θεοπροπίου
493 676 615 767 Ἀγαιοὶ
635 693 825 766 προτιθεῖσι
847 697 931 753 τοῖσι
946 686 1078 753 ἐκείνου
1098 680 1295 770 ἀπογόνοισι
1310 681 1393 753 ἀέθ-

265 791 344 863 λους
357 783 519 853 τοιούσδε.
547 778 583 864 ὃς
596 778 639 855 ἂν
652 779 673 876 ᾖ
687 790 748 855 τοῦ
763 790 877 874 γένεος
890 790 1011 857 τούτου
1024 786 1267 876 πρεσβύτατος,
1286 788 1394 881 τούτῳ

265 887 476 971 ἐπιτάξαντες
490 894 650 977 ἔργεσθαι
664 894 726 961 τοῦ
737 900 964 980 πρυτανηΐου,
986 888 1081 962 αὐτοὶ
1095 889 1249 980 φυλακὰς
1265 897 1394 980 ἔχουσι·

263 1134 356 1186 Inonis
369 1133 525 1200 insignitas,
542 1150 589 1186 ess
600 1134 653 1186 huc
665 1138 803 1201 pertinere
854 1140 950 1201 postea
967 1136 996 1185 iu
1016 1135 1134 1186 hominis
1152 1134 1292 1186 mactandi
1304 1133 1393 1186 locum

263 1207 332 1256 sstts
345 1211 463 1256 constat.
486 1206 526 1256 ,4ο
540 1209 635 1270 postea
648 1206 675 1256 iu
689 1207 802 1259 eandem
853 1206 1030 1257 substitutum
1043 1206 1126 1258 tuerit
1138 1204 1298 1256 sacrificium
1309 1206 1396 1271 quod·

262 1291 318 1325 rem
344 1276 545 1340 inquisiverunt
570 1276 641 1326 Baur
670 1276 801 1342 (Tiibing.
852 1277 924 1338 dam,
935 1291 988 1341 quo
999 1277 1046 1342 qni
1057 1276 1166 1342 piaculo
1178 1275 1231 1326 hoc
1243 1276 1393 1326 obstrictus

262 1345 423 1397 zeitschrift
435 1345 454 1397 i.
468 1343 600 1410 Theolog.
616 1346 691 1397 1882.
703 1347 725 1396 Ι.
738 1362 802 1412 pag.
852 1346 1008 1411 putabatur,
1022 1348 1154 1396 maximus
1166 1349 1255 1397 uatus
1270 1351 1350 1410 gente
1361 1360 1393 1397 se

262 1415 319 1478 81),
332 1415 489 1466 Baenruiein
500 1416 670 1475 (Zeitschrist
681 1416 699 1466 t‘.
713 1416 802 1467 Alter·
851 1415 978 1467 solveret.
1001 1416 1062 1467 Hoc
1074 1432 1138 1467 vero
1152 1416 1315 1468 sacrificium
1333 1416 1393 1467 Iovi

262 1485 427 1536 thnrnswiss.
448 1484 520 1538 1839.
535 1499 575 1533 nr.
591 1487 640 1537 148
653 1485 733 1553 seq),
747 1488 802 1537 La
850 1486 1002 1552 Laphystio
1021 1485 1141 1536 oblatum
1163 1501 1223 1537 esse
1243 1485 1316 1535 haud
1342 1487 1392 1536 mi-

262 1554 340 1607 auulx
356 1554 522 1622 (Cisseische
535 1554 613 1607 Stud.
626 1556 673 1606 des
682 1556 798 1606 Alterth.
851 1572 924 1607 rum:
944 1556 988 1607 hic
1006 1557 1077 1606 euim
1097 1556 1163 1606 deus
1183 1555 1254 1606 ultor
1270 1556 1394 1606 criminis

261 1641 324 1691 pag.
342 1628 393 1677 256
412 1623 497 1691 seq),
516 1626 624 1676 Emeric
637 1626 727 1675 David
745 1627 801 1691 (Ιο-
851 1626 914 1677 olim
935 1626 1072 1677 commissi
1092 1626 1245 1692 placandus
1266 1631 1326 1677 erat
1348 1641 1394 1676 sa·

262 1695 798 1762 piterlI.p.bbt)scq.),PrellerrGriech.
850 1697 917 1757 cris,
951 1695 1049 1762 quibua
1073 1699 1209 1761 propitius
1234 1696 1394 1747 redderetur

260 1765 411 1831 Mythoiog.
427 1767 465 1816 11.
484 1782 510 1830 p.
522 1765 573 1816 209
584 1781 640 1831 seq.
659 1765 720 1816 coil.
731 1766 799 1816 Ger·
848 1768 924 1830 genti
935 1770 1125 1831 everteretque
1131 1767 1221 1817 omnis
1232 1765 1393 1832 mals,quae

260 1835 337 1886 hard.
351 1834 458 1886 Griech.
470 1835 621 1901 Mytholog.
636 1836 757 1898 §.192st
770 1840 798 1886 et
849 1835 917 1887 illud
932 1837 1034 1887 crimen
1047 1843 1233 1902 sequerentur.

261 1909 284 1970 8.
300 1906 362 1969 683,
374 1906 406 1967 8,
421 1905 487 1969 aiii,
507 1921 575 1970 quos
593 1920 684 1955 omnes
700 1904 745 1955 hic
756 1907 797 1956 ai·
883 1899 1078 1970 ἐμηχανήσατο
1099 1902 1194 1975 Φρίξῳ
1212 1898 1320 1972 μόρον,
1338 1902 1392 1955 σὺν

259 1976 330 2026 ferre
341 1976 387 2027 vix
400 1976 475 2029 licet.
498 1976 563 2037 Nos,
582 1990 652 2041 quae
664 1974 699 2025 sd
710 1976 796 2025 Hero·
844 1970 918 2026 Ἰνοῖ
930 1966 1094 2043 βουλεύσας]
1111 1977 1129 2027 i.
1142 1993 1167 2028 e.
1184 1975 1342 2027 nominatus
1354 1985 1394 2027 est

259 2045 316 2096 doti
329 2047 412 2097 rerba
425 2044 587 2095 iliustrsnda
596 2045 744 2110 pertinent,
754 2046 800 2096 sd·
848 2054 949 2097 mortem
968 2045 1087 2111 Phryxi,
1109 2049 1220 2099 conscidit
1237 2062 1292 2096 caat
1310 2047 1392 2097 Iaoae

258 2115 415 2167 notabimus
424 2130 525 2180 pauca:
536 2131 609 2182 ,quae
622 2116 692 2166 enim
699 2115 800 2168 Noster
849 2115 944 2180 (uxore
962 2115 1063 2177 altera)
1079 2118 1157 2167 initis.
1199 2118 1302 2171 Μίεοτ.
1319 2117 1392 2183 quod

258 2185 284 2239 h.
298 2186 317 2236 1.
334 2184 446 2250 profert,
462 2188 603 2236 continent
620 2185 738 2252 vestigia
755 2200 799 2238 aa·
848 2187 968 2252 Longius
978 2185 1246 2238 haecvernacuiesic
1257 2185 1392 2237 reddidit:

258 2270 365 2307 crorum
392 2254 584 2318 humanorum,
609 2271 679 2321 qnae
703 2271 797 2321 proce·
848 2257 919 2320 „wie
935 2256 1083 2318 Athamas,
1103 2259 1147 2307 mit
1166 2257 1249 2321 Bilise
1268 2257 1317 2307 der
1336 2256 1394 2317 Ιτιο,

258 2325 338 2376 dente
355 2330 477 2390 tempore
492 2325 620 2390 mitigata
634 2340 667 2376 ac
682 2324 798 2392 deniqne
849 2328 896 2378 dea
915 2327 1037 2392 ΡΙιτγποτ
1056 2342 1109 2377 απτ
1133 2326 1220 2377 Lebcs
1237 2326 1392 2391 petracii.“

257 2395 392 2460 abrogata
403 2394 547 2457 videntur,
563 2394 625 2444 aliis
644 2395 731 2445 sacris
750 2411 795 2447 eo·
847 2396 936 2448 Verbo
954 2386 1150 2463 ἐμηχανήσατο
1166 2398 1274 2447 molitum
1298 2413 1323 2448 a.
1341 2413 1394 2447 aa·

256 2481 315 2515 rurn
326 2466 353 2515 in
364 2465 452 2516 locum
465 2465 610 2515 institutis.
639 2464 718 2515 Haec
731 2481 796 2516 vero
847 2467 969 2517 minatum
992 2482 1047 2518 esse
1068 2467 1178 2517 caedem
1198 2456 1391 2518 Athamantem

256 2536 317 2602 ipse
330 2549 408 2585 sucre
422 2533 541 2584 humana
563 2539 689 2599 spectare
703 2535 797 2588 viden·
849 2552 936 2603 neque
951 2552 1016 2586 vero
1031 2537 1179 2603 perfecisse
1197 2536 1271 2586 iilam
1290 2537 1391 2590 Noster

255 2612 300 2657 tur
311 2605 346 2657 ad
359 2608 460 2656 crimen
477 2605 666 2670 grusismmuru
680 2606 707 2656 in
717 2608 797 2674 'regis
848 2608 979 2670 declaret,
994 2607 1149 2673 siquidem,
1166 2613 1196 2657 ut
1210 2606 1308 2658 subula
1327 2610 1389 2672 fen,

256 2676 797 2741 domoolimcommissumindequegrsvi
846 2678 984 2744 Phryxus,
1004 2685 1092 2728 matre
1112 2678 1315 2738 intercedente,
1338 2695 1393 2729 ser-

255 2745 796 2813 poenaudeoquernorteluendum.Ete-
847 2755 928 2799 vatus
947 2750 974 2797 iu
994 2749 1077 2798 Aeum
1099 2747 1273 2799 delatuaest.
1307 2748 1391 2799 Haud

254 2818 309 2867 nitu
325 2815 472 2878 Athamas,
487 2816 639 2882 Minyarum
653 2831 715 2879 rex,
734 2833 794 2867 cum
847 2820 930 2869 aliter
940 2815 1123 2882 μηχανᾶσθαι
1135 2818 1208 2883 apud
1220 2820 1352 2869 Nostrum
1366 2818 1391 2876 I,

256 2889 350 2950 Inone,
365 2886 454 2936 altera
465 2901 558 2948 uxore,
573 2885 683 2936 caedem
693 2886 795 2936 muchi-
849 2887 907 2939 123.
920 2888 968 2950 81,
980 2887 1024 2937 46.
1038 2887 1149 2939 88121.
1161 2884 1293 2948 811,172.
1310 2889 1390 2950 8111,

233 2980 236 2986 ’
256 2963 336 3007 natus
353 2956 462 3021 Phryne
482 2955 538 3006 tilio
557 2957 682 3021 aprione
710 2949 795 3007 uxore
845 2960 870 3008 7.
887 2958 945 3020 106,
961 2972 1016 3023 qus
1034 2958 1128 3008 eadem
1142 2958 1175 3006 vi·
1183 2962 1212 3007 et
1230 2958 1390 3023 plerumque

254 3025 792 3091 suscepto,sedfeliciterservatoscae·
845 3027 877 3077 de
902 3026 995 3090 malis,
1020 3043 1089 3094 quae
1113 3028 1173 3093 quis
1201 3027 1389 3090 machinetur,

253 3098 287 3148 de
304 3102 331 3146 et
350 3098 379 3146 in
394 3098 478 3146 Aeam
494 3095 600 3159 deluto,
616 3095 667 3147 hoo
684 3096 792 3147 fucinus
843 3099 899 3147 iam
909 3097 1042 3148 Homerus
1055 3097 1167 3148 verbum
1181 3096 1232 3147 hoc
1244 3097 1388 3148 adhibuit:

253 3181 312 3218 cnm
329 3171 415 3217 morte
433 3165 508 3217 luere
524 3166 647 3225 deberet,
667 3171 793 3218 servatur
843 3166 939 3231 Odyss.
952 3167 999 3224 18,
1014 3169 1074 3218 822.
1091 3167 1164 3228 1181,
1178 3167 1237 3218 734.
1253 3168 1314 3231 XX,
1329 3168 1388 3219 176.

252 3237 359 3303 quidem
375 3242 403 3287 et
416 3235 487 3301 ipse,
503 3236 599 3286 nuntio
618 3234 791 3299 adveniente,
841 3236 936 3299 XVII,
949 3233 1009 3287 tet.
1024 3236 1065 3287 Iti.
1081 3237 1130 3300 XI,
1144 3236 1205 3288 695.
1220 3230 1311 3300 μόρον
1326 3238 1390 3289 No.

252 3309 300 3372 qui
311 3305 447 3371 Phryxum
460 3305 564 3356 salvum
577 3320 637 3358 esse
648 3311 732 3370 atque
745 3306 791 3355 sd·
842 3310 899 3356 ster
916 3305 1036 3357 eiusdem
1049 3307 1160 3357 Homeri
1178 3322 1253 3358 more
1271 3307 1388 3372 loquens

250 3377 304 3427 hnc
322 3377 496 3440 superstitem
515 3375 651 3427 declarat:
669 3375 716 3426 sed
733 3377 791 3441 pia·
841 3382 924 3428 vocat
943 3384 1045 3427 nortem
1057 3391 1080 3430 s.
1097 3377 1211 3436 caedem
1233 3377 1269 3427 ci.
1284 3377 1386 3443 Odyss.

251 3446 340 3497 culum
355 3460 438 3510 grave
450 3444 570 3496 inhaesit
585 3447 676 3508 regiae
689 3445 790 3510 domui,
841 3446 891 3507 IX,
901 3446 944 3496 61.
961 3446 1009 3508 XI,
1019 3446 1078 3498 409.
1091 3446 1235 3508 Χ81,421.
1248 3447 1310 3507 XX,
1323 3449 1385 3509 240,

250 3515 294 3568 vei
307 3513 605 3580 posterishthamsutis
616 3516 744 3566 luendum
757 3531 791 3565 ea
842 3531 876 3566 ne
889 3515 976 3582 plurs.
1005 3516 1046 3567 Ad
1060 3516 1148 3581 ipsam
1168 3532 1223 3566 rem
1236 3519 1384 3582 pertinent,

250 3585 369 3650 exlege,
391 3599 494 3649 exque
513 3591 655 3650 parentum
675 3591 792 3649 peccata
843 3586 1045 3651 quaeleguntur
1058 3586 1130 3652 apud
1137 3585 1295 3652 Apollodor.
1309 3586 1383 3638 Bibl.

248 3657 297 3707 filii
311 3655 386 3707 luere
405 3655 505 3706 debent
524 3654 573 3718 (ci.
592 3655 646 3715 VI,
663 3656 705 3705 86.
725 3655 788 3719 811,
841 3655 903 3716 1,t,
919 3657 941 3705 1.

250 3726 301 3777 134
310 3726 402 3790 ibique
413 3725 587 3792 nott.).,Hoc
599 3726 685 3790 igitur
695 3726 790 3791 piacu-
874 3723 1020 3802 perintime
1030 3717 1073 3806 di]
1088 3724 1160 3775 Male
1170 3725 1334 3777 Scheeierus
1344 3743 1386 3777 re·

248 3795 303 3846 ium
316 3795 451 3860 quomodo
465 3793 591 3845 luendum
605 3800 692 3854 esset,
710 3796 789 3847 deum
840 3795 924 3846 tinuit
945 3807 1014 3857 μετα
1037 3791 1077 3842 de.
1102 3823 1135 3833 -
1159 3795 1238 3857 Quod
1261 3798 1384 3861 seqnitur

248 3867 385 3918 sciscitati
403 3864 551 3916 instituunt
564 3856 687 3922 ἀέθλους
698 3870 790 3930 poste·
840 3853 1164 3934 nnottttvatdtetovs,
1182 3866 1257 3916 vaiet
1270 3869 1382 3924 lehem,

249 3936 286 3986 ris
305 3937 396 4000 gentis
413 3935 506 4000 regine
525 3934 577 3987 hoc
598 3935 657 4000 ipso
679 3935 789 3999 piaculo
840 3937 977 3986 certamino
996 3933 1115 3985 mulctae
1136 3951 1159 3984 s.
1179 3951 1284 3999 poenae
1303 3939 1384 4002 quasi

248 4006 389 4057 obstrictis
405 4007 563 4070 impositos:
588 4005 725 4071 inquibus
737 4006 789 4057 hoc
839 4005 1045 4068 locoimponere.
1070 4004 1218 4067 cf.1,1·2o.
1233 4006 1282 4070 IV,
1299 4006 1384 4057 10.-

250 4078 344 4144 utiqne
357 4076 487 4138 advertit,
502 4077 573 4141 quod
586 4078 790 4127 neminemnam
840 4075 873 4125 in
892 4090 968 4140 seqq.
988 4080 1051 4139 post
1074 4075 1159 4127 verba
1181 4064 1212 4131 ὃς
1229 4064 1267 4123 ἄν
1290 4076 1383 4127 Nabar

250 4147 339 4197 offerri
356 4148 488 4208 videmus,
502 4146 548 4211 qui
560 4144 695 4212 piaculum
712 4146 739 4196 in
758 4160 788 4196 se
839 4145 1020 4210 (Mnemosyn.
1037 4145 1089 4196 111.
1108 4161 1134 4211 p.
1146 4144 1210 4210 482)
1224 4147 1310 4197 inseri
1322 4146 1382 4196 vult

248 4217 366 4281 suscipit
401 4219 541 4281 morteque
565 4215 665 4267 solvit:
701 4231 789 4282 neque
838 4211 898 4264 αἰεί
903 4233 910 4266 =
932 4231 984 4282 quo
998 4215 1064 4265 mihi
1079 4214 1152 4265 hand
1174 4230 1241 4281 opus
1255 4216 1378 4267 videtur:

247 4301 312 4338 vero
325 4302 410 4352 usque
422 4301 530 4351 quaque
542 4290 654 4336 mortem
671 4285 736 4336 huie
753 4287 789 4336 ir·
838 4299 901 4336 mox
914 4278 1006 4348 τούτῳ
1022 4275 1203 4345 ἐπιτάξαντες
1216 4301 1231 4335 e
1244 4286 1380 4338 Florenti·

247 4358 348 4419 rogari,
369 4355 488 4407 sedtum
504 4356 609 4406 demum
618 4356 746 4418 ,quando
760 4356 789 4405 in
838 4371 874 4406 no
886 4356 1054 4420 caeterisque
1060 4354 1317 4407 coddeahibnimus
1330 4371 1379 4421 pro

247 4426 351 4475 curiam
372 4426 511 4490 ingressus
524 4424 588 4478 inde
601 4426 689 4477 redire
703 4425 788 4486 velit3
838 4424 915 4490 vulg.
928 4418 1042 4488 τούτου,
1056 4440 1136 4490 quam
1142 4423 1306 4477 Valckenar.
1322 4442 1380 4478 mu·

248 4509 337 4560 neque
357 4493 467 4546 dubium
483 4494 571 4547 videri
588 4496 703 4563 poterit,
723 4497 789 4562 quin
840 4494 1031 4547 tarivoiuerat
1045 4492 1198 4549 ἱοτοῦτον,
