3100 5175
451 385 820 452 TERPSIOHORE.
843 389 882 451 V.
905 399 948 455 3³.
968 398 1010 455 et.
1257 390 1298 453 55

158 559 399 653 Ἀρισταγόρης.
421 559 439 632 ὁ
458 563 683 653 sinopensis
697 563 860 649 τούτοισι,
875 557 919 643 ὥς
933 561 993 648 υύξ
1009 566 1157 651 ἐγένετο,
1172 572 1298 656 ἔπεμπε

160 671 194 749 ἐς
210 667 327 752 Νάξον
347 675 454 761 πλοίῳ
471 665 598 755 ἄνδρας
624 668 813 758 φράσοντας
835 685 921 738 τοῖσι
939 673 1095 751 Ναξίοισι
1122 668 1229 738 πάντα
1256 666 1296 738 τά
1394 664 1399 674 ’

159 772 325 861 παρεόντα
339 793 400 860 σφι
415 772 599 862 πρήγματα.
616 779 661 843 Oi
671 771 735 862 γὰρ
744 763 794 841 τόν
801 770 923 856 Νάξιοι
934 769 1036 842 οὐδὲν
1049 771 1181 853 πάντας
1190 793 1291 860 προσ·
1303 776 1343 837 34

158 880 313 946 εδίκοντο
334 877 391 946 ἐπὶ
410 879 515 964 σφέας
535 874 594 945 τὸν
612 877 732 946 στόλου
750 881 871 946 τοῦτον
889 873 1105 966 ὁρμήσεσθαι.
1142 879 1215 945 ἐπεὶ
1234 880 1296 966 μέν

158 1009 207 1050 τοι
220 980 412 1065 ἐπύθοντο,
437 976 557 1051 αὐτίκα
570 981 632 1068 μὲν
649 984 864 1069 ἐσηνείκαντο
884 979 924 1048 τά
942 984 979 1050 ἐκ
998 984 1066 1048 τῶν
1086 978 1199 1069 ἄγριόν
1213 985 1246 1062 ἐς
1260 980 1297 1051 τό

157 1101 281 1173 τεῖχος,
301 1084 596 1170 παρεσκευάσαντο
619 1085 655 1155 ot
676 1079 720 1164 ὡς
740 1082 1053 1172 πολιορκησόμενοι,
1074 1087 1131 1155 καὶ
1151 1102 1226 1154 σῖτα
1240 1087 1296 1155 καὶ

158 1187 242 1258 ποτά
256 1190 313 1257 καί
327 1186 364 1257 τὸ
379 1203 485 1275 τεῖχος
503 1188 670 1272 ἐσάξαντο.
703 1191 771 1258 Καὶ
785 1178 877 1258 οὗτοι
890 1188 952 1276 μὲν
966 1188 1237 1276 παρεσκευάδατο
1252 1185 1296 1269 ὡς

157 1398 220 1441 nent.
259 1389 332 1439 Nam
349 1380 440 1437 πολλὰ
461 1382 595 1451 πράττειν
616 1388 648 1439 de
671 1405 703 1440 eo
755 1403 835 1438 versa
854 1387 975 1450 Veliam,
1004 1389 1117 1439 Portum
1139 1387 1295 1455 similesque

157 1460 211 1511 diei
227 1459 372 1520 novimus,
396 1459 443 1524 qui
463 1458 534 1510 msle
555 1463 597 1508 est
614 1459 703 1508 curio·
753 1457 875 1508 haesisse
885 1459 1053 1517 literatores3
1068 1458 1113 1508 ille
1123 1474 1245 1507 metrorum
1254 1474 1295 1507 re·

156 1546 210 1591 sus,
220 1529 304 1580 nimis
313 1527 434 1590 sedulus,
447 1534 475 1578 st
486 1543 556 1594 quae
567 1527 601 1577 ad
612 1529 701 1594 ipsum
749 1529 894 1590 sectionem,
917 1543 997 1594 quam
1017 1522 1169 1589 ἐπισκευὴν
1184 1532 1294 1589 vocent,

156 1601 266 1649 minime
285 1595 438 1662 pertinent,
460 1598 494 1648 ad
513 1615 542 1650 se
557 1614 701 1662 revocans,
753 1597 902 1661 significari
924 1597 1050 1648 eredidit.
1088 1598 1187 1647 Portus
1207 1596 1292 1646 reddi·

156 1664 371 1731 πολυπράγμων
381 1669 426 1732 qui
437 1666 517 1732 vulgo
528 1668 637 1719 dieitur.
657 1669 701 1718 In·
750 1667 791 1716 dit
812 1683 896 1717 muros
913 1670 1069 1717 muniverunt
1089 1666 1238 1731 retulitque
1259 1664 1295 1715 ad

156 1739 187 1790 de
196 1738 453 1800 πολυπραγμονεῖν
464 1753 547 1803 snpra
558 1738 610 1799 111,
619 1739 651 1790 15
660 1738 700 1787 iu·

155 1810 273 1860 venitur.
304 1808 377 1872 Apte
388 1806 541 1858 Laroherus
556 1808 627 1858 eitat
640 1809 700 1857 Ari-

156 1878 241 1942 stoph.
259 1877 333 1929 Rau.
350 1876 402 1927 230
420 1877 486 1942 ibiq.
507 1878 633 1940 interprr.
648 1879 699 1928 749

157 1949 237 2014 (751).
284 1946 354 1996 ndo.
379 1948 446 1999 Pae.
473 1947 548 2000 1058.
572 1948 697 2014 Euripid.

155 2016 301 2085 Hippolyt.
319 2016 380 2068 785.

324 2188 390 2240 Car.
407 2187 532 2241 XXXIV.

196 2287 396 2360 ἐσηνείκαντο]
427 2291 499 2356 „Ex
522 2294 593 2357 αμιτί
618 2295 700 2342 omitia

153 2371 374 2430 comportaverant
394 2362 420 2411 in
433 2362 533 2426 urbem,
555 2377 623 2428 quae
640 2362 699 2426 qui-

153 2436 209 2486 dem
229 2439 329 2487 essent
347 2433 471 2490 mobilia;
491 2448 540 2496 pro
558 2448 632 2481 more
654 2431 700 2480 de·

153 2508 278 2570 gentium
302 2505 331 2553 in
354 2502 510 2552 istiusmodi
531 2502 698 2566 regionibus,

153 2577 294 2642 inquibus
307 2589 365 2624 uua
376 2573 538 2639 praesertim
555 2572 620 2622 urbs
638 2575 699 2621 tan-

153 2652 207 2697 tum
218 2652 296 2698 esset
311 2658 389 2693 muro
401 2642 515 2693 munita.
545 2643 587 2691 lle
603 2642 700 2692 Naxiis

154 2716 339 2783 locupletibus
370 2713 468 2764 soribit
496 2710 636 2763 Aristotel.
670 2711 699 2760 in

153 2789 216 2851 Rep.
238 2784 395 2836 Naxiorum
414 2781 488 2846 apud
506 2780 604 2833 Athen.
619 2781 697 2831 Vlll.

154 2874 178 2922 p.
193 2856 286 2907 3481.
308 2851 346 2918 [p.
361 2854 409 2904 lll
421 2853 557 2916 Fragmm.
572 2851 614 2901 ed.
626 2852 698 2900 Neu·

153 2924 250 2992 mann}
277 2923 387 2975 Eadem
400 2923 473 2972 ratio
487 2922 539 2970 luit
552 2921 579 2970 in
591 2921 697 2979 Attica3

152 2997 260 3062 saepius
273 2996 373 3056 itaque
384 2990 524 3058 leguntur,
540 2992 568 3040 in
583 2990 698 3039 historia

152 3081 256 3132 quoque
269 3063 431 3122 recentiori,
446 3066 567 3125 tempore
580 3058 700 3123 Philippi

151 3142 176 3187 et
184 3132 339 3187 Alexandri
349 3130 538 3195 (Demosthen.
550 3146 576 3194 p.
585 3130 642 3191 140,
650 3130 698 3183 os:

151 3206 261 3256 Diodor.
276 3205 339 3255 Sic.
354 3198 497 3265 1111114.)
512 3199 602 3249 omnia
615 3197 699 3248 rnobi-

151 3275 189 3327 lia
204 3290 219 3326 o
238 3274 326 3341 pagis
339 3271 461 3322 Athones
476 3270 564 3320 Attici
577 3284 699 3333 compor-

151 3352 237 3405 usse,
268 3342 408 3406 imprimis
435 3339 506 3391 bello
533 3338 700 3403 Peloponne-

151 3417 235 3467 siaeo:
246 3416 364 3480 praeter
370 3409 492 3475 Thucyd.
502 3410 582 3459 testis
592 3413 634 3459 est
641 3408 701 3457 Ari·

151 3484 239 3551 steph.
252 3486 329 3548 qu.
344 3480 396 3531 788
410 3480 506 3531 ersus.
522 3478 640 3531 Acheru.
655 3479 698 3528 72.

751 1728 871 1785 τάττειν.
905 1738 1004 1786 Verum
1018 1737 1164 1797 vidissent,
1184 1737 1208 1786 si
1222 1735 1294 1785 simi-

750 1806 790 1855 lia
810 1811 1015 1870 comparassent
1032 1805 1165 1855 Herodoti
1184 1806 1211 1866 l,
1230 1806 1293 1856 ltu:

750 1875 897 1940 Babylonii
910 1866 1120 1941 κατειλήθησαν
1131 1865 1158 1931 ἐς
1170 1869 1201 1924 τό
1213 1864 1294 1933 ἄστυ,

750 1947 777 1995 iu
792 1946 885 1997 urbem
899 1951 1005 2006 autem,
1027 1946 1169 1994 obsidione
1185 1944 1294 2008 praevi·

750 2032 797 2075 su,
815 2010 1011 2078 προεσάξαντο
1025 2011 1098 2062 σιτία
1110 2005 1193 2062 ἐτέων
1204 2003 1294 2076 κάρτα
1316 2029 1324 2038 ·

749 2082 873 2147 πολλῶν,
883 2086 932 2133 inm
941 2093 1000 2134 αιιίε
1009 2091 1225 2146 comportaverunt
1232 2097 1294 2145 per-

750 2156 878 2204 multorum
893 2169 1013 2204 αιιιιοιιατ
1033 2162 1194 2214 commeatum
1213 2152 1293 2214 VllI,

750 2226 802 2276 20:
827 2217 892 2273 οὔτε
907 2213 1105 2287 ἐξεκομίσαντο
1126 2213 1213 2271 οὐδὲν
1226 2211 1293 2269 οὔτε

752 2288 956 2358 προεσάξαντο.
994 2295 1055 2343 Non
1075 2292 1158 2342 facile
1175 2291 1293 2355 reperie-

751 2369 804 2423 tur,
812 2364 858 2429 qui
869 2362 1153 2428 praeterHerodotum
1164 2360 1293 2410 adhibue-

750 2435 787 2484 rit
798 2424 939 2494 άξασθαι,
952 2424 1125 2494 leugarum,
1137 2421 1292 2492 προεσάξα-

751 2502 829 2552 σθαι.
856 2503 932 2565 Quae
944 2503 1027 2552 hebet
1037 2488 1121 2566 ἦκται
1131 2506 1159 2551 et
1170 2493 1291 2565 ἐσῆκται,

751 2573 799 2623 illa
814 2574 988 2638 reperiuntur
1004 2577 1030 2622 et
1041 2571 1113 2637 apud
1128 2570 1198 2620 alios
1212 2570 1293 2620 istius

750 2646 833 2694 etiam
847 2644 958 2695 aetatis.
985 2643 1044 2691 Iam
1060 2655 1125 2691 vero
1138 2634 1185 2689 καὶ
1200 2642 1293 2703 τεῖχος

751 2715 786 2763 ab
797 2714 923 2776 imperito
942 2712 1060 2776 positum
1075 2711 1199 2776 suspicor
1217 2715 1245 2759 et
1256 2708 1291 2757 ab

750 2781 892 2833 Herodoto
912 2783 1058 2845 seriptum,
1079 2783 1115 2829 αεί
1129 2781 1292 2844 ομμαμααιίο-

750 2870 803 2901 nem
822 2860 904 2901 autem
929 2852 1085 2901 tolerandum
1106 2866 1162 2898 sese
1183 2863 1293 2911 parave-

749 2930 823 2980 ταιιι,
845 2915 894 2969 καλ
907 2922 981 2968 σιτία
993 2915 1042 2965 καὶ
1059 2909 1131 2965 ποτά
1148 2909 1184 2965 τὸ
1198 2918 1290 2979 τεῖχος

750 2982 897 3050 ἐσάξαντο,
906 2988 934 3037 id
944 2993 986 3038 est
994 2979 1022 3044 ἐς
1031 2979 1062 3035 τὸ
1073 2989 1165 3050 τεῖχος
1175 2979 1293 3049 η’ξαντο,

751 3070 777 3111 τί
797 3063 926 3109 esculenta
940 3060 1120 3123 petulcumque
1141 3062 1294 3104 curaverant

750 3134 821 3181 intra
842 3130 927 3178 urbem
944 3126 1105 3192 ιἰιιμοτ·ίατι’.“
1135 3128 1162 3176 V
1164 3127 1197 3173 al
1203 3124 1291 3176 cleon.

750 3200 819 3250 Inde
836 3199 934 3264 Negris
964 3196 1077 3261 scripsit
1099 3185 1127 3251 le
1146 3187 1178 3243 τὸ
1201 3195 1293 3257 τεῖχος

750 3261 886 3328 ἐσάξαντο
900 3268 981 3332 idque
996 3266 1120 3330 exponit:
1140 3259 1180 3321 τίς
1195 3254 1226 3312 τό
1238 3263 1293 3311 τεῖ-

751 3353 801 3402 χος
816 3330 938 3402 ἤγαγον,
958 3330 1082 3402 ἔμβασαν
1099 3326 1139 3390 τίς
1155 3327 1187 3383 τὸ
1203 3324 1294 3396 φρού-

751 3423 825 3469 ριον.
851 3408 944 3459 Seeuti
956 3416 1018 3457 eunt
1030 3405 1250 3469 Schweighaeus.
1265 3407 1293 3453 et

751 3477 856 3536 Gaisi,
877 3477 954 3528 libris
971 3476 1080 3540 scriptis
1098 3474 1221 3525 obeditis
1237 3488 1293 3522 ms—

150 3557 214 3606 Pao.
234 3554 309 3614 631,
330 3549 453 3602 ubivis.
472 3547 589 3602 Sohol.“
618 3549 647 3598 V
649 3549 699 3597 el·
750 3548 823 3598 xime
842 3546 1051 3607 fluctuantibus,
1079 3560 1192 3608 qnorum
1214 3544 1293 3608 pleri-

152 3627 237 3677 αλια.
266 3624 327 3673 Pro
344 3619 422 3680 vulp.
442 3609 617 3668 ἐσενείκαντο
639 3632 700 3668 oum
752 3633 805 3683 que
820 3614 867 3666 καὶ
879 3610 910 3666 τό
924 3618 1017 3680 τεῖχος
1031 3614 1170 3676 exhibent,
1184 3614 1235 3664 ulii
1245 3608 1293 3661 καὶ

152 3694 289 3746 ssredorio
309 3708 338 3756 p.
359 3690 411 3741 299
430 3690 559 3740 revocavi
580 3687 700 3738 etribua
750 3688 858 3751 τεῖχος,
884 3702 954 3754 quae
976 3688 1038 3750 ipse
1057 3683 1213 3734 adulterina
1232 3699 1293 3732 curn

151 3764 227 3814 codd.
251 3752 460 3826 ἐσηνείκαντο,
485 3758 558 3823 quod
580 3759 663 3808 etiarn
684 3772 701 3806 a
750 3757 893 3808 habuisset
904 3755 1114 3819 Wesselingins,
1133 3755 1211 3803 uncis
1230 3752 1293 3801 inde

151 3833 309 3885 Matthiaeo
323 3833 462 3892 receptum
479 3828 576 3889 video,
596 3828 701 3877 eitunte
752 3827 921 3877 incluserunt
933 3825 1096 3875 Schaeierus
1109 3828 1137 3872 et
1148 3822 1294 3882 Matthias,

151 3903 269 3969 Apetzio
282 3904 319 3961 V,
329 3900 379 3973 ⁸33.
392 3899 416 3960 1,
431 3898 471 3948 19.
487 3900 529 3949 57.
543 3898 585 3949 73.
599 3899 643 3948 74.
657 3896 699 3950 81.
753 3899 800 3962 qui
812 3898 884 3947 idem
897 3896 965 3945 haec
983 3894 1092 3944 exhibet
1105 3895 1133 3942 iu
1146 3894 1192 3944 Gr.
1207 3893 1251 3943 Gr·
1268 3894 1293 3953 ξ.

150 3959 701 4033 81.--Αι1ονιλὲυπάντας,ηιιο(1εοτε-
752 3968 812 4018 426.
832 3982 897 4032 pag.
915 3966 981 4027 786,
1007 3964 1040 4014 ob
1058 3962 1211 4012 accusativi
1224 3966 1294 4010 stru·

150 4043 239 4101 cedit,
263 4038 342 4093 coni.
360 4041 402 4100 V,
418 4038 452 4090 65
472 4038 562 4103 ibique
579 4041 650 4088 nott.
667 4063 701 4074 -·
752 4042 869 4087 eturam.
893 4037 1010 4097 Hoeger.
1022 4033 1051 4080 in
1066 4033 1138 4080 Aett.
1158 4029 1224 4093 phil.
1236 4031 1293 4078 Mo·

152 4113 183 4162 Iu
197 4129 266 4178 seqq
286 4099 547 4171 πολιορκησόμενοι
560 4109 701 4173 passivam
753 4121 830 4156 naec.
845 4106 877 4154 T.
891 4103 944 4153 111.
959 4117 984 4166 p.
997 4098 1137 4150 lus-494
1153 4101 1193 4148 ita
1212 4097 1294 4148 soribi

151 4182 234 4232 habet
251 4183 329 4244 rim,
352 4179 386 4230 de
404 4194 458 4244 qna
478 4176 550 4228 conf.
574 4182 643 4228 nott.
666 4176 701 4226 ad
752 4174 825 4225 vult:
843 4169 890 4222 nul
900 4165 932 4219 τὸ
942 4172 1035 4233 τεῖχος
1048 4160 1222 4231 ἐφράξαντος
1240 4184 1293 4233 quo

151 4254 189 4314 V,
203 4252 248 4303 35.
753 4240 1294 4296 eodemverboNostrumusumessemo-

185 4317 234 4370 καὶ
250 4321 319 4370 σῖτα
335 4312 383 4366 καλ
404 4306 478 4365 ποτά
495 4311 544 4365 καλ
562 4306 593 4365 τό
610 4316 704 4379 τεῖχος
753 4319 800 4365 net
811 4314 860 4375 IX,
873 4310 915 4362 70.
928 4311 1005 4372 Vlll,
1016 4310 1058 4360 51.
1070 4309 1211 4361 Plutarch.
1223 4308 1293 4361 Sert.

152 4379 307 4454 ἐσάξαντο]
341 4389 427 4451 „Non
452 4387 535 4436 miror
560 4385 589 4435 in
615 4385 702 4435 forma
753 4386 797 4435 ⁴21.
816 4385 894 4435 Brut.
912 4379 954 4431 20.
976 4380 1036 4431 eat.
1053 4381 1117 4430 mei.
1132 4380 1172 4430 13.
1210 4378 1294 4443 Equi·
1367 4397 1372 4407 ·

152 4460 231 4513 serbi
260 4456 453 4526 grammaticis
482 4455 555 4507 baud
581 4454 703 4506 animad-
754 4455 815 4506 elem
836 4468 889 4521 quo
907 4451 995 4502 minus
1013 4448 1195 4502 Valckenario
1216 4462 1295 4499 aece-
