3100 5175
275 444 334 512 1⁸26
706 448 969 513 HERODO'PI

273 629 333 695 τοῦ
346 629 471 714 φυλῆς·
494 624 598 714 ταύτῃ
620 626 656 695 δὲ
678 623 714 694 τὸ
735 623 863 715 οὕνομα
884 622 949 695 ἀπὸ
973 630 1029 714 τῆς
1045 629 1171 696 ἑωυτοῦ
1185 619 1286 714 ἀρχῆς
1300 633 1408 696 ἔθετο.

272 720 365 799 οὗτοι
384 731 446 818 μὲν
468 727 509 817 δέχ
526 727 691 819 Ἀρχέλαοι
712 733 905 820 ἐκαλέοντο,
927 734 1033 818 ἕτεροι
1055 730 1091 798 δὲ
1104 725 1233 816 ‘Tritum
1254 728 1349 798 ἄλλοι
1371 729 1409 797 δὲ

270 830 436 920 Ὀνεᾶται,
463 836 569 922 ἕτεροι
591 834 627 901 δὲ
642 839 829 923 Χοιρεᾶται.
874 834 1025 904 Τούτοισι
1047 848 1132 902 τοῖσι
1156 829 1317 923 οὐνόμασι
1341 836 1410 900 των

274 940 411 1025 φυλέων
424 938 585 1025 ἐχρέωντο
599 942 633 1005 οἱ
645 938 848 1024 Σικυώνιοι,
868 941 924 1007 καλ
945 939 998 1007 ἐπὶ
1012 940 1236 1018 Κλεισθένεος
1249 936 1409 1026 ἄρχοντος

275 1042 330 1110 καλ
345 1043 475 1110 ἐκείνου
488 1045 690 1128 τεθνεῶτος,
712 1049 760 1111 ἔτι
780 1039 835 1111 ἐπ’
851 1049 923 1110 ἔτεα
938 1040 1110 1130 ἑξήκοντα·
1140 1044 1314 1129 μετέπειτα
1327 1045 1407 1129 μέν·

274 1172 324 1213 τοι
338 1143 439 1233 λόγον
453 1152 548 1232 σφίσι
564 1143 677 1226 δόντες
700 1148 884 1233 μετέβαλον
905 1149 936 1225 ἐς
951 1144 1027 1225 τούς
1045 1141 1177 1223 Ὑλλέας
1191 1147 1245 1213 καὶ
1262 1143 1407 1234 Παμφύ-

274 1257 352 1328 λους
380 1251 436 1318 καλ
455 1248 676 1337 Δυμανάτας·
708 1247 884 1338 τετάρτους
914 1249 950 1317 δὲ
972 1246 1101 1318 αὐτοῖσι
1126 1252 1331 1337 προσέθεντο
1354 1248 1408 1316 έπλ

273 1357 334 1421 τοῦ
359 1349 538 1440 Ἀδρήστου
557 1350 676 1433 παιδός
696 1357 889 1441 Αἰγιαλέος,
917 1350 977 1440 τὴν
1000 1356 1194 1440 ἐπωνυμίην
1215 1351 1408 1441 ποιεύμενοι

273 1459 456 1544 κεκλῆσθαι
472 1459 659 1560 Αἰγιαλέας.

274 1657 433 1722 peregrinae
446 1657 540 1722 stirpis
557 1656 641 1706 luisse
655 1656 698 1707 vel
710 1672 742 1706 ao
754 1672 816 1721 pro·

274 1728 370 1789 batur,
395 1727 467 1791 quod
490 1728 548 1791 ipse
575 1726 742 1791 Clisthenes,
770 1728 816 1791 qni

272 1794 335 1844 huic
348 1796 431 1846 tribui
445 1796 600 1861 adscriptus
613 1802 685 1859 erat,
697 1797 816 1861 peregri-

272 1879 324 1915 nus
336 1865 402 1927 luit,
417 1867 504 1917 Dores
517 1882 598 1926 vcro,
617 1883 650 1918 ne
665 1867 726 1931 quis
739 1883 815 1931 pere-

273 1937 365 1999 grinus
378 1937 436 1986 suia
448 1937 587 2000 gentibus,
600 1952 670 2001 quae
683 1937 745 1987 inde
758 1936 816 2001 pol·

272 2005 411 2054 luerentur
427 2013 455 2054 et
470 2006 693 2070 inquinarentur,
712 2007 814 2056 adscri-

272 2073 393 2135 beretur,
417 2074 510 2125 aedalo
522 2078 628 2126 cavisse
642 2076 813 2126 notissimum

274 2148 324 2193 eat.
345 2143 416 2192 Suae
430 2144 514 2208 igitur
527 2146 614 2194 tribui
623 2151 755 2208 tyrannus
764 2144 813 2194 ho·

273 2214 346 2262 noris
364 2212 471 2277 plenum
491 2214 590 2262 indidit
610 2214 734 2264 titulum:
756 2205 813 2273 Ἀρ-

273 2277 382 2344 χέλαοι,
397 2282 414 2330 i.
430 2298 452 2333 e.
466 2285 582 2345 populum
594 2291 721 2347 repentes,
742 2287 813 2348 prin·

271 2353 354 2414 cipes,
375 2353 451 2401 ‹lirccs
469 2355 569 2414 populi,
592 2353 666 2401 utin
685 2352 814 2417 Aeschyli

271 2420 429 2483 Agamemn.
445 2423 495 2471 302
510 2421 543 2473 de
557 2421 618 2471 delli
630 2422 734 2472 dacibus
745 2421 813 2472 haee

272 2504 326 2538 vor
345 2489 502 2551 adhibetur,
524 2497 552 2540 et
569 2483 689 2554 ἀρχέλας
708 2492 736 2539 in
753 2493 813 2542 Ari·

272 2559 398 2626 stephan.
412 2560 481 2626 qu.
497 2561 553 2611 lut.
588 2560 710 2627 Reliquis
729 2562 814 2612 tribu-

270 2629 321 2680 bus
331 2631 438 2680 Derieis
448 2630 504 2681 alia
512 2647 561 2696 per
569 2635 754 2698 contemptum
766 2632 815 2681 im-

271 2700 363 2764 posuit
383 2701 494 2750 nomina
515 2718 532 2751 a
549 2718 609 2763 rae,
629 2704 714 2762 arina,
733 2717 812 2764 porco

271 2760 510 2834 repetita‘Toiras,
529 2762 673 2834 Ὀνεᾶται,
694 2769 813 2833 Χοιρεᾶ-

270 2853 326 2889 ται.
351 2840 503 2891 Vernacule
518 2842 558 2891 sie
569 2840 687 2891 reddidit
702 2842 812 2892 Curtius

272 2908 391 2974 (Gricch.
407 2911 504 2961 Geseb.
524 2910 547 2961 1.
565 2926 591 2976 p.
609 2911 683 2973 ¹llll:
704 2910 811 2962 Schnei-

269 2979 371 3043 uicleen,
390 2980 534 3046 Eselinper,
556 2981 756 3043 Ferlrelheimer,
777 2982 812 3031 ad

270 3049 326 3098 cibi
345 3050 476 3100 rationem
498 3051 598 3102 haecce
620 3052 731 3101 nomina
751 3067 812 3115 spe-

270 3125 346 3167 ctare
359 3120 475 3183 opinans
488 3121 605 3171 dedneta
617 3121 696 3171 abiis
710 3122 811 3170 anima·

269 3186 351 3249 libus,
365 3204 434 3253 quae
446 3191 556 3239 Ionibus
567 3191 656 3253 pisces
667 3189 811 3241 edentibus

271 3259 386 3307 maxime
413 3259 504 3308 invisa
530 3258 645 3320 fuerint,
671 3263 755 3323 atqua
777 3258 811 3308 de

272 3327 345 3374 omni
355 3326 487 3375 Herodoti
498 3328 654 3376 narratione
665 3326 810 3377 dubitans:

271 3395 298 3443 in
313 3409 439 3457 quaeum
453 3411 507 3445 non
519 3399 604 3461 magis
618 3411 718 3460 sequar
730 3413 810 3462 qnam

271 3462 299 3512 C.
308 3464 340 3513 Ο.
348 3462 506 3514 Muellerum
516 3465 582 3514 Dor.
592 3465 627 3514 ll.
637 3481 662 3528 p.
671 3466 705 3515 tto
717 3466 778 3516 coll.
787 3468 810 3520 Ι.

270 3546 332 3596 pag.
348 3532 396 3582 162
414 3531 593 3594 (assentiente
612 3536 810 3598 quodammodo

269 3601 391 3651 Plassio:
414 3602 465 3651 Die
477 3604 613 3666 Tyrannis
629 3603 651 3652 1.
663 3619 723 3667 pag.
740 3605 809 3668 lll),

269 3669 315 3736 qui
333 3669 432 3721 haecce
450 3674 562 3722 nomina
577 3673 686 3723 minime
704 3677 732 3723 in
745 3690 810 3724 con·

268 3740 409 3790 tumeliam
432 3741 558 3793 tribubus
581 3742 691 3792 Derieis
713 3759 730 3793 a
756 3743 811 3793 Cli-

269 3810 363 3861 sthene
383 3811 510 3876 imposita
530 3827 589 3863 esse
602 3819 696 3863 censet
709 3813 809 3877 ipsam-

268 3897 320 3947 qne
340 3880 508 3932 Herodotum
530 3888 615 3946 negat
638 3883 809 3948 respublicas

267 3957 341 4001 recte
362 3951 514 4003 diiudicare
531 3952 667 4017 potuisse,
692 3968 753 4004 curn
775 3969 808 4005 eo

267 4022 359 4086 potius
375 4028 515 4088 spectasse
528 4020 693 4073 Clisthenem
710 4024 809 4088 proba·

267 4093 322 4142 bile
333 4093 385 4155 ait,
401 4099 431 4143 ut
444 4094 531 4144 Dares
543 4092 640 4143 relicta
656 4092 721 4145 urbe
733 4095 808 4159 agris

267 4160 388 4212 colendis
413 4164 595 4229 gregibusque
617 4162 722 4214 alendis
746 4179 810 4229 ope·

266 4246 324 4280 rani
340 4232 405 4281 dare
418 4239 541 4296 cogeret,
558 4232 668 4298 nequid
686 4234 738 4299 ipsi
755 4248 811 4283 nm-

268 4300 341 4365 pliua
361 4300 395 4349 ab
415 4302 469 4351 illis
489 4303 556 4353 arbe
576 4302 687 4353 inclusis
714 4305 810 4353 timen-

267 4369 330 4418 dam
348 4369 427 4421 foret.
463 4371 596 4436 Equidem
616 4375 749 4423 tamenin
767 4377 809 4423 ta·

266 4438 337 4490 libus
346 4440 484 4490 Herodoto
494 4456 542 4491 aar
553 4441 672 4491 diffidam
682 4442 809 4493 eundem·

268 4524 320 4577 que
342 4509 430 4561 minus
453 4516 526 4562 reete
546 4511 579 4562 de
598 4510 640 4563 his
660 4513 807 4565 tradidisse

867 1656 990 1717 credam,
1007 1653 1107 1706 nullam
1123 1653 1202 1705 video
1216 1667 1336 1703 eausam,
1367 1651 1408 1701 Δο

866 1727 975 1778 videtur
998 1726 1092 1790 utique
1112 1731 1261 1788 tyrannus,
1290 1720 1353 1772 odio
1379 1721 1408 1769 in

867 1799 1012 1861 optimates
1026 1811 1058 1844 ac
1074 1794 1178 1844 nobiles
1195 1793 1308 1854 duetus,
1322 1805 1407 1855 penes

866 1882 934 1932 quos
953 1867 980 1915 in
999 1865 1102 1915 Dorum
1119 1862 1282 1914 civitatibus
1301 1875 1408 1910 summa

865 1953 955 1987 rerum
976 1940 1120 1985 cratete
1142 1933 1242 1998 quibas
1263 1929 1329 1981 solia
1352 1930 1408 1994 ipsi

865 2006 1013 2057 timendum
1025 2010 1091 2068 erat,
1106 2003 1147 2053 sie
1161 2003 1259 2067 egisse,
1273 1999 1345 2050 utin
1358 2015 1408 2064 op·

864 2077 1003 2142 probrium
1014 2078 1133 2124 verteret
1151 2072 1262 2122 nomina
1278 2070 1408 2131 tribuum,

865 2161 930 2209 quas
946 2145 981 2194 ab
995 2145 1054 2208 ipso
1072 2151 1197 2193 servatas
1213 2156 1271 2192 esse
1289 2139 1333 2189 hic
1348 2140 1408 2202 ipsa

863 2216 939 2266 loeus
959 2213 1094 2274 declarat,
1123 2212 1171 2263 sed
1190 2216 1285 2261 auctas
1307 2215 1407 2274 quarta

863 2285 951 2345 tribu,
968 2299 1048 2349 quam
1062 2282 1173 2347 reliquis
1187 2281 1265 2346 quasi
1277 2279 1407 2343 praeline—

863 2361 921 2417 ret,
943 2360 970 2405 ct
985 2357 1013 2403 in
1026 2369 1121 2419 quam,
1144 2349 1276 2416 quidquid
1288 2349 1406 2398 Doricae

862 2426 958 2489 stirpis
969 2440 1022 2473 non
1035 2429 1121 2484 esset,
1136 2421 1286 2486 reciperet,
1301 2418 1328 2468 id
1341 2433 1408 2483 quo-

864 2510 916 2559 qne
934 2501 1076 2558 spectans,
1099 2497 1129 2542 ut
1147 2492 1228 2541 trium
1243 2489 1406 2538 Doricarum

864 2564 981 2614 tribuum
996 2563 1050 2615 vira
1069 2579 1100 2613 eo
1117 2560 1212 2613 melius
1226 2560 1365 2624 frangeret
1377 2562 1405 2608 et

864 2635 1027 2685 contineret.

899 2697 984 2768 λόγον
1006 2714 1086 2766 σφισι
1107 2691 1215 2764 δόντες]
1238 2698 1317 2750 Cous.
1333 2702 1404 2748 nott.

863 2773 899 2824 ad
909 2775 947 2833 11,
962 2773 1019 2826 162.
1046 2773 1121 2834 Quae
1132 2774 1281 2835 sequuntur
1291 2768 1406 2818 Dorica-

865 2860 923 2895 rum
937 2844 1055 2892 tribuum
1071 2840 1197 2902 nomina,
1212 2839 1406 2903 antiquissima

862 2914 910 2964 illa
927 2918 990 2964 sunt
1009 2918 1037 2962 et
1060 2912 1090 2959 iu
1111 2924 1274 2975 rrnaquaqne
1293 2907 1406 2958 civitate

862 2984 965 3033 Dorica
984 2981 1080 3041 obvia,
1098 2986 1129 3028 ut
1146 2995 1228 3044 supra
1242 2978 1404 3028 rnonuimns.

862 3055 903 3103 De
917 3052 1014 3118 quibua
1027 3050 1073 3100 vid
1098 3048 1129 3099 (ἔ.
1144 3049 1176 3099 Ο.
1192 3048 1317 3098 Mueller:
1336 3048 1404 3097 Dor.

862 3123 900 3172 11.
915 3138 974 3187 pag.
994 3123 1028 3171 ἴτ’)
1044 3134 1135 3184 seqq..
1156 3119 1188 3168 C.
1205 3119 1235 3167 F.
1251 3118 1404 3167 Hermann:

861 3190 1003 3243 Labrbucb
1016 3196 1068 3240 eto.
1087 3189 1111 3250 ᾖ.
1126 3189 1169 3239 20.
1186 3194 1242 3237 not.
1258 3188 1316 3247 ΙΙ.,
1336 3188 1405 3237 Kor-

862 3264 930 3315 tiim.
951 3262 991 3309 in:
1017 3258 1166 3310 Schlosaer.
1190 3264 1217 3308 et
1230 3256 1338 3307 Rereht.
1355 3260 1405 3307 Ar-

862 3330 933 3381 chiv.
949 3331 981 3379 Τ.
998 3330 1036 3378 lv
1060 3332 1122 3393 pag.
1139 3327 1275 3379 141-143
1293 3332 1404 3392 atquae

861 3399 918 3449 alia
940 3415 1023 3463 snpra
1042 3399 1078 3447 ad
1096 3399 1149 3459 lV,
1170 3398 1217 3448 145
1230 3399 1285 3447 iam
1309 3396 1405 3446 attuli-

862 3485 929 3520 mus.
960 3468 1075 3532 Scripsit
1087 3467 1120 3518 de
1135 3468 1177 3519 his
1188 3482 1294 3532 quoque
1304 3466 1404 3517 Grote:

861 3539 970 3590 Griech.
991 3537 1106 3601 hlythol.
1128 3551 1156 3589 u.
1177 3539 1289 3601 Antiqq.
1313 3536 1357 3599 11,
1375 3537 1402 3588 6.

861 3610 905 3673 (Τ.
918 3609 955 3657 11.
970 3625 996 3673 p.
1008 3608 1059 3659 {llll
1072 3623 1129 3672 seq.
1144 3622 1159 3655 e
1172 3622 1243 3657 vers.
1255 3605 1405 3667 Fischeri).

860 3679 921 3729 Iloe
934 3694 1016 3728 unum
1032 3677 1077 3727 hie
1094 3677 1193 3727 addere
1207 3675 1297 3736 lubet,
1318 3677 1405 3725 Hero·

861 3749 919 3798 doti
941 3749 1099 3812 Dprrnnnlas
1122 3747 1194 3812 apud
1218 3744 1286 3795 alios
1309 3746 1404 3795 vocari

860 3820 999 3884 Dymanes,
1015 3824 1046 3866 nt
1059 3833 1083 3867 v.
1098 3832 1122 3870 c.
1138 3816 1210 3881 apud
1224 3813 1318 3879 Steph.
1335 3815 1402 3880 Byr.

860 3904 881 3937 s.
898 3904 924 3937 v.
937 3883 1039 3950 Δυμᾶν
1054 3901 1080 3950 p.
1096 3888 1155 3937 sla
1192 3886 1295 3947 Quibus
1316 3887 1402 3934 tarnis

858 3958 984 4007 tribubus
1004 3962 1103 4022 quarta
1119 3956 1142 4006 si
1161 3958 1291 4018 accessit,
1309 3969 1342 4003 ea
1359 3953 1403 4004 vel

860 4029 1060 4092 peregrinorum
1075 4028 1102 4075 iu
1120 4025 1261 4075 civitatem
1277 4028 1402 4088 recepto-

860 4112 917 4146 rum
933 4097 1018 4147 fuisse
1037 4093 1179 4160 probabile
1195 4100 1249 4158 eat,
1272 4092 1316 4144 vel
1331 4092 1401 4142 indi-

859 4182 955 4231 genam
969 4166 1084 4225 tribum,
1103 4180 1172 4230 qaaa
1186 4166 1291 4230 priores
1311 4168 1402 4214 terrae

859 4236 964 4287 incolas
975 4253 992 4285 a
1002 4236 1120 4285 Doribus
1133 4234 1325 4285 invadentibus
1339 4234 1402 4284 sub·

859 4312 936 4357 aotos
955 4305 1162 4370 complectatur.
1198 4304 1313 4367 Qualem
1328 4302 1401 4353 hane

859 4376 947 4442 ipsam
970 4376 1157 4441 Aeginiensenr
1184 4375 1270 4424 luisse
1299 4375 1400 4425 statui·

858 4461 932 4507 mus,
945 4446 980 4496 ab
991 4447 1128 4511 Aegialeo,
1141 4445 1255 4495 Adrasti
1268 4443 1336 4506 filio,
1352 4444 1400 4494 de·

858 4517 1038 4580 nominatam,
1060 4530 1121 4567 curn
1142 4516 1202 4582 ipsa
1218 4514 1282 4567 olim
1296 4514 1399 4582 Sicyon
