3100 5175
256 390 314 451 108
690 393 953 455 HERODO'PI

205 578 244 638 63
255 595 306 637 ειν
319 567 378 636 τὸν
392 566 490 656 νηὸν,
509 576 642 657 Παρίου
656 566 695 637 τὰ
710 577 902 657 ἔμπροσθεν
916 564 1021 636 αὐτοῦ
1036 570 1238 655 ἐξεποίησαν.
1268 562 1325 646 Ὡς
1339 595 1389 636 ων

253 671 294 761 δὴ
308 679 343 742 oi
355 670 527 762 Ἀθηναῖοι
542 677 694 760 λέγουσι,
715 664 807 741 οὗτοι
828 679 863 742 oi
880 671 1002 760 ἄνδρες
1017 674 1055 741 ἐν
1068 679 1231 758 Δελφοῖσι
1247 670 1387 760 κατήμε-

251 803 304 845 νοι
324 774 509 848 ἀνέπειθον
529 774 590 866 τὴν
611 784 751 865 Πυθίην
770 776 931 865 χρήμασι,
953 773 1040 855 ὅκως
1060 783 1194 845 ἔλθοιεν
1214 783 1386 865 Σααριιη·

250 977 333 1038 (ιιιιιιο
352 982 453 1027 vocent
470 976 603 1043 Kelkluff)
626 977 794 1043 praebebant
878 967 1037 1025 ἀνέπειθον
1049 966 1102 1040 τήν
1113 972 1245 1039 Πυθίην]
1257 975 1273 1025 i.
1282 993 1306 1028 e.
1316 977 1388 1040 „Py-

251 1052 357 1097 montes
373 1046 488 1111 Delphis
512 1048 643 1111 proximi,
668 1048 793 1113 inprimis
843 1045 911 1096 eliae
922 1047 1034 1108 pecuniis
1045 1045 1135 1094 obinde
1142 1047 1302 1108 persuadere
1313 1062 1388 1096 cona-

251 1118 415 1166 Parnassus.
441 1117 521 1166 Hunc
537 1132 617 1180 vero,
637 1132 698 1167 cum
711 1116 794 1181 poliri
844 1117 864 1165 a·
873 1124 939 1175 rant,
952 1123 987 1178 ια,
999 1118 1095 1179 quoties
1104 1114 1229 1177 Spartani
1240 1117 1388 1166 advenirent

251 1190 382 1252 nequeat,
402 1201 450 1250 pro
469 1201 543 1236 more
555 1187 719 1237 Graecorum
733 1202 795 1237 cru-
843 1187 893 1234 oiri
905 1189 956 1235 sive
970 1187 1085 1248 privatim
1097 1189 1149 1235 aine
1160 1185 1260 1249 publice
1274 1187 1343 1236 missi
1354 1188 1391 1235 ed

251 1260 296 1306 sta
307 1254 425 1320 quadam
439 1271 460 1306 s.
472 1271 557 1320 gypso
569 1256 709 1306 inductum
721 1255 794 1307 cele·
844 1261 972 1305 οναιυιιιυι
988 1255 1179 1314 retentandam,
1201 1255 1240 1305 lia
1259 1255 1388 1317 obiiceret,

250 1341 306 1374 rem
326 1324 388 1374 inde
407 1340 515 1389 quoqne
532 1326 685 1388 accepisse,
703 1326 794 1376 album
844 1325 992 1376 αιΑιΙιειιαε
1003 1326 1118 1389 tyrannis
1127 1324 1296 1376 liberarent.“
1310 1325 1389 1386 Quod

250 1394 436 1458 opinor‚quod
451 1393 619 1444 contendunt
635 1393 795 1459 (v.Letr·on-

250 1479 297 1513 ne:
323 1464 417 1513 Lettre
439 1463 503 1514 d’uu
516 1463 677 1528 Antiquairc
693 1481 719 1530 p.
737 1466 794 1517 115.

249 1532 301 1584 466
319 1548 385 1597 seq.‚
403 1532 520 1598 Kugler:
540 1534 632 1583 Ueber
650 1534 696 1584 die
715 1534 795 1598 Poly·

250 1602 368 1653 chromis
384 1602 409 1653 d.
430 1602 533 1667 griech.
546 1603 694 1654 Architect.
714 1621 739 1669 p.
754 1604 793 1668 8),

251 1672 279 1721 id
299 1678 329 1721 ut
350 1670 473 1736 credam,
493 1672 593 1722 adduci
616 1688 736 1738 nequeo:
756 1679 796 1724 et-

251 1741 321 1792 enim
331 1740 487 1792 Herodotus
501 1757 570 1808 quae
584 1742 616 1792 de
625 1750 741 1808 utroque
755 1744 794 1792 ia-

250 1810 327 1875 pida,
340 1811 373 1861 de
384 1811 479 1874 lapide
493 1827 560 1876 poro
573 1813 646 1863 etde
660 1829 794 1864 marmore

249 1882 343 1940 Pario,
355 1881 450 1945 tradit,
464 1882 505 1930 sic
517 1887 635 1946 enarrat,
647 1889 679 1932 ut
691 1889 794 1933 utrum·

250 1965 303 2015 que
321 1949 439 2014 lapidem
455 1951 607 2001 naturalem
622 1953 738 2004 colorem
752 1969 795 2004 re-

250 2020 367 2070 tinuisse
381 2019 460 2085 louge
474 2021 643 2084 probabilius
656 2025 702 2085 sit,
717 2039 794 2087 prae-

251 2090 344 2138 sertim
356 2089 379 2138 si
392 2096 512 2153 reputes,
526 2095 581 2139 tum
596 2091 741 2143 discrimen
751 2092 795 2143 vel

251 2158 337 2223 magis
348 2158 510 2222 apparuisse
525 2159 596 2209 inter
608 2160 726 2224 lapidem
737 2161 795 2212 vul-

251 2242 343 2293 garem
352 2226 481 2292 (porum),
491 2244 524 2277 ex
535 2243 587 2292 quo
600 2231 705 2296 reliqua
719 2233 795 2281 aedis

250 2313 316 2360 pars
327 2302 469 2348 exstructa
480 2302 548 2358 erat,
560 2302 587 2346 et
597 2300 668 2350 inter
678 2316 796 2350 marmor

251 2367 362 2416 Parium
373 2366 515 2417 adfaciem
527 2367 622 2432 templi
632 2370 795 2433 adhibitum,

252 2450 324 2499 qliae
342 2436 377 2485 ob
397 2437 538 2485 marmoris
564 2437 681 2490 colorem
702 2440 794 2491 album

251 2505 385 2568 insignem
403 2504 563 2570 adspectum
580 2509 721 2571 praeberet
736 2510 795 2559 lou·

251 2573 601 2696 mn.‡:³l⁰.¹¹‘¹ma
620 2578 675 2699 d·
686 2580 796 2702 azel.

254 2713 329 2764 1837.
350 2729 413 2779 pag.
434 2714 493 2766 102.
512 2744 543 2752 —
564 2718 605 2768 De
622 2719 701 2770 Pario
723 2736 796 2770 mar·

846 1411 878 1445 ce
891 1394 1000 1444 facilius
1015 1394 1105 1444 iacere
1115 1394 1325 1458 licuiththiae,
1335 1410 1389 1459 qno

845 1466 934 1528 magis
947 1465 1071 1514 Lacones
1089 1463 1180 1514 ubivis
1194 1467 1326 1526 tyrannos
1344 1481 1389 1514 ex·
1414 1499 1418 1504 -

844 1534 945 1597 pellere
956 1534 1037 1597 idque
1046 1532 1142 1583 honori
1155 1534 1208 1583 sibi
1218 1533 1316 1584 ducere
1327 1549 1389 1584 con·

845 1604 947 1654 stabat
976 1603 1054 1664 Quod
1068 1619 1132 1652 vero
1148 1604 1210 1654 inde
1222 1602 1390 1655 concludunt

846 1673 880 1722 de
893 1673 1067 1737 corruptione
1077 1672 1195 1736 Pythiae
1213 1679 1240 1721 et
1260 1673 1389 1723 sacerdo-

846 1746 901 1792 tum
914 1741 1122 1807 Delphicornm,
1141 1743 1170 1793 id
1188 1743 1268 1792 iustis
1289 1743 1389 1793 finibus

844 1811 1024 1862 coercendum
1048 1825 1108 1862 esse
1128 1815 1202 1863 recte
1220 1818 1312 1862 mouet
1330 1813 1387 1863 Jnl.

845 1883 952 1946 Kayser
961 1880 1074 1946 (Delphi
1086 1898 1113 1946 p.
1123 1882 1195 1946 162),
1208 1882 1243 1931 ad
1255 1898 1314 1932 eam
1323 1884 1387 1946 vim,

847 1967 928 2016 qnam
949 1955 1046 2015 sponte
1069 1953 1240 2001 exercuerint
1259 1954 1388 2003 civitates

846 2022 1024 2085 potentiores,
1033 2021 1100 2070 talia
1112 2022 1268 2072 revocanda
1278 2038 1338 2073 csse
1346 2037 1388 2072 ra-

846 2095 905 2140 tus:
926 2090 1157 2155 „Beatechungen
1175 2089 1249 2155 (nam
1266 2097 1389 2156 praestat

848 2162 928 2224 „ipsa
947 2162 1031 2209 verba
1052 2159 1201 2224 apponere)
1223 2163 1274 2210 wie
1296 2161 1340 2213 die
1360 2166 1389 2211 in

846 2232 955 2294 „Frage
968 2230 1117 2279 stehenden
1131 2246 1222 2280 waren
1239 2230 1328 2281 nichts
1341 2247 1389 2280 au·

846 2300 959 2361 ,‚deres‚
972 2298 1013 2349 als
1028 2300 1071 2348 die
1085 2299 1310 2350 nuabweisbaren
1322 2302 1388 2351 Eiu-

847 2369 948 2432 „fliiese
963 2369 1010 2418 der
1021 2370 1287 2433 priipouderirenden
1296 2370 1389 2435 politi·

846 2436 949 2502 „schen
966 2438 1088 2501 blachia,
1112 2438 1194 2488 deren
1212 2439 1388 2490 schwebeude

847 2509 975 2572 „Fragen
995 2508 1065 2557 auch
1091 2506 1161 2558 ohne
1181 2509 1304 2573 Delphi's
1326 2510 1388 2560 Bei-

847 2577 929 2641 „rath
947 2577 997 2626 auf
1014 2576 1059 2628 die
1076 2577 1210 2629 uemliche
1228 2581 1322 2631 Weiss
1342 2596 1388 2645 ge-

847 2646 922 2710 „liist
933 2647 1044 2697 worden
1054 2648 1114 2699 sein
1128 2649 1268 2699 wiirdcn.“
1297 2651 1338 2701 ad
1352 2651 1389 2700 si-

845 2716 1049 2781 gnificationem
1065 2718 1141 2767 verbi
1160 2713 1331 2782 χρησόμενοι
1350 2720 1387 2771 ci.

252 2798 324 2836 more
339 2784 456 2845 diximus
469 2784 505 2834 ad
518 2785 571 2849 111,
586 2787 630 2839 57.
845 2801 916 2851 quae
934 2786 969 2835 ad
989 2787 1042 2850 lv,
1065 2786 1115 2837 150
1134 2792 1198 2837 snut
1215 2794 1326 2850 notata3
1354 2791 1388 2840 de

844 2855 990 2919 Spartanis
1003 2856 1031 2905 iu
1046 2872 1217 2922 quacumque
1229 2873 1258 2907 re
1269 2860 1327 2910 sive
1339 2875 1388 2924 pu-

845 2925 917 2975 blica
931 2924 989 2976 sive
1002 2926 1112 2989 privata
1125 2927 1263 2977 oraculum
1276 2928 1388 2993 Delphi·

844 3010 905 3045 cnm
923 2995 1129 3045 consulentibus
1152 3002 1236 3062 atque
1255 2997 1288 3047 de
1307 2999 1387 3049 huius

842 3065 930 3130 ipsius
952 3065 1056 3114 oraculi
1073 3067 1101 3114 vi
1117 3066 1145 3115 iu
1165 3082 1257 3118 omnes
1273 3069 1386 3132 Sparta·

285 3122 328 3181 ae
343 3139 384 3173 αν
404 3123 441 3192 6η
462 3122 492 3177 oi
507 3128 650 3193 Αθηναῖοι
668 3124 791 3196 λέγουσι]
843 3149 939 3184 uorum
957 3148 1001 3183 rea
1016 3133 1071 3185 vid.
1085 3141 1156 3185 nott.
1171 3137 1207 3186 ad
1219 3138 1258 3199 V,
1272 3140 1316 3188 42.
1343 3138 1386 3189 Ad

248 3194 418 3272 Requirebat
437 3196 588 3264 Schweigh.
610 3193 639 3247 οί
656 3197 793 3248 Aunedon-
843 3204 927 3254 verba
940 3200 995 3252 εἴτε
1007 3197 1072 3271 ἰδίῳ
1087 3197 1175 3272 στόλῳ
1188 3203 1243 3255 εἴτε
1255 3204 1385 3271 δημοσίῳ

248 3276 358 3329 μονιοι,
377 3265 412 3316 cs.
428 3267 461 3325 V,
478 3267 522 3317 110.
546 3268 589 3318 Ad
605 3285 651 3328 ca,
664 3285 735 3333 quae
747 3271 794 3320 de·
843 3273 879 3323 el.
890 3274 938 3333 VI,
949 3272 991 3331 30,
1000 3273 1047 3322 ubi
1060 3274 1209 3338 parimodo
1223 3273 1311 3342 κοινῷ
1323 3274 1386 3326 στό-

249 3332 342 3396 inceps
355 3342 530 3397 enarrantur,
549 3337 583 3387 de
597 3338 699 3400 Pythia
712 3340 793 3389 donia
844 3342 891 3409 λῳ.
931 3341 1087 3405 προφέρειν
1111 3344 1386 3411 Schweighaeuserua

248 3406 377 3465 corrupta
396 3403 434 3454 ci.
446 3405 483 3463 V,
496 3406 530 3456 66
548 3404 613 3470 (ubi
627 3407 662 3456 ad
677 3406 793 3458 Clisthe-
842 3412 1036 3476 iuterpretatur
1057 3414 1134 3464 edere
1152 3418 1294 3478 oraculum,
1316 3417 1387 3469 idem

248 3484 308 3518 nem
321 3471 492 3533 potissimum
507 3473 559 3524 hec
572 3475 704 3538 refertur,
719 3476 791 3542 quod
843 3482 915 3546 quod
924 3473 1064 3544 ἀναιρεῖν.
1091 3483 1217 3535 Bekkero
1229 3486 1257 3535 iu
1269 3493 1387 3537 mentem

246 3538 364 3603 Pythiae
375 3544 542 3605 persuaserit
560 3545 603 3593 vel
621 3548 713 3609 potius
732 3563 791 3597 eam
842 3552 918 3600 veuit
929 3550 1115 3615 προφαίνειν,
1129 3556 1202 3618 quod
1218 3556 1306 3619 ipsum
1319 3556 1388 3622 legi-

248 3610 421 3675 corruperit).
438 3610 472 3663 90
485 3617 512 3662 et
526 3613 751 3666 Aristidisschol.
762 3632 790 3681 p.
842 3624 887 3670 tur
900 3621 952 3681 Ill,
966 3621 999 3671 65
1014 3621 1072 3684 (nbi
1083 3622 1139 3674 vid.
1154 3624 1246 3689 nott).
1263 3626 1327 3687 vn,
1341 3628 1385 3677 37.

246 3680 281 3727 45
300 3678 341 3727 ed.
356 3680 500 3731 Frommel.
525 3682 583 3747 (qui
601 3699 687 3749 aeque
706 3689 791 3749 atque
843 3689 906 3752 161,
925 3690 972 3740 aed
992 3690 1046 3741 alio
1063 3706 1174 3755 prorsus
1188 3709 1277 3745 seusu.
1304 3698 1389 3762 Equi-

246 3744 404 3800 Herodotns
422 3752 451 3801 in
469 3751 633 3804 Clisthenem
651 3754 732 3806 huius
750 3757 791 3806 rei
842 3759 902 3810 dem
912 3759 1013 3809 retinui
1025 3754 1191 3826 προφέρειν,
1202 3763 1283 3829 idque
1294 3767 1387 3816 malim

246 3817 356 3881 eulpam
375 3820 520 3888 transfert)
543 3822 605 3873 coll.
622 3825 790 3889 Pseudoplu-
842 3845 874 3879 eo
890 3845 971 3881 seusu
985 3830 1118 3894 accipere,
1135 3834 1245 3897 quoIV,
1260 3835 1305 3884 151
1322 3835 1386 3886 coll.

246 3887 333 3941 tarch.
351 3889 389 3940 Il.
407 3906 434 3954 p.
451 3890 550 3955 8601),
572 3893 617 3958 qui
629 3894 790 3947 Hor-odotea
841 3899 871 3961 Ι,
887 3900 912 3950 3.
936 3900 973 3949 At
989 3905 1063 3950 recte
1077 3901 1148 3951 idem
1165 3902 1384 3969 Schweighaeus.

245 3957 413 4009 criminatur.
432 3962 532 4011 Noster
542 3961 656 4014 similem
665 3964 791 4016 fraudem
842 3960 1019 4031 πρόφαντον,
1033 3970 1212 4034 quoditerum
1221 3973 1323 4037 legitur
1334 3975 1384 4039 lx,

245 4032 358 4077 enarrat
378 4029 432 4090 Vl,
447 4029 482 4080 66
502 4031 565 4081 coli.
587 4032 708 4083 Pausan.
736 4035 789 4097 111,
840 4037 889 4099 93,
904 4038 1102 4103 iuterpretatur
1118 4045 1217 4093 eracrtli
1228 4059 1385 4108 responsam,

244 4100 270 4147 4.
287 4099 311 4159 ἕ.
324 4097 350 4146 b.
365 4099 495 4165 Polyaen.
508 4100 535 4162 1,
552 4101 599 4165 16,
615 4104 645 4166 1,
660 4119 729 4168 qnae
741 4104 790 4155 du·
841 4109 951 4172 effetum,
968 4104 1074 4172 λόγιον,
1087 4106 1282 4175 θεοπρόπιον,
1294 4120 1327 4165 nt
1338 4131 1386 4166 ex-

244 4164 307 4215 dum
328 4167 422 4218 attulit
436 4168 568 4224 Valcken,
584 4198 618 4207 -
636 4165 790 4238 κατήμενοι
840 4176 927 4242 plicat
941 4178 1095 4243 Hesychius
1112 4182 1144 4231 Τ.
1158 4180 1195 4230 ll.
1216 4199 1243 4247 p.
1261 4182 1335 4235 1062.
1351 4213 1385 4222 —-

244 4235 420 4299 interpreter:
447 4241 541 4299 odore,
563 4244 643 4306 quiete
662 4245 788 4307 sedenter,
839 4245 1007 4297 deformem
1023 4240 1161 4307 ἐξελῶντα
1177 4252 1206 4300 iu
1220 4268 1296 4318 seqq.
1309 4255 1384 4305 conf.

244 4315 422 4358 commorantes
446 4308 578 4374 Delphis,
609 4314 657 4363 ubi
681 4315 788 4366 exsules
840 4317 888 4377 lv,
903 4318 960 4370 148.
973 4318 1086 4380 111,ea;
1106 4318 1139 4369 de
1150 4322 1267 4372 articulo
1281 4327 1384 4375 omisso

244 4372 345 4425 unllam
366 4391 447 4443 agere
472 4383 602 4444 poteraut
623 4399 680 4434 rem
700 4385 789 4450 publi·
839 4391 903 4436 ante
918 4385 1154 4447 Πεισιστρατίδας
1166 4392 1270 4440 monuit
1284 4394 1385 4445 Sohae-

244 4458 313 4493 cam.
838 4455 880 4505 ier
889 4456 923 4506 ad
932 4457 1071 4512 Plutarch.
1084 4458 1152 4512 Vitt.
1165 4461 1197 4511 T.
1211 4461 1259 4513 lv.
1274 4477 1301 4527 p.
1321 4463 1383 4517 340.

430 2989 496 3041 Car.
510 2992 612 3043 LXIII.
