3100 5175
456 418 729 481 Pournnru.
754 421 825 482 v11.
848 430 968 486 on-ee.
1214 419 1276 483 579
1342 496 1345 503 ,

139 620 202 679 ρον
216 592 409 676 ἐκαλέοντο,
432 594 470 661 ἐν
488 609 574 662 τοῖσι
594 593 756 683 πρώτοισι
777 601 846 665 τῶν
859 591 970 682 λόγων
984 604 1123 685 εἴρηται.
1165 588 1324 674 'lucretii

119 704 123 709 ’
139 696 176 765 di
192 694 312 765 ἑκατὸν
325 697 405 775 νέας
418 704 633 784 παρείχοντο,
650 701 888 786 ἐσκευασμένοι
905 695 948 779 ὦς
964 694 1133 786 Ἕλληνες.
1162 693 1278 778 Ἴωνες

138 800 194 883 dl,
219 796 298 868 ὅσον
312 798 374 886 μὲν
387 798 510 886 χρόνον
525 804 563 869 ἐν
577 801 825 894 Πελοποννήσῳ
837 811 950 873 ολκεον
964 800 1025 890 τήν
1038 807 1104 871 νῦν
1117 803 1275 890 καλεομέ-

136 931 203 990 νην
217 900 384 989 Ἀχαιῖην,
405 903 461 971 καὶ
476 904 557 987 πρὶν
577 897 598 992 ἢ
613 905 753 973 Δαναόν
771 932 808 975 τε
823 908 878 974 καὶΙ
891 908 1028 982 ,Ξοῦθον
1043 902 1225 974 ἀπικέσθαι
1243 907 1277 985 ἐς

137 1005 416 1092 Πελοπόννησον,
438 1002 482 1085 οἱς
499 1003 658 1094 Ἕλληνες
672 1012 823 1096 λέγουσι,
840 1011 1015 1079 ἐκαλέοντο
1029 1009 1198 1095 Πελασγοὶ
1211 1013 1274 1075 Αἰ-

136 1110 285 1197 γιαλέες,
301 1109 356 1179 ἐπὶ
372 1108 410 1177 dl
423 1106 536 1189 Ἴωνος
549 1116 609 1179 τοῦ
622 1112 759 1188 Ξούθου
769 1109 895 1194 Ἴωνες.
930 1116 1104 1200 Νησιώται
1119 1111 1156 1180 δὲ
1172 1112 1270 1180 ἑπτα·
1282 1112 1322 1174 95
1380 1196 1383 1203 ¹
1405 1172 1409 1179 .

172 1265 203 1324 ἒν
220 1276 292 1325 τοῖσι
309 1267 448 1336 πρώτοισι
462 1271 519 1324 τῶν
538 1268 631 1341 λόγον
643 1273 683 1326 εἴ·

136 1343 233 1411 ρήται]
251 1345 351 1408 Vidi,
369 1346 426 1396 l7l.

291 1450 307 1476 a

315 1516 382 1569 Cer.
403 1514 502 1567 XCIV.

170 1608 275 1685 Ἴωνες]
298 1619 407 1681 Vidi,
430 1619 478 1669 112
497 1635 574 1684 seqq.
598 1625 625 1670 et
647 1619 680 1669 de

135 1689 276 1756 prioribus
293 1688 380 1739 Ionam
393 1688 502 1740 sedibus
521 1691 548 1738 in
564 1689 678 1749 Achaia,

135 1774 210 1825 quae
223 1764 286 1824 post
301 1765 401 1809 vocata
414 1764 457 1809 est
466 1795 473 1822 ,
490 1774 550 1809 cnm
568 1758 628 1813 scil.
643 1761 678 1808 eb

134 1828 255 1879 Achaeis
276 1830 355 1880 eiecti
372 1835 477 1890 essent,
497 1828 526 1889 1,
549 1830 596 1880 145
610 1829 677 1894 ibiq.

134 1904 207 1949 nott.
245 1900 322 1949 Haec
342 1900 427 1963 igitur
444 1899 577 1948 Herodoti
601 1901 680 1947 testi·

135 1969 230 2019 monia
248 1970 282 2021 de
298 1969 395 2034 priscis
408 1968 504 2018 Ionum
523 1967 634 2017 sedibus
651 1971 677 2017 in

134 2038 342 2103 Peloponneso,
362 2037 433 2086 unde
450 2037 485 2086 nb
497 2037 612 2086 Achaeis
625 2039 679 2087 eie·

136 2111 176 2158 cti
190 2108 303 2168 luerint,
319 2109 437 2172 siquam
452 2106 529 2156 fidem
544 2112 680 2156 merentur

135 2178 206 2241 (alia
221 2183 252 2228 ut
263 2182 369 2228 taceam
382 2176 415 2227 eb
428 2176 491 2226 aliie
504 2175 602 2226 dudum
618 2192 680 2240 pro·

135 2246 220 2311 latu),
241 2249 310 2297 estis
327 2251 418 2311 patet,
437 2246 503 2310 qnid
525 2246 558 2296 de
573 2261 606 2295 ea
620 2246 679 2310 epi-

134 2318 220 2367 nione
229 2318 266 2367 sit
274 2316 459 2377 iudicandum,
469 2330 524 2380 qna
535 2316 614 2365 iones
625 2317 679 2380 pri·

136 2387 219 2437 mitur
234 2387 261 2436 in
276 2387 357 2437 Asine
370 2400 418 2434 ora
430 2383 587 2436 consedisse
602 2385 678 2436 inde·

135 2473 191 2522 que
205 2462 236 2507 ut
249 2457 277 2505 in
290 2454 359 2505 alias
374 2460 475 2517 terras,
496 2455 538 2503 ita
552 2456 579 2504 in
591 2456 677 2519 ipsam

134 2527 280 2577 Graeciam
294 2526 446 2576 excurrisse
457 2540 527 2574 nunc
538 2525 679 2590 perbiben-

134 2604 194 2656 tur;
214 2596 286 2648 coni.
300 2595 424 2646 Curtius:
444 2596 496 2644 ilie
510 2597 599 2645 lenior
615 2611 677 2660 pag.

133 2671 152 2720 5
162 2683 238 2732 seqq.
246 2673 273 2717 et
280 2666 463 2716 Scboemann:
474 2665 676 2714 Animadversa.

134 2737 170 2788 de
181 2737 296 2787 ionibus
308 2733 510 2799 (Gryphisvald.
525 2733 601 2798 1856)
613 2751 675 2800 pag.

134 2810 240 2872 7seqq.
275 2806 406 2870 Equidem
424 2804 513 2853 malim
529 2805 607 2869 sequi
623 2805 677 2855 He·

134 2877 262 2927 nodotum
272 2875 314 2924 his
326 2874 464 2924 contraria
477 2889 585 2938 prorsus
598 2889 676 2923 euar-

133 2953 240 2997 rantcm
263 2945 512 3008 assentientemque
538 2943 625 2993 habeo
643 2942 673 2991 C.

132 3017 166 3067 P.
178 3017 326 3066 Hermann.
339 3014 357 3063 l.
371 3028 431 3063 mox
444 3013 463 3064 Ι.
474 3020 501 3063 et
515 3011 540 3073 5.
554 3014 597 3064 77.
625 3013 676 3063 Ne·

134 3102 188 3151 que
202 3085 284 3135 aliter
296 3077 327 3132 οἷ
337 3079 564 3140 δυωδεκαπόλιες
573 3075 676 3143 Ἴωνες,

133 3149 165 3205 οἴ
181 3146 234 3204 ἀπ’
249 3148 388 3217 Ἀθηνέων
407 3152 535 3202 dicuutur
556 3167 616 3216 cap.
634 3168 677 3202 se-

132 3231 248 3291 quente,
270 3224 318 3274 ubi
338 3223 393 3273 vid.
414 3229 482 3275 nott.
521 3225 560 3272 De
575 3224 675 3283 θοντο,

132 3296 181 3361 qui
201 3311 233 3344 cr
246 3296 369 3359 Aegypto
390 3291 520 3357 profugus
538 3293 618 3355 Argia
637 3307 677 3341 se·

132 3366 182 3415 des
194 3359 300 3428 cepisse
316 3364 431 3421 dicitnr,
446 3362 501 3412 vid.
519 3362 560 3418 11,
573 3362 623 3421 91;
643 3361 676 3411 dc

134 3435 234 3494 Xutho,
249 3435 295 3499 qui
309 3434 386 3483 Ionis
398 3432 485 3482 fertur
497 3438 583 3496 pater,
598 3431 675 3490 Vlll.

132 3507 167 3556 41
183 3504 246 3555 coll.
261 3508 331 3554 nott.
346 3503 379 3552 ad
394 3502 416 3563 1,
432 3503 490 3554 115.
519 3501 550 3552 C.
564 3502 596 3550 F.
610 3501 678 3550 Her·

133 3589 227 3626 moun.
247 3574 265 3623 1.
285 3572 302 3622 l.
323 3575 348 3635 ξ.
370 3573 396 3623 7.
419 3576 477 3624 nol.
496 3573 522 3623 d.
543 3572 568 3619 7.
588 3574 613 3632 ξ,
634 3571 677 3621 tlt.

134 3651 194 3695 not.
213 3647 228 3693 ‘2
245 3649 273 3693 ct
288 3645 313 3706 ς.
331 3641 375 3694 911.
397 3646 454 3693 not.
472 3642 497 3700 2,
514 3658 541 3704 g.
569 3641 677 3691 linare:

134 3715 235 3765 Athen.
265 3711 487 3765 Sturumversass.
520 3709 676 3776 (ublrandil.

134 3784 162 3834 d.
186 3784 251 3834 bist.
270 3782 364 3847 philol.
385 3779 533 3833 Gerellscb.
555 3781 582 3829 in
600 3781 677 3829 lires-

134 3855 183 3905 lau
202 3853 238 3917 Ι.)
257 3851 394 3917 pag.125.
433 3851 609 3901 vocabantur
628 3851 677 3900 Pe·

132 3926 202 3988 larpi
217 3923 395 3987 Aepiuleuaer.
419 3921 489 3985 qnod
508 3921 569 3970 olim
590 3922 676 3970 omnis

133 3993 338 4058 Peloponnesus
369 3991 519 4041 vocabatur
548 3991 699 4054 Pelasgia„

135 4070 207 4115 teste
224 4061 347 4126 Euripid.
364 4060 454 4126 Ipbig.
474 4060 503 4109 in
522 4059 581 4110 Aul.
600 4059 675 4121 1473,

134 4135 248 4198 eiusque
269 4147 318 4181 ora
340 4131 493 4192 maritima,
516 4145 585 4194 qnae
606 4132 680 4193 post·

134 4203 215 4254 modo
229 4200 350 4252 Achaiae
371 4215 467 4250 nomen
486 4200 609 4264 accepit,
630 4193 680 4246 Al·

134 4268 245 4337 γιοίλεια
264 4272 299 4321 ab
320 4271 443 4335 Aepiuleo
460 4285 537 4334 rege,
563 4274 593 4318 ut
611 4268 679 4317 fere·

134 4345 212 4393 baut.
249 4342 292 4391 'l'n
317 4341 390 4392 conf.
415 4339 446 4390 C.
469 4340 501 4388 F.
525 4339 679 4387 Hermann:

134 4412 243 4464 Hellen.
257 4408 510 4461 Stsatsallertbiim.
523 4411 546 4469 ξ.
562 4408 605 4459 96.
621 4411 679 4456 not.

133 4484 160 4535 5.
174 4483 191 4534 8
205 4487 232 4532 et
245 4482 270 4544 fi.
285 4482 326 4532 17.
343 4487 399 4532 not.
412 4480 439 4531 8.
475 4478 548 4541 Quin
560 4477 623 4544 ipsa
638 4477 680 4528 Si·

731 1295 801 1343 cyon
814 1279 878 1330 olim
895 1279 935 1329 ita
950 1276 1089 1343 appellato
1107 1276 1193 1328 luisse
1212 1293 1275 1328 uar-

731 1357 817 1399 ratur.
837 1348 1052 1413 Vidflpsubem.
1067 1348 1102 1397 ad
1113 1331 1271 1398 Callimach.

731 1419 767 1470 H.
780 1421 807 1468 in
816 1418 877 1470 Del.
889 1422 931 1470 72.
941 1418 1023 1468 23.-
1033 1419 1176 1467 Caeterum
1188 1433 1221 1467 ex
1231 1432 1274 1480 eo,

730 1488 802 1553 quod
815 1490 895 1538 Iones
908 1488 943 1538 ab
956 1487 1095 1537 Herodoto
1109 1492 1192 1552 atque
1206 1487 1273 1536 Dio·

731 1559 798 1608 doro
816 1558 884 1621 (XI,
897 1558 928 1619 3,
943 1559 990 1623 qni
1007 1572 1066 1606 cnm
1082 1557 1195 1606 Ionibus
1213 1556 1272 1604 iun-

731 1629 772 1692 git
790 1626 873 1677 Chios
894 1634 921 1677 et
937 1624 1056 1689 Samios)
1074 1634 1169 1675 centnm
1188 1640 1273 1675 naves

731 1696 890 1761 praebuisse
909 1697 1050 1751 dicuntur,
1069 1710 1130 1744 cum
1146 1702 1274 1744 trecentos

728 1766 879 1817 Phoenices
891 1765 1050 1816 exhiberent
1063 1764 1137 1828 (Vll,
1152 1761 1215 1828 98),
1229 1778 1273 1813 sa·

728 1837 765 1886 tis
775 1837 905 1900 cognosci
917 1841 1017 1900 potest,
1030 1839 1160 1900 qnantum
1171 1832 1214 1883 vel
1225 1833 1271 1882 illo

729 1912 850 1970 tempore
863 1906 958 1955 Ionum
980 1921 1023 1955 res
1046 1902 1157 1967 uenales
1175 1902 1272 1952 florue-

729 1976 798 2036 riut;
812 1990 865 2040 qne
874 1974 967 2025 eodem
980 1973 1085 2023 faciunt
1093 1975 1273 2038 quinquaqinta

728 2059 829 2106 nares,
851 2060 919 2110 ques
940 2042 1059 2094 insulani
1080 2059 1102 2095 s.
1123 2040 1271 2106 Cycladum

728 2114 835 2164 incolae
849 2114 1046 2174 exbibuerunt,
1067 2118 1137 2162 teste
1151 2110 1272 2161 Diodoro

763 2221 811 2302 ibt
823 2244 855 2301 dl
861 2241 960 2308 Ἴωνος
971 2248 1023 2299 τοῦ
1033 2244 1155 2303 Ξούθου
1164 2237 1269 2312 Ἴωνες]

728 2322 830 2372 Eadem
841 2324 941 2374 Noster
953 2321 1039 2370 trudit
1052 2319 1134 2381 Vlli,
1149 2320 1198 2368 44:
1211 2305 1273 2365 'lor-

728 2407 779 2449 νος
806 2387 838 2442 di
866 2389 918 2440 τοῦ
940 2381 1063 2443 Ξούθου
1094 2377 1271 2450 στρατάρχεω

728 2462 882 2526 γενομένου
911 2454 1087 2523 Ἀθήναιόιοι
1107 2447 1272 2520 ἐκλήθησαν

726 2524 785 2580 ἀπὸ
799 2520 1028 2591 τούτων”λοτνεςς
1050 2527 1216 2592 eandemque
1233 2525 1272 2575 fa·

728 2619 799 2653 maur
815 2604 939 2667 seqnitur
958 2615 1065 2667 quoque
1080 2596 1226 2662 Euripides
1242 2596 1271 2645 iu

727 2674 786 2725 Ion.
801 2673 877 2722 1588.
904 2672 974 2733 Quid
987 2684 1051 2719 vero
1065 2667 1135 2716 Iouis
1149 2667 1272 2716 stlocum

727 2743 836 2792 nomine
848 2745 956 2791 veteres
970 2739 1115 2801 designare
1126 2734 1271 2795 voluerint,

726 2810 808 2861 valde
824 2812 972 2860 incertum:
990 2808 1044 2858 vid.
1056 2820 1126 2870 qnae
1139 2805 1171 2855 de
1187 2803 1273 2853 nomi-

727 2882 769 2931 nis
783 2879 862 2930 buins
875 2880 903 2929 vi
917 2894 951 2927 ac
964 2875 1167 2940 significatione
1178 2880 1272 2937 protn-

726 2951 817 3008 leruut
834 2950 864 3001 O.
881 2949 914 3000 F.
936 2948 1083 2997 Hermann.
1106 2944 1122 2992 l.
1144 2942 1163 2994 l.
1186 2941 1210 3004 ξ.
1226 2942 1268 2991 llll.

727 3024 785 3071 not.
798 3020 829 3080 7,
851 3017 960 3069 Curtius
971 3016 989 3065 1.
1001 3015 1018 3063 l.
1035 3029 1095 3078 pag.
1105 3013 1148 3062 47.
1158 3021 1215 3062 not.
1229 3011 1270 3062 10.

727 3089 807 3154 Apud
828 3084 976 3138 orientales
998 3084 1118 3134 homiues
1138 3086 1221 3146 atque
1242 3081 1271 3131 iu

727 3160 795 3224 ipsis
815 3156 1040 3221 inscriptionibus
1057 3152 1182 3203 concutis
1195 3152 1272 3201 Ioues

728 3228 820 3294 (Purra
839 3245 861 3282 s.
881 3226 975 3285 Ινυου,
1000 3238 1053 3290 qua
1073 3237 1141 3273 voce
1162 3225 1271 3272 iuvenem

726 3299 843 3349 indicari
867 3293 975 3359 volunt)
1006 3293 1062 3344 dici
1093 3306 1186 3342 omnes
1213 3291 1270 3340 lere

727 3370 846 3419 llrseces
865 3366 935 3417 setis
949 3367 1072 3416 constat:
1091 3361 1129 3413 ei.
1144 3365 1214 3411 nott.
1234 3359 1270 3411 ad

727 3439 788 3499 111,
804 3439 848 3488 90.

917 3607 985 3658 Cur.
1005 3606 1086 3656 XCV.

763 3707 910 3775 Nnoieitor
932 3702 974 3774 di]
1006 3709 1043 3757 ili
1065 3703 1186 3755 insulani
1210 3717 1269 3754 cum

729 3797 745 3831 n
772 3781 915 3832 duodecim
939 3780 1034 3829 Ionum
1060 3771 1219 3825 civitatibus
1243 3772 1270 3820 in

728 3852 890 3901 Panionium
908 3846 1053 3900 convenire
1066 3843 1155 3893 solitis
1174 3840 1271 3889 distin-

726 3927 856 3986 guuntur,
868 3934 957 3983 neque
967 3916 1021 3968 Cbil
1028 3928 1115 3979 neque
1123 3912 1202 3964 Samii
1211 3925 1271 3960 esse

728 3994 856 4055 possunt.
873 3988 919 4054 qui
933 3987 968 4051 ad
986 3987 1061 4050 ipsae
1075 3983 1159 4033 hasce
1174 3981 1272 4030 eivita-

728 4065 768 4109 tee
782 4057 923 4108 duedecim
936 4056 1073 4121 pertinent
1088 4058 1173 4116 atque
1188 4048 1270 4099 etiam

730 4143 747 4177 a
760 4128 881 4178 Diodoro
894 4128 950 4187 111,
964 4125 980 4176 3
999 4124 1094 4172 lounm
1112 4118 1270 4170 civitatibus

730 4206 827 4248 centum
841 4211 925 4247 naves
937 4190 1130 4260 praebentibus
1142 4187 1271 4238 ndnnme-

731 4271 843 4327 rantur,
873 4265 921 4317 sed
939 4263 973 4314 ad
997 4276 1043 4312 aas
1063 4259 1165 4311 insulas
1186 4257 1272 4323 perti·

732 4341 811 4401 nent,
827 4352 896 4401 quoe
905 4333 1028 4398 Cyclades
1041 4330 1122 4396 vulgo
1133 4326 1271 4394 appellun-

730 4411 790 4464 tur:
806 4406 920 4472 adquae
932 4405 1007 4469 ipsas
1020 4401 1091 4466 spnd
1103 4399 1270 4474 Herodotum

730 4481 857 4542 spectare
878 4475 962 4525 verba
982 4466 1102 4537 νήσους,
1121 4480 1270 4535 auctorne,

1010 4558 1074 4620 37*
