3100 5175
263 385 323 452 ΒΟ

694 384 965 449 HERODOTI

263 568 414 653 ἐποίησε,
437 565 518 633 δέκα
539 562 576 632 db
596 559 749 643 καὶτοὺς
770 561 896 652 δήμους
912 562 1072 648 κατένεμε
1086 562 1119 639 ἐς
1134 555 1190 638 τὰς
1204 556 1322 646 φυλάς.
1358 546 1400 646 ἦν

263 697 317 756 τε,
342 666 400 736 τὸν
421 672 527 755 δῆμον
546 669 792 756 προσθέμενος,
813 669 926 755 πολλῷ
946 663 1137 751 κατύπερθε
1158 667 1225 730 τῶν
1244 658 1399 729 ἀντιστα-

216 762 419 842 ἹΟσιωτέων.
455 769 509 839 Ἐν
522 775 569 862 τῷ
582 773 677 859 μέρει·
690 770 726 838 δέ
741 769 939 857 ἑσσούμενος
953 765 971 836 ὁ
989 764 1156 855 Ἰσαγόρης
1170 762 1399 852 ἀντιτεχνᾶται

263 874 351 945 τάδε.
385 876 591 946 ἐπικαλέεται
612 875 803 961 λίλεομένεα
824 870 883 941 τὸν
902 870 1188 960 ιίακεδαιμόνιον,
1216 867 1397 958 γενόμενον

262 982 377 1070 ἑωυτῷ
402 983 513 1062 ξεῖνον
538 974 603 1046 dab
624 981 682 1065 τῆς
696 977 1000 1064 Πεισιστρατιδέων
1026 979 1226 1062 πολιορκίης.
1265 969 1323 1040 τὸν
1351 972 1448 1042 iiior

261 1084 453 1171 Κλεομένεα
474 1080 541 1168 εἶχε
555 1088 643 1169 αίτίη
664 1084 786 1166 φοιτᾶν
800 1077 890 1169 παρὰ
904 1083 964 1147 τοῦ
983 1075 1157 1167 Ἰσαγόρεω
1171 1074 1231 1164 τὴν
1245 1092 1400 1164 γυναῖκα.

261 1246 417 1299 Polemonis
427 1246 583 1298 testimonio
593 1262 637 1310 ap.
647 1246 738 1299 Sohol.
747 1246 807 1296 dri·

262 1318 352 1382 steph.
372 1318 423 1367 Ar.
448 1317 500 1368 645
525 1315 619 1380 colligi
641 1331 722 1380 ponae
746 1315 807 1366 vult

262 1386 334 1437 idem
346 1386 390 1434 rir
408 1386 515 1437 doetus.
549 1386 608 1447 Quo
624 1387 711 1450 magis
726 1386 805 1435 mire·

262 1472 300 1507 rra
311 1456 476 1506 enacmin
488 1456 561 1508 Hist
571 1455 670 1507 Graec.
681 1456 703 1504 l.
716 1470 743 1519 p.
753 1455 805 1504 312

263 1527 302 1576 aie
319 1524 496 1588 scribentem,
521 1531 552 1575 ut
569 1540 598 1575 re
612 1540 679 1576 vora
695 1529 805 1575 centum

263 1594 356 1645 demos
375 1599 434 1645 tum
453 1595 596 1646 institutos
618 1595 673 1644 et'
665 1609 693 1643 ιιι
711 1594 805 1644 decem

261 1664 359 1729 phylas
379 1666 420 1714 ita
433 1665 596 1716 distributos
614 1669 754 1729 putemus,
774 1668 806 1712 nt

262 1734 337 1784 nulla
347 1732 506 1785 locornmrn
516 1734 638 1784 hieratio
651 1734 687 1783 sit
699 1733 805 1796 habita,

263 1803 311 1854 sed
324 1803 394 1853 demi
406 1804 522 1855 diversis
537 1804 607 1855 loeis
621 1804 689 1854 siti
681 1819 709 1852 ιιι
723 1818 805 1854 naam

262 1872 431 1939 eandemque
450 1873 562 1939 phylam
586 1873 727 1923 coniuncti
746 1872 805 1922 iue-

263 1944 326 1992 rint.
363 1942 462 2009 Itaque
478 1942 731 2009 acquiescendnm'
724 1958 752 1992 ιιι
771 1957 805 1991 ea

264 2026 344 2076 qnam
359 2011 482 2063 dedimus
497 2013 549 2063 loci
567 2011 804 2076 interpretatione,

263 2080 434 2145 improbante
449 2082 573 2146 quamvis
586 2081 698 2132 Bakio'
691 2098 719 2131 ιιι
733 2080 805 2131 Bibl.

262 2151 324 2201 crit.
340 2152 387 2204 lV.
403 2167 429 2216 p.
444 2153 581 2216 272seq.;
607 2152 667 2217 qui,
688 2152 711 2201 ai
729 2150 804 2210 illud,

263 2218 335 2285 qnod
344 2236 393 2271 uos
404 2220 559 2285 posuimus,
570 2220 660 2270 dicere
670 2220 805 2270 voluisset

261 2290 433 2351 Herodotus,
453 2305 507 2339 uon
526 2290 646 2351 dubitat,
673 2290 739 2366 quin
760 2289 806 2337 ille

264 2360 419 2438 scripserit·
437 2355 477 2415 εἰς
491 2352 560 2407 δέκα
573 2354 603 2408 δὲ
616 2354 664 2407 καὶ
678 2373 745 2414 τους
756 2352 808 2420 δή

262 2441 334 2505 μους
346 2421 478 2490 κατένιμε
482 2420 590 2505 φυλὰς,
601 2428 648 2477 nbi
661 2427 805 2478 articulum

262 2490 396 2552 sulcante
416 2488 507 2559 φυλας
525 2499 655 2547 omissum
679 2497 806 2562 equidem

263 2580 345 2631 aegre
359 2565 492 2618 desidero.
515 2566 577 2632 Ipse
589 2567 693 2617 Bakins
705 2566 740 2617 ab
751 2566 806 2615 He

262 2637 379 2686 rodoto
371 2644 411 2687 rta
423 2640 554 2722 scriptum
568 2637 654 2687 fuisse
663 2640 804 2686 autumat:

263 2701 321 2753 aul
338 2700 377 2753 d
364 2721 381 2770 η
400 2702 458 2754 καὶ
474 2721 541 2763 τους
553 2700 662 2771 δήμους
673 2700 805 2789 κατένιμε

263 2766 335 2832 ές
303 2789 354 2831 τας
366 2768 467 2837 φυλάς.
487 2778 526 2827 Ut
534 2782 625 2827 autem
636 2776 745 2826 minime
754 2776 806 2824 hoo

263 2860 296 2894 ex
316 2844 448 2895 Herodoti
472 2846 562 2897 verbis
582 2845 676 2910 colligi
693 2847 803 2910 poterit,

261 2913 427 2965 Clisthenem
441 2915 555 2980 primum
569 2916 745 2965 constituisse
760 2913 806 2963 de·

263 2998 337 3046 moa,
352 2985 392 3035 ita
405 2985 527 3050 equidem
542 2984 615 3035 hand
629 2984 804 3047 intercedam,

263 3053 287 3101 si
302 3054 361 3118 quis
375 3055 481 3119 domos,
502 3055 557 3106 iam
572 3059 654 3105 antea
671 3056 805 3105 constitu·

263 3128 322 3182 tos,
341 3137 358 3172 a
372 3123 511 3174 Clisthene
530 3124 626 3175 melius
640 3126 804 3175 constitutos

264 3196 292 3240 et
305 3191 448 3243 ordinatae
460 3208 520 3243 essa
533 3193 690 3243 contendat.
715 3195 754 3244 Ac
765 3192 804 3243 le-

263 3262 335 3324 gitur
347 3261 505 3313 Aristotelis
516 3263 625 3326 quidum
638 3261 713 3312 locun
732 3278 747 3311 a
759 3263 805 3312 de·

263 3329 377 3394 perditis
406 3347 495 3380 rerum
524 3331 691 3395 publicarum
717 3330 803 3392 libris,

262 3398 372 3462 opinor,
394 3398 569 3464 depromptus
587 3401 615 3448 iu
633 3398 724 3449 Schol.
741 3402 802 3451 Ari-

262 3466 350 3530 stoph.
366 3468 437 3518 Nub.
452 3468 501 3527 ³2.
516 3469 562 3518 ubi
576 3471 635 3532 ipse
649 3468 802 3520 Clisthenes

262 3535 466 3587 nancrariarum
481 3535 542 3587 Ιοοο
556 3538 648 3587 demoa
662 3537 749 3589 fertur
762 3540 803 3589 in·

262 3604 386 3656 stituisae
400 3607 519 3672 itemque
535 3622 728 3657 naucrarorum
742 3608 803 3659 loco

261 3675 418 3739 demarchos,
430 3678 476 3742 qui
489 3676 603 3741 singulis
612 3677 697 3727 demis
710 3679 803 3729 eodem

262 3745 341 3794 modo
351 3750 517 3809 praeessent,
532 3762 585 3812 qno
596 3747 725 3798 naucrari
737 3764 805 3799 nau-

261 3815 365 3863 crariis.
400 3818 436 3866 Et
458 3818 494 3867 cf.
519 3832 628 3882 quoque
644 3817 673 3867 C.
688 3818 720 3868 L.
737 3818 806 3870 Gro

261 3883 363 3936 telend.
372 3885 401 3934 in
413 3886 561 3952 scriptione
573 3886 606 3937 de
619 3887 704 3939 demis
717 3892 745 3938 et
756 3906 804 3954 pa-

261 3953 417 4018 gisdtticc.
438 3955 574 4021 (Gotting.
590 3956 668 4022 1829)
690 3973 752 4022 pag.
771 3959 804 4010 49

262 4027 335 4084 not..
355 4027 400 4076 cui
414 4032 442 4076 et
454 4027 508 4092 ipsi
524 4026 656 4077 Herodoti
670 4028 746 4079 locus
762 4043 803 4077 re·

260 4100 304 4144 cte
324 4109 353 4144 se
374 4095 473 4149 habere
489 4098 616 4160 ridetur,
637 4112 802 4163 quamquam

260 4169 362 4215 certam
377 4169 541 4218 sententiam
556 4168 732 4232 pronuntiare
747 4184 802 4218 non

260 4233 358 4296 audet,
379 4235 442 4287 aliis
461 4254 516 4289 rem
539 4237 741 4288 diiudicandam
760 4254 801 4288 re·

164 4315 168 4322 ’
259 4270 394 4366 linquebs

294 4364 363 4420 δέκα
380 4385 409 4421 τε
428 4363 464 4438 δὴ
482 4366 679 4439 φυλάρχους’
661 4390 727 4423 αντι
740 4388 800 4424 τεσ-

857 1245 931 1296 ιιιι11ο
943 1260 1009 1295 sane
1022 1242 1077 1295 alio
1087 1243 1148 1295 loeo
1158 1243 1267 1294 obvium
1281 1259 1331 1294 nec
1341 1242 1400 1294 ullo

857 1315 912 1365 alio
939 1315 1040 1365 veteris
1070 1315 1212 1378 scriptoris
1241 1313 1401 1364 testimonio

857 1385 1000 1451 probatum
1012 1384 1164 1446 invenitur,
1177 1398 1238 1433 eum
1248 1385 1295 1448 qui
1307 1384 1402 1446 singu·

856 1456 890 1506 lis
904 1454 1027 1505 tribubus
1041 1468 1062 1503 s.
1078 1452 1182 1517 φυλαῖς
1195 1453 1328 1537 praefecti
1342 1452 1402 1501 fue·

857 1525 929 1587 rint,
942 1524 1034 1574 vocati
1045 1524 1101 1573 sint
1110 1513 1267 1586 έκιμελεταλ
1279 1519 1335 1570 τῶν
1345 1536 1402 1584 φυ-

856 1590 1400 1658 ito'v‚dequ1busr1dSchoemann.De

856 1632 960 1714 comitt.
967 1679 993 1728 p.
1001 1663 1052 1714 369
1057 1658 1211 1727 ,φίλαρχοι
1223 1667 1314 1711 antem
1324 1660 1401 1742 apud

856 1734 929 1783 solos
943 1734 1113 1797 reperiantur
1126 1733 1243 1797 equites.
1267 1732 1312 1781 lta
1327 1731 1401 1779 enim

855 1802 1018 1853 Aristotelea
1045 1818 1109 1867 pag
1132 1803 1166 1852 66
1189 1801 1342 1851 Neumann.
1364 1815 1400 1850 ex

856 1874 1022 1955 Harpocrat.
1036 1887 1077 1952 p.
1074 1871 1124 1921 344
1135 1863 1287 1952 φύλαρχος
1292 1860 1399 1918 ἐστιν
1381 1885 1398 1917 o

856 1939 928 1991 κατὰ
945 1934 1040 2018 φμλὴν
1062 1933 1184 2021 εκάστην
1203 1936 1256 1987 τοῦ
1274 1931 1400 1987 ἱππικοῦ

855 2003 952 2074 ἅρχων
963 2026 980 2059 ι
983 2003 1187 2073 ποτειαγμὲνος
1200 1999 1247 2058 db
1247 2001 1398 2074 Ιπιᾶρχῳ

855 2081 939 2131 Plura
955 2080 988 2131 de
1000 2080 1044 2130 his
1058 2079 1179 2145 equitum
1191 2078 1304 2129 ducibus
1317 2078 1400 2128 affert

856 2151 886 2200 C.
908 2152 940 2203 F.
959 2151 1110 2199 Hermann:
1136 2148 1244 2200 Griech.
1263 2145 1400 2198 Staatsal·

855 2220 936 2269 terth.
951 2218 974 2280 ξ.
992 2221 1050 2270 152.
1065 2223 1121 2269 not.
1136 2218 1160 2268 3.
1177 2221 1200 2281 ξ.
1216 2217 1274 2267 153.
1289 2220 1346 2267 not.
1357 2217 1398 2277 8.;

838 2289 917 2341 coll
930 2289 955 2351 ξ.
968 2289 1026 2339 144.
1038 2293 1094 2338 not.
1109 2289 1148 2350 13,
1162 2288 1209 2337 nbi
1224 2291 1347 2337 nostrum
1359 2287 1399 2336 lo-

855 2374 916 2409 eum
931 2358 1035 2422 attigit.
1062 2357 1114 2407 Sed
1127 2356 1190 2406 inde
1200 2372 1254 2407 ιιοιι
1266 2359 1399 2422 seqnitur,

855 2427 929 2477 falsa
943 2426 1052 2477 tradere
1069 2433 1175 2492 patrem
1188 2426 1335 2489 historiae,
1351 2428 1400 2476 cui

855 2497 907 2547 hoc
920 2498 989 2547 vitio
1003 2502 1109 2547 vertera
1119 2496 1192 2546 haud
1205 2496 1297 2546 licebit
1304 2496 1399 2561 ,quod

856 2566 958 2618 nullam
978 2559 1190 2633 φυλοβασιλέων
1212 2566 1308 2616 iecerit
1324 2581 1399 2617 men

856 2639 973 2699 tionem,
988 2638 1031 2704 qni
1044 2638 1157 2701 antiquo
1172 2652 1204 2685 ex
1217 2652 1290 2687 more
1305 2636 1340 2686 ad
1353 2651 1398 2687 sa-

856 2723 904 2757 cra
914 2708 1035 2757 curanda
1045 2707 1189 2757 constituti
1200 2705 1258 2755 ad'
1251 2722 1339 2771 ipsam
1355 2721 1400 2756 re·

856 2792 915 2826 rnrn
928 2776 1099 2841 publicarum
1113 2791 1205 2827 euram
1217 2777 1327 2826 minime
1338 2792 1399 2840 per·

855 2845 996 2903 tinebant:
1025 2845 1097 2898 conf.
1114 2847 1270 2896 Tittmann:
1288 2845 1398 2896 Grieeb.

856 2915 1020 2965 Staatsverf.
1042 2930 1104 2979 pag.
1124 2916 1176 2964 274
1194 2929 1250 2979 seq.
1268 2919 1296 2965 et
1313 2914 1343 2965 C.
1364 2916 1397 2969 F.

854 2985 1002 3037 Hermann.
1012 2984 1030 3037 l.
1038 2984 1055 3035 l.
1064 2987 1088 3047 §-
1099 2984 1157 3035 100.
1171 2990 1228 3035 not.
1236 2986 1261 3037 9.
1273 2985 1314 3046 49,
1327 2985 1401 3035 unda

855 3056 999 3115 cernimus,
1015 3070 1069 3103 non
1081 3055 1149 3105 satis
1160 3060 1287 3105 constare
1298 3022 1331 3104 de
1342 3071 1400 3105 mu-

855 3140 919 3243 ρὲιο
931 3130 1014 3190 atque
1029 3123 1118 3175 officio
1133 3123 1228 3175 horam
1243 3121 1399 3192 φολοβασι

885 3209 934 3247 ων.

1041 3297 1108 3347 Car.
1126 3297 1210 3349 Lxx,

890 3389 938 3447 Ἐν
960 3395 1000 3465 τῷ
1017 3395 1106 3466 μέρεϊ]
1128 3402 1146 3452 i.
1168 3418 1190 3454 e.
1205 3402 1321 3450 vicissim.
1355 3401 1399 3452 Tu

853 3469 926 3519 conf.
941 3471 965 3533 Ι,
975 3470 1009 3521 ab
1022 3471 1089 3536 ibiq.
1104 3476 1173 3521 nott.
1193 3471 1255 3533 Vll,
1266 3471 1317 3519 21⁶2
1330 3471 1397 3537 ibiq.

854 3539 1017 3605 Wesaeling
1032 3541 1074 3591 De
1082 3541 1236 3603 Cleomene
1244 3541 1322 3591 cuius
1334 3557 1398 3590 mox

854 3612 972 3663 mentio.
987 3611 1058 3660 coni
1072 3626 1155 3676 supra
1168 3613 1200 3674 V
1209 3613 1243 3663 64
1253 3614 1280 3662 et
1292 3611 1328 3661 ad
1342 3606 1401 3671 ξεῖ·

856 3681 951 3757 vovV,
964 3679 998 3729 63
1011 3680 1110 3763 ibique
1116 3686 1185 3732 nott.

889 3741 939 3796 τὸν
945 3718 987 3796 di
1003 3743 1161 3814 Κλεομένεα
1174 3741 1231 3813 εἶχε
1242 3743 1319 3812 αίιιή
1331 3762 1398 3812 φοι-

855 3814 942 3865 τᾶνκ.
954 3833 976 3867 τ.
985 3798 1399 3884 l.]dleFlorentinocumre·

854 3892 939 3937 centt.
949 3887 1009 3939 edd.
1018 3889 1090 3939 edidi
1101 3905 1149 3953 pro
1158 3886 1204 3952 δι’.
1216 3890 1267 3938 Est
1276 3904 1341 3939 vero
1351 3887 1397 3938 hic

854 3972 950 4008 sensus
970 3957 1036 4008 loci:
1065 3960 1212 4009 Cleomenem
1230 3958 1397 4008 ‹rirninobaa-

854 4035 910 4086 ιιι,
928 4027 971 4078 vel
991 4028 1112 4077 omnino:
1132 4030 1275 4079 Cleomenes
1293 4028 1397 4077 diceba·

852 4104 894 4146 tur
896 4097 1101 4159 ,perhibebaeum
1115 4096 1288 4148 ntValeken.
1303 4097 1397 4148 obser·

852 4171 900 4216 vat
917 4166 952 4214 ad
970 4165 1099 4217 Herodot.
1118 4169 1170 4225 vl.
1191 4169 1252 4229 445,
1276 4167 1322 4216 ubr
1336 4167 1395 4218 vid

852 4241 922 4285 ιιοιι.
945 4236 1127 4287 Panloinsra:
1121 4203 1171 4286 ·οί
1183 4233 1397 4314 Ἀλκμαιωνίδαι

851 4320 929 4369 ειχυν
956 4298 1015 4352 alr
1003 4320 1050 4369 ην
1074 4302 1129 4355 τοῦ
1157 4298 1251 4384 φόνου
1277 4321 1394 4357 τουτου.

850 4375 920 4426 Add.
933 4377 970 4437 V,
988 4374 1043 4425 73
1036 4391 1063 4424 ιιι
1081 4374 1126 4426 fin.
1145 4389 1227 4425 ουτοι
1238 4389 1292 4438 μεν
1306 4367 1395 4441 6η-

259 4429 484 4511 σέρωνέποίησι]
496 4443 798 4511 Ρλμλοιιλοιιαιιιιοιιιαιι
849 4438 942 4504 αἰτίας
953 4437 1116 4511 μεγαλας
1088 4458 1166 4511 ειχον
1182 4450 1210 4497 et
1224 4460 1284 4512 cap
1298 4446 1330 4498 71
1346 4444 1394 4500 tin.
