3100 5175
516 408 693 471 ERATO.
718 411 772 471 VI.
795 421 839 474 61.
861 418 904 474 dt.
1216 407 1277 472 309

139 588 309 671 Φοιβηίου
334 585 420 669 ίρού.
448 578 534 662 ὅπως
556 582 593 651 δὲ
613 585 753 653 ἐνείκειε
774 580 947 672 ἡτροφός,
969 583 1050 670 πρός
1071 611 1104 653 τε
1119 580 1276 672 τῶγαλμα

137 691 213 755 ἵστα
228 688 286 754 καὶ
301 688 450 755 ἐλίσσετο
464 684 525 773 τὴν
539 683 640 771 θεὸν,
656 683 841 769 ἀπαλλάξαι
857 693 913 775 της
928 693 1139 775 δυσμορφίης
1149 685 1187 756 τὸ
1197 714 1273 756 παι-

139 794 224 858 δίον.
257 790 313 856 καλ
337 788 379 877 δή
400 815 475 857 κοτε
495 785 641 877 ἀπιούσῃ
661 794 698 858 ἐκ
715 797 775 860 τοῦ
789 795 864 876 ίρού
879 795 918 879 τῇ
933 794 1047 883 τροφῷ
1059 804 1205 876 γυναῖκα
1220 793 1273 860 λε’·

137 919 231 979 γεται
246 894 471 980 ἐπιφανῆναι,
494 894 717 980 ἐπιφανεῖσαν
736 894 773 963 δὲ
795 896 993 979 ἐπείρεσθαί
1004 921 1078 981 μιν.
1102 889 1120 961 d
1134 922 1165 962 τι
1179 897 1275 980 φέρει

137 1000 175 1065 ἐν
188 1000 231 1085 τῇ
243 993 392 1084 ἀγκάλη·
414 996 469 1063 καλ
484 994 545 1083 τὴν
558 994 701 1082 φράσαι,
721 992 765 1076 ὥς
778 1002 915 1067 παιδίον
933 999 1057 1084 φορέει.
1088 995 1150 1085 τὴν
1164 996 1202 1065 δὲ
1217 1024 1273 1066 κε-

137 1104 260 1168 λεῦσαί
278 1104 313 1167 οί
333 1101 440 1180 δέξαι·
472 1098 534 1186 τὴν
556 1099 593 1168 δὲ
608 1095 649 1176 ού
669 1099 790 1187 φάναι·
811 1097 1015 1188 ἀπειρῆσθαι
1030 1091 1093 1186 γάρ
1110 1104 1145 1168 οί
1155 1103 1192 1169 ἐκ
1205 1104 1275 1168 τῶν

137 1207 348 1290 γειναμένων
368 1202 488 1289 μηδενὶ
510 1201 758 1272 ἐπιδεικνύναι·
792 1201 854 1292 τὴν
875 1204 912 1272 δὲ
934 1202 1066 1282 πάντως
1087 1205 1195 1293 ἑωυτῇ
1216 1230 1271 1272 κε-

136 1304 251 1376 λεύειν
265 1307 425 1388 ἐπιδεξαι.
459 1300 593 1391 ὁρῶσαν
615 1305 652 1374 δὲ
676 1304 736 1395 τὴν
758 1322 903 1393 γυναῖκα
918 1307 994 1387 περὶ
1010 1312 1137 1375 πολλοῦ
1156 1334 1271 1376 ποιευ-

134 1414 242 1497 μένην
256 1411 411 1492 ἰδέσθαι,
434 1404 522 1476 οὕτω
545 1406 586 1495 δὴ
605 1407 667 1496 τὴν
681 1407 808 1496 τροφὸν
823 1407 914 1493 δέξαι
928 1407 964 1478 sd
980 1413 1132 1478 παιδίον·
1160 1409 1221 1497 τὴν
1235 1410 1273 1479 δὲ

135 1517 341 1593 καταψῶσαν
359 1516 421 1578 τοῦ
438 1516 576 1580 παιδίον
596 1509 657 1599 τὴν
671 1510 823 1600 κεφαλὴν
845 1512 952 1594 εἶπαι,
975 1508 1020 1590 ὣς
1040 1511 1272 1581 καλλιστεύσει
1300 1553 1305 1562 ·

134 1618 271 1685 πασέων
284 1619 354 1683 τῶν
369 1616 405 1682 ἐν
416 1614 555 1703 Σπάρτῃ
571 1621 751 1701 γυναικῶν.
774 1613 839 1683 ἀπὸ
854 1616 917 1703 μὲν
931 1613 972 1703 δὴ
987 1614 1107 1701 ταύτης
1120 1620 1177 1704 τῆς
1190 1610 1269 1703 ἡμέ-

134 1747 193 1806 ρης
211 1732 414 1806 μεταπεσεῖν
439 1716 476 1786 τὰ
499 1715 597 1796 εἶδος.
639 1722 762 1805 Γαμεέι
784 1718 820 1786 δὲ
845 1718 887 1806 δή
911 1746 969 1805 μιν
990 1720 1023 1796 ἐς
1047 1718 1156 1805 γάμον
1178 1715 1271 1806 ὥρην

135 1820 344 1910 ἀπικομένην
361 1817 502 1908 ’Ἄγητος
521 1817 538 1889 ὁ
556 1818 750 1905 Ἀλκείδεω,
771 1812 875 1900 odrog⁸
890 1818 931 1908 δὴ
952 1816 969 1887 ὁ
991 1824 1051 1888 τοῦ
1072 1817 1269 1906 Ἀρίστωνος

87 1933 249 2014 ιοσφίλος.
301 1921 366 1994 Τὸν
381 1923 418 1992 δὲ
435 1921 616 2011 Ἀρίστωνα
636 1930 743 2007 ἔκνιζε
763 1919 828 2009 ἀρα
848 1930 905 2010 τῆς
927 1919 1086 2011 γυναικὸς
1105 1922 1225 2011 ταύτης
1250 1918 1316 1992 662

133 2095 213 2169 tedae
227 2102 339 2168 ringula
351 2101 497 2166 descripsit
507 2101 619 2152 Curtius
633 2104 677 2150 in:
727 2107 816 2153 morat
829 2103 932 2162 fanum,
946 2104 973 2153 in
991 2118 1044 2166 quo
1057 2103 1174 2166 Enyaiio
1189 2120 1270 2156 saera

134 2174 314 2238 Peloponnes.
333 2171 369 2221 11.
388 2187 450 2237 pag.
467 2170 518 2222 239
531 2186 607 2236 seqq.
626 2171 677 2223 316
729 2175 835 2223 faciant
849 2173 955 2237 ephebi.
980 2172 1050 2222 add.
1065 2173 1126 2224 Liv.
1143 2174 1269 2236 XXXIV,

134 2259 208 2309 seqq.
225 2242 323 2293 addita
335 2241 430 2291 tabuit
441 2241 474 2290 X.
502 2242 611 2291 Etenim
624 2241 678 2289 Eu·
727 2243 769 2293 38.
810 2244 851 2292 Ad
872 2242 1052 2292 locutionem:
1079 2233 1109 2289 ἐν
1127 2239 1163 2307 τῇ
1181 2241 1270 2305 Θεραί

133 2320 220 2364 rotam
235 2317 425 2375 transgressus
438 2310 472 2359 ab
489 2311 551 2374 ipsa
566 2311 677 2376 Sparta,
727 2328 786 2378 πνῃ
809 2310 964 2376 καλεομένη
983 2311 1019 2373 (i.
1040 2325 1062 2361 e.
1081 2312 1267 2376 praedicitur)

133 2399 211 2447 quam
225 2382 268 2438 ad,
279 2385 382 2431 rectam
399 2380 475 2430 fluvii
490 2381 578 2444 ripam
593 2381 678 2429 fuisse
726 2379 1267 2445 Oreus.oontertdst.adPlaton.Remp.

134 2455 341 2512 sitamoonstat,
349 2449 487 2501 meridiem
495 2464 589 2499 versus
599 2450 677 2499 iuxta
726 2453 775 2510 Vi,
787 2454 812 2501 7.
826 2467 852 2516 p.
865 2451 924 2502 540,
939 2452 1015 2499 -In
1031 2465 1107 2514 seqq.
1125 2449 1158 2499 de
1170 2452 1270 2502 aoristi

134 2524 244 2573 flurium
255 2520 440 2571 inlaevaeiua
450 2519 679 2584 partesideseen·
726 2520 861 2570 infinitivo
877 2510 1037 2577 ἀπαλλάξαι
1059 2519 1164 2570 monuit
1179 2520 1269 2571 Kueh·

133 2594 213 2657 deris,
225 2607 288 2642 mox
299 2591 452 2656 pervenies,
462 2604 516 2640 non
526 2591 566 2639 ita
578 2604 677 2653 magno
727 2607 775 2642 ner
788 2593 834 2641 Gr.
847 2592 894 2641 Gr.
911 2593 936 2653 §-
949 2592 1008 2638 445.
1023 2594 1079 2638 not.
1093 2593 1120 2639 2.

133 2662 281 2713 intervallo
294 2662 450 2720 interiecto,
460 2660 494 2708 ad
506 2675 566 2709 eum
578 2659 677 2720 locum,
761 2654 852 2724 δέξαι]
882 2659 1047 2722 Scripsimos
1060 2652 1149 2717 δέξαι
1163 2661 1191 2708 et
1205 2674 1268 2708 mox

134 2731 331 2799 quoParnonis
345 2730 445 2779 montis
459 2729 494 2778 ad
505 2729 612 2778 laevam
623 2729 676 2776 Eu·
726 2722 866 2789 ἐπιδέξαι
889 2743 937 2793 pro
952 2726 1026 2789 vulg.
1048 2723 1140 2787 δεῖξαι
1159 2731 1187 2776 et
1208 2719 1267 2775 ἐπι-

132 2809 207 2853 rotae
216 2808 324 2867 partem
333 2798 505 2863 exsurgentis
515 2813 579 2862 pars
591 2801 678 2848 extre·
726 2796 836 2859 δεῖξαι,
861 2813 931 2863 quae
954 2797 1073 2857 formae,
1094 2800 1126 2846 ut
1147 2795 1269 2847 ostendit

133 2888 175 2922 ma
188 2872 224 2921 ad
238 2872 327 2936 ipsum
342 2870 454 2919 fluvium
471 2883 555 2932 prope
568 2866 677 2917 aooedit
726 2868 843 2920 Bredov.
858 2883 884 2932 p.
895 2865 952 2927 153,
965 2865 999 2915 ab
1008 2865 1149 2915 Herodoto
1161 2864 1267 2916 alienae

133 2958 246 3007 eumque
268 2940 326 2990 fere
341 2937 467 3002 attingit:
490 2938 518 2985 in
535 2936 616 2987 huius
633 2952 678 2985 ox·
726 2942 798 2990 eunt.
821 2965 855 2974 -
880 2935 1098 2985 Adloeutionem
1112 2925 1268 2996 ἀπειρῆ-

132 3013 210 3062 tremi
234 3010 313 3061 oollia
341 3007 453 3072 fastigio
478 3006 676 3057 extendebatur
728 2993 1212 3068 οθαι-μηδενλίπιδεικνύναι
1228 3003 1265 3055 of.

132 3079 356 3147 quaeTherepne
368 3081 492 3138 vocatur,
506 3076 597 3141 ibique
609 3082 678 3124 tem·
726 3078 783 3135 ΙΙΙ,
803 3078 859 3126 128.
903 3075 968 3123 Mox
989 3086 1037 3135 pro
1054 3068 1268 3149 neroddoov'in

131 3152 203 3215 plum
217 3156 245 3199 et
258 3147 379 3199 Menelai
400 3150 427 3196 et
444 3145 580 3206 Helenae,
598 3145 675 3195 ouius
727 3146 825 3197 Glossa
838 3143 995 3195 Herodotea
1009 3145 1052 3190 est
1064 3139 1178 3200 deiecto·
1198 3140 1268 3190 θαλ-

131 3221 180 3271 hoo
198 3221 261 3269 loeo
280 3217 382 3267 mentio
398 3214 442 3275 fit,
461 3214 514 3264 nisi
527 3214 675 3279 ‘utriusque
727 3227 850 3276 πονσαν,
862 3217 880 3262 i.
895 3229 918 3262 ο.
929 3212 1116 3266 demulcentem
1135 3210 1267 3261 sedidem

130 3290 249 3342 numinis
270 3286 401 3352 templum
417 3286 565 3334 tcommune
589 3284 676 3333 fuisse
725 3285 839 3335 verbum
859 3281 1037 3345 compositum
1058 3279 1110 3330 hoo
1133 3296 1214 3331 sensu
1239 3281 1267 3329 in

132 3360 298 3411 credideris:
328 3357 399 3407 satis
422 3354 581 3413 ostendunt,
605 3367 676 3417 quae
726 3350 1028 3419 XenophontApolog.
1049 3350 1131 3412 ΜΒ.
1157 3349 1265 3399 Platon.

130 3445 216 3494 nuper
228 3428 268 3478 ibi
279 3427 390 3477 detecta
403 3429 481 3485 sunt,
500 3423 556 3473 vid.
567 3423 676 3471 L.Ross
726 3423 830 3476 Phaed.
845 3440 871 3488 p.
886 3421 948 3472 8913
969 3419 1085 3483 aliisque
1097 3419 1180 3479 loeis,
1199 3435 1266 3485 qnos

130 3489 675 3555 Hali.Lit.-Zeit.1ntoiligenzbl.1837.
727 3493 783 3546 vid,
803 3492 932 3542 in0Thes.
952 3490 1033 3551 Ling.
1051 3490 1147 3540 Graec.
1168 3490 1200 3538 T.
1218 3489 1266 3538 lv.

130 3571 230 3622 ordi.
263 3566 428 3616 Hicoevero
447 3562 676 3623 eoiiis,inouirre
727 3581 753 3627 p.
769 3562 916 3613 1311eoit.
931 3558 1104 3610 Dindorf.-
1125 3561 1178 3609 Pro
1192 3558 1291 3623 vulg..

130 3638 242 3704 fastigio
255 3635 386 3700 templum
399 3632 452 3682 fuit
466 3634 558 3694 situm,
573 3633 612 3680 ita
626 3631 675 3678 im·
726 3631 906 3694 μεταπεοὲειν
922 3628 1019 3693 scripsi
1035 3628 1216 3691 μεταπεσεῖν,
1235 3632 1266 3677 ut

130 3709 215 3759 minet
226 3707 312 3757 fluvio
325 3709 352 3754 et
367 3701 494 3768 planitiei
505 3701 539 3749 ad
552 3700 675 3750 dextram
725 3703 765 3764 V,
786 3703 834 3759 so,
853 3702 901 3751 ubi
921 3697 976 3751 vid.
996 3703 1065 3749 nott.
1092 3698 1134 3772 Ad
1151 3698 1267 3762 genitivi

130 3778 205 3828 fluvii
217 3779 307 3842 ripam
318 3778 448 3826 extensae
459 3777 486 3821 et
497 3770 618 3820 Phobaei
628 3784 676 3832 ap·
726 3788 805 3823 usum
825 3773 852 3821 in
867 3768 958 3820 verbis
978 3765 1167 3816 καλλιστευσει
1182 3760 1266 3815 πασί-

130 3847 279 3912 peliatione
292 3844 462 3907 designatae,
474 3847 504 3891 ut
514 3846 588 3893 τεοῖο
601 3853 677 3889 vere·
727 3857 767 3890 ων
786 3839 843 3890 τοῖν
862 3869 892 3876 -
910 3834 1055 3900 γυναικοῖν
1078 3837 1113 3887 of.
1139 3835 1266 3887 Kuehner

130 3933 179 3972 οοε
196 3919 300 3968 Noster
321 3913 466 3978 scripsisse
485 3910 623 3975 putandus
639 3910 676 3958 sit
726 3912 773 3962 Gr.
787 3911 833 3963 Gr.
851 3914 876 3973 ς.
892 3907 953 3957 539.

129 3980 242 4049 direptis
259 3979 313 4033 τού
333 3978 473 4047 Φοιβηίου
495 3973 574 4039 ίρούε
603 3977 675 4042 quod

130 4057 218 4122 ipsum
236 4053 353 4104 inferius
375 4052 411 4101 ab
433 4050 498 4100 urbe
517 4052 616 4111 Sparte
639 4046 674 4095 ad
910 4074 976 4125 Cn·
996 4074 1083 4124 LXII·

131 4126 244 4177 eandem
263 4123 342 4173 fluvii
365 4124 470 4187 pestem
490 4119 612 4168 dextram
639 4116 676 4165 οἱ·

131 4202 233 4246 tumea
246 4187 620 4252 adeersoTherapneafuit:
642 4177 674 4232 τὸ
764 4169 824 4229 Τὸν
840 4168 1030 4239 δεἈρίστωνα
1042 4168 1139 4239 ἔκνιζε]
1165 4174 1268 4231 „Istius

131 4258 161 4314 di
174 4253 318 4329 Φοιβαῖόν
338 4251 413 4309 ἔστιν
429 4249 508 4313 ἐκτὸς
526 4252 576 4320 τῆς
595 4247 677 4303 πόλε-
727 4252 836 4301 seclieris
849 4264 919 4297 οιτον
928 4246 1069 4296 Aristonem
1080 4244 1213 4309 pungebat.
1235 4243 1268 4315 Irr
1353 4308 1356 4313 ᾗ

133 4350 182 4395 ως,
202 4323 360 4394 Θεράπνης
378 4319 413 4378 ού
431 4320 504 4377 πολύ
517 4315 678 4388 ἀφεστηκὸς
728 4320 849 4372 Glossar.
869 4313 994 4381 [Herod]
1017 4320 1044 4366 et
1060 4314 1144 4363 Suida
1161 4307 1268 4372 ἔκνιξεν

134 4405 229 4455 scribit
242 4403 327 4453 Paus.
341 4399 395 4462 ΙΙΙ,
411 4399 451 4459 14,
464 4396 481 4447 o
494 4395 555 4446 οοΙΙ.
570 4394 622 4452 ΙΙΙ,
635 4392 678 4453 20,
729 4389 852 4440 redditur
874 4381 988 4444 ἔδακεν,
1011 4384 1160 4434 adhibitum
1184 4383 1268 4433 etiam

137 4476 163 4539 l,
184 4474 231 4524 ubi
254 4473 340 4523 etism
355 4469 550 4519 Dioscurorum
565 4477 680 4514 comme·
729 4459 846 4522 vl1‚12.
867 4456 929 4521 Sed,
941 4460 971 4506 ut
983 4454 1038 4518 hio,
1050 4469 1132 4520 saepe
1142 4453 1268 4519 designat
