<?xml version="1.0" encoding="UTF-8"?>
<!DOCTYPE html PUBLIC "-//W3C//DTD XHTML 1.0 Transitional//EN"
    "http://www.w3.org/TR/xhtml1/DTD/xhtml1-transitional.dtd">
<html xmlns="http://www.w3.org/1999/xhtml" xml:lang="en" lang="en">
 <head>
  <title>
</title>
<meta http-equiv="Content-Type" content="text/html;charset=utf-8" />
  <meta name='ocr-system' content='tesseract 3.04.00' />
  <meta name='ocr-capabilities' content='ocr_page ocr_carea ocr_par ocr_line ocrx_word'/>
</head>
<body>
  <div class='ocr_page' id='page_1' title='image "./herodotihalicar01unkngoog/herodotihalicar01unkngoog_0065.png"; bbox 0 0 3100 5175; ppageno 0'>
   <div class='ocr_carea' id='block_1_1' title="bbox 450 408 1304 483">
    <p class='ocr_par' dir='ltr' id='par_1_1' title="bbox 450 408 1304 483">
     <span class='ocr_line' id='line_1_1' title="bbox 450 408 1304 483; baseline 0.011 -9"><span class='ocrx_word' id='word_1_1' title='bbox 450 408 821 475; x_wconf 78' lang='lat' dir='ltr'>TERPSIOHORE.</span> <span class='ocrx_word' id='word_1_2' title='bbox 844 415 882 477; x_wconf 87' lang='lat' dir='ltr'>V.</span> <span class='ocrx_word' id='word_1_3' title='bbox 906 425 1025 483; x_wconf 81' lang='lat'><strong>31-33.</strong></span> <span class='ocrx_word' id='word_1_4' title='bbox 1264 415 1304 482; x_wconf 83' lang='lat'>53</span> 
     </span>
    </p>
   </div>
   <div class='ocr_carea' id='block_1_2' title="bbox 146 584 1345 1409">
    <p class='ocr_par' dir='ltr' id='par_1_2' title="bbox 146 584 1302 886">
     <span class='ocr_line' id='line_1_2' title="bbox 160 584 1300 682; baseline 0.011 -28"><span class='ocrx_word' id='word_1_5' title='bbox 160 585 352 672; x_wconf 72' lang='grc' dir='ltr'><em>θυγατέρα,</em></span> <span class='ocrx_word' id='word_1_6' title='bbox 376 592 485 674; x_wconf 81' lang='grc' dir='ltr'><em>ἔρωτα</em></span> <span class='ocrx_word' id='word_1_7' title='bbox 500 584 590 676; x_wconf 69' lang='grc' dir='ltr'><em>σχὼν</em></span> <span class='ocrx_word' id='word_1_8' title='bbox 609 593 666 677; x_wconf 80' lang='grc' dir='ltr'>τῆς</span> <span class='ocrx_word' id='word_1_9' title='bbox 676 584 832 671; x_wconf 76' lang='grc' dir='ltr'><em>Ἑλλάδος</em></span> <span class='ocrx_word' id='word_1_10' title='bbox 847 589 1010 679; x_wconf 81' lang='grc' dir='ltr'><em>τύραννος</em></span> <span class='ocrx_word' id='word_1_11' title='bbox 1024 596 1192 682; x_wconf 80' lang='grc' dir='ltr'><em>γενέσθαι.</em></span> <span class='ocrx_word' id='word_1_12' title='bbox 1219 592 1300 666; x_wconf 76' lang='grc' dir='ltr'><em>ἄπο·</em></span> 
     </span>
     <span class='ocr_line' id='line_1_3' title="bbox 146 691 1302 787; baseline 0.011 -30"><span class='ocrx_word' id='word_1_13' title='bbox 146 692 256 778; x_wconf 33' lang='grc' dir='ltr'><em>,δέξας</em></span> <span class='ocrx_word' id='word_1_14' title='bbox 283 691 321 760; x_wconf 74' lang='lat' dir='ltr'>db</span> <span class='ocrx_word' id='word_1_15' title='bbox 349 691 561 780; x_wconf 73' lang='grc' dir='ltr'><em>Μεγαβάτην</em></span> <span class='ocrx_word' id='word_1_16' title='bbox 582 692 768 782; x_wconf 86' lang='grc' dir='ltr'><em>στρατηγόν</em></span> <span class='ocrx_word' id='word_1_17' title='bbox 791 692 1014 787; x_wconf 71' lang='grc' dir='ltr'><em>Ἀρταφέρνης</em></span> <span class='ocrx_word' id='word_1_18' title='bbox 1041 696 1212 769; x_wconf 81' lang='grc' dir='ltr'><em>οἶπέστειλε</em></span> <span class='ocrx_word' id='word_1_19' title='bbox 1242 700 1302 771; x_wconf 89' lang='grc' dir='ltr'>τόν</span> 
     </span>
     <span class='ocr_line' id='line_1_4' title="bbox 159 792 741 886; baseline 0.01 -25"><span class='ocrx_word' id='word_1_20' title='bbox 159 792 304 882; x_wconf 86' lang='grc' dir='ltr'><em>στρατόν</em></span> <span class='ocrx_word' id='word_1_21' title='bbox 317 793 411 883; x_wconf 76' lang='grc' dir='ltr'><em>παρὰ</em></span> <span class='ocrx_word' id='word_1_22' title='bbox 424 794 484 864; x_wconf 85' lang='grc' dir='ltr'>τόν</span> <span class='ocrx_word' id='word_1_23' title='bbox 496 793 741 886; x_wconf 74' lang='grc' dir='ltr'><em>Ἀρισταγόρην.</em></span> 
     </span>
    </p>

    <p class='ocr_par' dir='ltr' id='par_1_3' title="bbox 155 896 1345 1409">
     <span class='ocr_line' id='line_1_5' title="bbox 231 896 1345 995; baseline 0.009 -29"><span class='ocrx_word' id='word_1_24' title='bbox 231 897 452 988; x_wconf 72' lang='grc' dir='ltr'><em>Παραλαβὼν</em></span> <span class='ocrx_word' id='word_1_25' title='bbox 473 900 509 969; x_wconf 69' lang='lat' dir='ltr'>dl</span> <span class='ocrx_word' id='word_1_26' title='bbox 531 896 767 990; x_wconf 78' lang='grc' dir='ltr'><em>ὁΜεγαβοὶτης</em></span> <span class='ocrx_word' id='word_1_27' title='bbox 788 905 824 970; x_wconf 80' lang='grc' dir='ltr'>ἐκ</span> <span class='ocrx_word' id='word_1_28' title='bbox 838 904 894 990; x_wconf 81' lang='grc' dir='ltr'>τῆς</span> <span class='ocrx_word' id='word_1_29' title='bbox 908 900 1065 990; x_wconf 81' lang='grc' dir='ltr'><em>Μιλήτου</em></span> <span class='ocrx_word' id='word_1_30' title='bbox 1084 902 1143 973; x_wconf 90' lang='grc' dir='ltr'>τόν</span> <span class='ocrx_word' id='word_1_31' title='bbox 1164 933 1199 974; x_wconf 81' lang='grc' dir='ltr'>τε</span> <span class='ocrx_word' id='word_1_32' title='bbox 1211 905 1294 995; x_wconf 86' lang='grc' dir='ltr'><em>Ἀρι-</em></span> <span class='ocrx_word' id='word_1_33' title='bbox 1306 907 1345 969; x_wconf 88' lang='grc'>33</span> 
     </span>
     <span class='ocr_line' id='line_1_6' title="bbox 157 1001 1296 1099; baseline 0.01 -29"><span class='ocrx_word' id='word_1_34' title='bbox 157 1002 328 1090; x_wconf 88' lang='grc' dir='ltr'><em>σταγόρηυ</em></span> <span class='ocrx_word' id='word_1_35' title='bbox 342 1005 398 1072; x_wconf 81' lang='grc' dir='ltr'><em>καλ</em></span> <span class='ocrx_word' id='word_1_36' title='bbox 413 1001 569 1092; x_wconf 80' lang='grc' dir='ltr'><em>τηνἸόδα</em></span> <span class='ocrx_word' id='word_1_37' title='bbox 582 1003 742 1094; x_wconf 84' lang='grc' dir='ltr'><em>στρατιὴν</em></span> <span class='ocrx_word' id='word_1_38' title='bbox 755 1006 811 1073; x_wconf 79' lang='grc' dir='ltr'><em>καὶ</em></span> <span class='ocrx_word' id='word_1_39' title='bbox 825 1004 901 1086; x_wconf 80' lang='grc' dir='ltr'><em>τοὺς</em></span> <span class='ocrx_word' id='word_1_40' title='bbox 907 1010 1055 1089; x_wconf 82' lang='grc' dir='ltr'><em>Ναξίους</em></span> <span class='ocrx_word' id='word_1_41' title='bbox 1064 1015 1158 1077; x_wconf 84' lang='grc' dir='ltr'><em>ἔπλεε</em></span> <span class='ocrx_word' id='word_1_42' title='bbox 1167 1009 1296 1099; x_wconf 85' lang='grc' dir='ltr'><em>πρόφα-</em></span> 
     </span>
     <span class='ocr_line' id='line_1_7' title="bbox 157 1103 1298 1200; baseline 0.011 -26"><span class='ocrx_word' id='word_1_43' title='bbox 157 1127 213 1174; x_wconf 88' lang='grc' dir='ltr'><em>σιν</em></span> <span class='ocrx_word' id='word_1_44' title='bbox 221 1104 272 1175; x_wconf 79' lang='grc' dir='ltr'>ἐπ’</span> <span class='ocrx_word' id='word_1_45' title='bbox 282 1103 537 1194; x_wconf 72' lang='grc' dir='ltr'><em>Ἑλλησπόντου.</em></span> <span class='ocrx_word' id='word_1_46' title='bbox 555 1111 670 1178; x_wconf 78' lang='grc' dir='ltr'><em>ἐπείτε</em></span> <span class='ocrx_word' id='word_1_47' title='bbox 682 1109 718 1178; x_wconf 65' lang='lat' dir='ltr'>db</span> <span class='ocrx_word' id='word_1_48' title='bbox 732 1112 862 1196; x_wconf 82' lang='grc' dir='ltr'><em>ἐγένετο</em></span> <span class='ocrx_word' id='word_1_49' title='bbox 879 1114 1007 1200; x_wconf 79' lang='grc' dir='ltr'><em>ένΧίῳ,</em></span> <span class='ocrx_word' id='word_1_50' title='bbox 1020 1118 1093 1198; x_wconf 83' lang='grc' dir='ltr'><em>ἔσχε</em></span> <span class='ocrx_word' id='word_1_51' title='bbox 1105 1110 1162 1191; x_wconf 76' lang='grc' dir='ltr'>τὰς</span> <span class='ocrx_word' id='word_1_52' title='bbox 1173 1117 1251 1196; x_wconf 83' lang='grc' dir='ltr'><em>νέας</em></span> <span class='ocrx_word' id='word_1_53' title='bbox 1265 1119 1298 1194; x_wconf 81' lang='grc' dir='ltr'>ές</span> 
     </span>
     <span class='ocr_line' id='line_1_8' title="bbox 157 1206 1297 1305; baseline 0.009 -28"><span class='ocrx_word' id='word_1_54' title='bbox 157 1208 335 1296; x_wconf 78' lang='grc' dir='ltr'><em>Καύκασα,</em></span> <span class='ocrx_word' id='word_1_55' title='bbox 345 1206 389 1290; x_wconf 76' lang='grc' dir='ltr'>ὡς</span> <span class='ocrx_word' id='word_1_56' title='bbox 403 1214 566 1281; x_wconf 80' lang='grc' dir='ltr'><em>ἐνθεῦτεν</em></span> <span class='ocrx_word' id='word_1_57' title='bbox 574 1216 676 1301; x_wconf 88' lang='grc' dir='ltr'><em>βορέη</em></span> <span class='ocrx_word' id='word_1_58' title='bbox 691 1208 804 1303; x_wconf 74' lang='grc' dir='ltr'><em>ἀνέμῳ</em></span> <span class='ocrx_word' id='word_1_59' title='bbox 821 1216 854 1292; x_wconf 81' lang='grc' dir='ltr'>ἐς</span> <span class='ocrx_word' id='word_1_60' title='bbox 861 1212 922 1301; x_wconf 81' lang='grc' dir='ltr'>τὴν</span> <span class='ocrx_word' id='word_1_61' title='bbox 929 1213 1043 1296; x_wconf 77' lang='grc' dir='ltr'><em>Νάξου</em></span> <span class='ocrx_word' id='word_1_62' title='bbox 1057 1217 1225 1305; x_wconf 77' lang='grc' dir='ltr'><em>διαβάλοι·</em></span> <span class='ocrx_word' id='word_1_63' title='bbox 1240 1221 1297 1287; x_wconf 82' lang='grc' dir='ltr'><em>καὶ</em></span> 
     </span>
     <span class='ocr_line' id='line_1_9' title="bbox 155 1310 1294 1409; baseline 0.008 -27"><span class='ocrx_word' id='word_1_64' title='bbox 155 1310 276 1405; x_wconf 80' lang='grc' dir='ltr'><em>οὐγὰρ</em></span> <span class='ocrx_word' id='word_1_65' title='bbox 293 1319 366 1384; x_wconf 76' lang='grc' dir='ltr'><em>ἔδει</em></span> <span class='ocrx_word' id='word_1_66' title='bbox 383 1315 491 1407; x_wconf 76' lang='grc' dir='ltr'><em>τούτῳ</em></span> <span class='ocrx_word' id='word_1_67' title='bbox 505 1321 553 1408; x_wconf 77' lang='grc' dir='ltr'>τῷ</span> <span class='ocrx_word' id='word_1_68' title='bbox 566 1314 672 1408; x_wconf 76' lang='grc' dir='ltr'><em>στόλῳ</em></span> <span class='ocrx_word' id='word_1_69' title='bbox 688 1319 835 1399; x_wconf 82' lang='grc' dir='ltr'><em>Ναξίους</em></span> <span class='ocrx_word' id='word_1_70' title='bbox 849 1313 1050 1403; x_wconf 76' lang='grc' dir='ltr'><em>ἀπολέσθαι,</em></span> <span class='ocrx_word' id='word_1_71' title='bbox 1071 1323 1206 1409; x_wconf 81' lang='grc' dir='ltr'><em>πρῆγμα</em></span> <span class='ocrx_word' id='word_1_72' title='bbox 1227 1349 1294 1391; x_wconf 81' lang='grc' dir='ltr'><em>τοι-</em></span> 
     </span>
    </p>
   </div>
   <div class='ocr_carea' id='block_1_3' title="bbox 152 1515 1294 2068">
    <p class='ocr_par' dir='ltr' id='par_1_4' title="bbox 152 1515 1294 2068">
     <span class='ocr_line' id='line_1_10' title="bbox 155 1515 1294 1584; baseline 0.006 -19"><span class='ocrx_word' id='word_1_73' title='bbox 155 1515 300 1566; x_wconf 85' lang='lat' dir='ltr'>Graeoiam</span> <span class='ocrx_word' id='word_1_74' title='bbox 317 1516 347 1565; x_wconf 92' lang='lat' dir='ltr'>in</span> <span class='ocrx_word' id='word_1_75' title='bbox 360 1516 432 1580; x_wconf 79' lang='lat' dir='ltr'>regis</span> <span class='ocrx_word' id='word_1_76' title='bbox 444 1519 610 1580; x_wconf 87' lang='lat' dir='ltr'>potestatam</span> <span class='ocrx_word' id='word_1_77' title='bbox 625 1515 704 1565; x_wconf 87' lang='lat' dir='ltr'>redo·</span> <span class='ocrx_word' id='word_1_78' title='bbox 755 1532 850 1568; x_wconf 89' lang='lat' dir='ltr'>versus</span> <span class='ocrx_word' id='word_1_79' title='bbox 864 1518 1013 1583; x_wconf 77' lang='lat' dir='ltr'>navigandi</span> <span class='ocrx_word' id='word_1_80' title='bbox 1022 1524 1195 1584; x_wconf 79' lang='lat' dir='ltr'>praetextum</span> <span class='ocrx_word' id='word_1_81' title='bbox 1207 1537 1294 1572; x_wconf 90' lang='lat' dir='ltr'>sume-</span> 
     </span>
     <span class='ocr_line' id='line_1_11' title="bbox 154 1584 1294 1651; baseline 0.005 -16"><span class='ocrx_word' id='word_1_82' title='bbox 154 1590 262 1636; x_wconf 84' lang='lat' dir='ltr'>cturum</span> <span class='ocrx_word' id='word_1_83' title='bbox 280 1601 342 1636; x_wconf 88' lang='lat' dir='ltr'>esse</span> <span class='ocrx_word' id='word_1_84' title='bbox 361 1584 501 1650; x_wconf 80' lang='lat' dir='ltr'>pollicitus</span> <span class='ocrx_word' id='word_1_85' title='bbox 520 1589 570 1637; x_wconf 87' lang='lat' dir='ltr'>est.</span> <span class='ocrx_word' id='word_1_86' title='bbox 607 1585 703 1649; x_wconf 80' lang='lat' dir='ltr'>Neque</span> <span class='ocrx_word' id='word_1_87' title='bbox 754 1592 806 1637; x_wconf 85' lang='lat' dir='ltr'>ret.</span> <span class='ocrx_word' id='word_1_88' title='bbox 832 1588 874 1638; x_wconf 92' lang='lat' dir='ltr'>De</span> <span class='ocrx_word' id='word_1_89' title='bbox 887 1604 954 1638; x_wconf 89' lang='lat' dir='ltr'>voce</span> <span class='ocrx_word' id='word_1_90' title='bbox 969 1586 1114 1650; x_wconf 77' lang='grc' dir='ltr'><em>πρόφασις</em></span> <span class='ocrx_word' id='word_1_91' title='bbox 1125 1591 1161 1643; x_wconf 85' lang='lat' dir='ltr'>ot.</span> <span class='ocrx_word' id='word_1_92' title='bbox 1177 1592 1229 1651; x_wconf 85' lang='lat' dir='ltr'>lv,</span> <span class='ocrx_word' id='word_1_93' title='bbox 1247 1591 1294 1643; x_wconf 79' lang='lat'>165</span> 
     </span>
     <span class='ocr_line' id='line_1_12' title="bbox 153 1653 1293 1722; baseline 0.006 -19"><span class='ocrx_word' id='word_1_94' title='bbox 153 1654 235 1705; x_wconf 84' lang='lat' dir='ltr'>aliter</span> <span class='ocrx_word' id='word_1_95' title='bbox 249 1655 307 1706; x_wconf 82' lang='lat' dir='ltr'>tere</span> <span class='ocrx_word' id='word_1_96' title='bbox 320 1655 437 1705; x_wconf 76' lang='lat' dir='ltr'>tradidit</span> <span class='ocrx_word' id='word_1_97' title='bbox 446 1653 583 1706; x_wconf 90' lang='lat' dir='ltr'>Diodorus</span> <span class='ocrx_word' id='word_1_98' title='bbox 593 1653 703 1705; x_wconf 88' lang='lat' dir='ltr'>Siculus</span> <span class='ocrx_word' id='word_1_99' title='bbox 753 1657 844 1722; x_wconf 85' lang='lat' dir='ltr'>ibique</span> <span class='ocrx_word' id='word_1_100' title='bbox 854 1663 925 1711; x_wconf 88' lang='lat' dir='ltr'>nott.</span> <span class='ocrx_word' id='word_1_101' title='bbox 941 1657 995 1718; x_wconf 86' lang='lat' dir='ltr'>Vl,</span> <span class='ocrx_word' id='word_1_102' title='bbox 1009 1658 1050 1708; x_wconf 80' lang='lat'>86.</span> <span class='ocrx_word' id='word_1_103' title='bbox 1066 1659 1136 1719; x_wconf 89' lang='lat' dir='ltr'>Vll,</span> <span class='ocrx_word' id='word_1_104' title='bbox 1150 1658 1207 1709; x_wconf 81' lang='lat'>150.</span> <span class='ocrx_word' id='word_1_105' title='bbox 1243 1662 1293 1710; x_wconf 81' lang='lat' dir='ltr'>Ac·</span> 
     </span>
     <span class='ocr_line' id='line_1_13' title="bbox 153 1719 1293 1792; baseline 0.004 -18"><span class='ocrx_word' id='word_1_106' title='bbox 153 1725 209 1786; x_wconf 80' lang='lat' dir='ltr'>xl,</span> <span class='ocrx_word' id='word_1_107' title='bbox 222 1727 272 1785; x_wconf 71' lang='lat'>44,</span> <span class='ocrx_word' id='word_1_108' title='bbox 287 1730 330 1786; x_wconf 84' lang='lat' dir='ltr'>et,</span> <span class='ocrx_word' id='word_1_109' title='bbox 348 1725 397 1789; x_wconf 90' lang='lat' dir='ltr'>qui</span> <span class='ocrx_word' id='word_1_110' title='bbox 411 1723 595 1788; x_wconf 78' lang='lat' dir='ltr'>Thucydidem</span> <span class='ocrx_word' id='word_1_111' title='bbox 609 1739 702 1788; x_wconf 89' lang='lat' dir='ltr'>presse</span> <span class='ocrx_word' id='word_1_112' title='bbox 753 1727 896 1777; x_wconf 83' lang='lat' dir='ltr'>cusativus</span> <span class='ocrx_word' id='word_1_113' title='bbox 914 1719 1060 1788; x_wconf 85' lang='grc' dir='ltr'><em>πρόφασιν</em></span> <span class='ocrx_word' id='word_1_114' title='bbox 1078 1730 1137 1792; x_wconf 83' lang='lat' dir='ltr'>pari</span> <span class='ocrx_word' id='word_1_115' title='bbox 1155 1728 1234 1779; x_wconf 88' lang='lat' dir='ltr'>modo</span> <span class='ocrx_word' id='word_1_116' title='bbox 1246 1730 1293 1779; x_wconf 84' lang='lat' dir='ltr'>ab·</span> 
     </span>
     <span class='ocr_line' id='line_1_14' title="bbox 154 1793 1292 1863; baseline 0.004 -18"><span class='ocrx_word' id='word_1_117' title='bbox 154 1795 282 1859; x_wconf 88' lang='lat' dir='ltr'>seqnitur</span> <span class='ocrx_word' id='word_1_118' title='bbox 304 1793 448 1845; x_wconf 84' lang='lat' dir='ltr'>Cornelius</span> <span class='ocrx_word' id='word_1_119' title='bbox 472 1793 562 1858; x_wconf 86' lang='lat' dir='ltr'>Nepos</span> <span class='ocrx_word' id='word_1_120' title='bbox 589 1795 618 1844; x_wconf 89' lang='lat' dir='ltr'>in</span> <span class='ocrx_word' id='word_1_121' title='bbox 642 1794 699 1846; x_wconf 87' lang='lat' dir='ltr'>Vit.</span> <span class='ocrx_word' id='word_1_122' title='bbox 751 1794 840 1846; x_wconf 87' lang='lat' dir='ltr'>solute</span> <span class='ocrx_word' id='word_1_123' title='bbox 850 1796 988 1846; x_wconf 88' lang='lat' dir='ltr'>invenitur</span> <span class='ocrx_word' id='word_1_124' title='bbox 998 1797 1292 1863; x_wconf 85' lang='lat' dir='ltr'>apudThucydid.IlI‚</span> 
     </span>
     <span class='ocr_line' id='line_1_15' title="bbox 152 1862 1291 1928; baseline 0.006 -15"><span class='ocrx_word' id='word_1_125' title='bbox 152 1864 272 1915; x_wconf 80' lang='lat' dir='ltr'>Pansam</span> <span class='ocrx_word' id='word_1_126' title='bbox 296 1866 327 1928; x_wconf 98' lang='grc'><em>2,</em></span> <span class='ocrx_word' id='word_1_127' title='bbox 351 1864 398 1913; x_wconf 89' lang='lat' dir='ltr'>ubi</span> <span class='ocrx_word' id='word_1_128' title='bbox 420 1862 475 1915; x_wconf 85' lang='lat' dir='ltr'>vid.</span> <span class='ocrx_word' id='word_1_129' title='bbox 498 1878 569 1928; x_wconf 87' lang='lat' dir='ltr'>quae</span> <span class='ocrx_word' id='word_1_130' title='bbox 590 1864 699 1913; x_wconf 81' lang='lat' dir='ltr'>notavit</span> <span class='ocrx_word' id='word_1_131' title='bbox 752 1866 811 1916; x_wconf 87' lang='lat' dir='ltr'>lll.</span> <span class='ocrx_word' id='word_1_132' title='bbox 830 1866 884 1927; x_wconf 90' lang='lat' dir='ltr'>VI,</span> <span class='ocrx_word' id='word_1_133' title='bbox 905 1864 952 1927; x_wconf 86' lang='lat'>33,</span> <span class='ocrx_word' id='word_1_134' title='bbox 975 1866 1058 1926; x_wconf 83' lang='lat' dir='ltr'>elios;</span> <span class='ocrx_word' id='word_1_135' title='bbox 1080 1866 1137 1918; x_wconf 86' lang='lat' dir='ltr'>rid.</span> <span class='ocrx_word' id='word_1_136' title='bbox 1157 1866 1291 1921; x_wconf 82' lang='lat' dir='ltr'>Thesanr.</span> 
     </span>
     <span class='ocr_line' id='line_1_16' title="bbox 152 1933 1292 2001; baseline 0.004 -18"><span class='ocrx_word' id='word_1_137' title='bbox 152 1934 213 1984; x_wconf 77' lang='lat' dir='ltr'>Van</span> <span class='ocrx_word' id='word_1_138' title='bbox 221 1934 366 1997; x_wconf 71' lang='lat' dir='ltr'>staveren,</span> <span class='ocrx_word' id='word_1_139' title='bbox 379 1950 440 1984; x_wconf 89' lang='lat' dir='ltr'>cum</span> <span class='ocrx_word' id='word_1_140' title='bbox 450 1933 548 1997; x_wconf 86' lang='lat' dir='ltr'>quibus</span> <span class='ocrx_word' id='word_1_141' title='bbox 559 1948 613 1983; x_wconf 89' lang='lat' dir='ltr'>uon</span> <span class='ocrx_word' id='word_1_142' title='bbox 623 1948 699 1997; x_wconf 90' lang='lat' dir='ltr'>pror·</span> <span class='ocrx_word' id='word_1_143' title='bbox 748 1936 828 1999; x_wconf 84' lang='lat' dir='ltr'>Ling.</span> <span class='ocrx_word' id='word_1_144' title='bbox 841 1934 937 1986; x_wconf 84' lang='lat' dir='ltr'>Graec.</span> <span class='ocrx_word' id='word_1_145' title='bbox 953 1938 999 1986; x_wconf 90' lang='lat' dir='ltr'>Vl.</span> <span class='ocrx_word' id='word_1_146' title='bbox 1010 1952 1074 2001; x_wconf 71' lang='lat' dir='ltr'>pag.</span> <span class='ocrx_word' id='word_1_147' title='bbox 1087 1936 1157 1986; x_wconf 79' lang='lat'>2089</span> <span class='ocrx_word' id='word_1_148' title='bbox 1169 1935 1211 1985; x_wconf 90' lang='lat' dir='ltr'>ed.</span> <span class='ocrx_word' id='word_1_149' title='bbox 1224 1938 1292 1988; x_wconf 89' lang='lat' dir='ltr'>Din-</span> 
     </span>
     <span class='ocr_line' id='line_1_17' title="bbox 152 1996 1291 2068; baseline 0 -16"><span class='ocrx_word' id='word_1_150' title='bbox 152 2005 399 2065; x_wconf 88' lang='lat' dir='ltr'>susconveniunt‚</span> <span class='ocrx_word' id='word_1_151' title='bbox 422 2002 698 2068; x_wconf 87' lang='lat' dir='ltr'>quueh.l.Her0do·</span> <span class='ocrx_word' id='word_1_152' title='bbox 749 2005 819 2055; x_wconf 82' lang='lat' dir='ltr'>dors.</span> <span class='ocrx_word' id='word_1_153' title='bbox 851 2005 928 2054; x_wconf 85' lang='lat' dir='ltr'>Intra</span> <span class='ocrx_word' id='word_1_154' title='bbox 942 2005 1073 2066; x_wconf 83' lang='lat' dir='ltr'>vl11‚3:</span> <span class='ocrx_word' id='word_1_155' title='bbox 1098 1996 1291 2067; x_wconf 82' lang='grc' dir='ltr'><em>πρόφασιν-</em></span> 
     </span>
    </p>
   </div>
   <div class='ocr_carea' id='block_1_4' title="bbox 149 2073 698 3884">
    <p class='ocr_par' dir='ltr' id='par_1_5' title="bbox 151 2073 698 2278">
     <span class='ocr_line' id='line_1_18' title="bbox 151 2073 697 2139; baseline -0.002 -16"><span class='ocrx_word' id='word_1_156' title='bbox 151 2078 196 2124; x_wconf 85' lang='lat' dir='ltr'>tus</span> <span class='ocrx_word' id='word_1_157' title='bbox 211 2074 338 2139; x_wconf 81' lang='lat' dir='ltr'>scripsit,</span> <span class='ocrx_word' id='word_1_158' title='bbox 359 2088 459 2137; x_wconf 80' lang='lat' dir='ltr'>magna</span> <span class='ocrx_word' id='word_1_159' title='bbox 474 2088 539 2122; x_wconf 89' lang='lat' dir='ltr'>usus</span> <span class='ocrx_word' id='word_1_160' title='bbox 559 2073 697 2133; x_wconf 74' lang='lat' dir='ltr'>atritione,</span> 
     </span>
     <span class='ocr_line' id='line_1_19' title="bbox 152 2132 698 2278; baseline -0.004 -17"><span class='ocrx_word' id='word_1_161' title='bbox 152 2132 698 2278; x_wconf 59' lang='lat' dir='ltr'>{litterumstertitur</span> 
     </span>
    </p>

    <p class='ocr_par' dir='ltr' id='par_1_6' title="bbox 149 2239 698 3884">
     <span class='ocr_line' id='line_1_20' title="bbox 344 2239 698 2277; baseline -0.011 -24"><span class='ocrx_word' id='word_1_162' title='bbox 344 2251 350 2277; x_wconf 72' lang='lat'>‚</span> <span class='ocrx_word' id='word_1_163' title='bbox 688 2239 698 2249; x_wconf 93' lang='lat'><strong><em>.</em></strong></span> 
     </span>
     <span class='ocr_line' id='line_1_21' title="bbox 150 2281 698 2347; baseline -0.007 -14"><span class='ocrx_word' id='word_1_164' title='bbox 150 2283 315 2333; x_wconf 70' lang='lat' dir='ltr'>bitationem</span> <span class='ocrx_word' id='word_1_165' title='bbox 340 2283 482 2347; x_wconf 87' lang='lat' dir='ltr'>scriptoris</span> <span class='ocrx_word' id='word_1_166' title='bbox 510 2281 633 2331; x_wconf 81' lang='lat' dir='ltr'>indicere</span> <span class='ocrx_word' id='word_1_167' title='bbox 655 2281 698 2330; x_wconf 85' lang='lat' dir='ltr'>vi·</span> 
     </span>
     <span class='ocr_line' id='line_1_22' title="bbox 152 2350 698 2416; baseline -0.004 -15"><span class='ocrx_word' id='word_1_168' title='bbox 152 2352 265 2416; x_wconf 87' lang='lat' dir='ltr'>dentur,</span> <span class='ocrx_word' id='word_1_169' title='bbox 278 2353 343 2402; x_wconf 83' lang='lat' dir='ltr'>aliis</span> <span class='ocrx_word' id='word_1_170' title='bbox 355 2350 424 2402; x_wconf 87' lang='lat' dir='ltr'>locis</span> <span class='ocrx_word' id='word_1_171' title='bbox 436 2353 555 2401; x_wconf 87' lang='lat' dir='ltr'>animum</span> <span class='ocrx_word' id='word_1_172' title='bbox 563 2351 593 2400; x_wconf 89' lang='lat' dir='ltr'>in</span> <span class='ocrx_word' id='word_1_173' title='bbox 605 2356 698 2416; x_wconf 77' lang='lat' dir='ltr'>tyran-</span> 
     </span>
     <span class='ocr_line' id='line_1_23' title="bbox 151 2420 697 2487; baseline -0.005 -17"><span class='ocrx_word' id='word_1_174' title='bbox 151 2439 200 2472; x_wconf 87' lang='lat' dir='ltr'>uos</span> <span class='ocrx_word' id='word_1_175' title='bbox 211 2429 260 2472; x_wconf 85' lang='lat' dir='ltr'>aut</span> <span class='ocrx_word' id='word_1_176' title='bbox 274 2423 447 2487; x_wconf 80' lang='lat' dir='ltr'>tyrannidem</span> <span class='ocrx_word' id='word_1_177' title='bbox 464 2420 625 2471; x_wconf 80' lang='lat' dir='ltr'>affectantes</span> <span class='ocrx_word' id='word_1_178' title='bbox 642 2435 697 2468; x_wconf 81' lang='lat' dir='ltr'>mu-</span> 
     </span>
     <span class='ocr_line' id='line_1_24' title="bbox 151 2487 696 2556; baseline -0.006 -15"><span class='ocrx_word' id='word_1_179' title='bbox 151 2494 223 2542; x_wconf 79' lang='lat' dir='ltr'>xime</span> <span class='ocrx_word' id='word_1_180' title='bbox 236 2493 366 2542; x_wconf 84' lang='lat' dir='ltr'>infestum</span> <span class='ocrx_word' id='word_1_181' title='bbox 380 2490 618 2556; x_wconf 76' lang='lat' dir='ltr'>praeseferentis.</span> <span class='ocrx_word' id='word_1_182' title='bbox 642 2487 696 2538; x_wconf 83' lang='lat' dir='ltr'>Cur</span> 
     </span>
     <span class='ocr_line' id='line_1_25' title="bbox 149 2557 697 2628; baseline -0.004 -17"><span class='ocrx_word' id='word_1_183' title='bbox 149 2557 697 2628; x_wconf 78' lang='lat' dir='ltr'>rero&#39;l&#39;hucydidisauctoritateminhis-</span> 
     </span>
     <span class='ocr_line' id='line_1_26' title="bbox 149 2630 696 2696; baseline -0.009 -14"><span class='ocrx_word' id='word_1_184' title='bbox 149 2649 180 2682; x_wconf 88' lang='lat' dir='ltr'>co</span> <span class='ocrx_word' id='word_1_185' title='bbox 193 2634 336 2683; x_wconf 82' lang='lat' dir='ltr'>Herodoto</span> <span class='ocrx_word' id='word_1_186' title='bbox 355 2632 493 2696; x_wconf 82' lang='lat' dir='ltr'>praeferat</span> <span class='ocrx_word' id='word_1_187' title='bbox 505 2632 650 2681; x_wconf 86' lang='lat' dir='ltr'>Fuetterer</span> <span class='ocrx_word' id='word_1_188' title='bbox 668 2630 696 2677; x_wconf 90' lang='lat' dir='ltr'>in</span> 
     </span>
     <span class='ocr_line' id='line_1_27' title="bbox 149 2699 695 2765; baseline -0.004 -15"><span class='ocrx_word' id='word_1_189' title='bbox 149 2703 303 2752; x_wconf 80' lang='lat' dir='ltr'>comment.</span> <span class='ocrx_word' id='word_1_190' title='bbox 325 2701 359 2751; x_wconf 92' lang='lat' dir='ltr'>de</span> <span class='ocrx_word' id='word_1_191' title='bbox 382 2701 503 2765; x_wconf 88' lang='lat' dir='ltr'>plurimis</span> <span class='ocrx_word' id='word_1_192' title='bbox 526 2699 695 2763; x_wconf 77' lang='lat' dir='ltr'>Thucydidis</span> 
     </span>
     <span class='ocr_line' id='line_1_28' title="bbox 150 2768 696 2837; baseline -0.007 -16"><span class='ocrx_word' id='word_1_193' title='bbox 150 2773 339 2837; x_wconf 89' lang='lat' dir='ltr'>Herodotique</span> <span class='ocrx_word' id='word_1_194' title='bbox 362 2770 432 2820; x_wconf 89' lang='lat' dir='ltr'>locis</span> <span class='ocrx_word' id='word_1_195' title='bbox 457 2775 509 2822; x_wconf 87' lang='lat' dir='ltr'>eto.</span> <span class='ocrx_word' id='word_1_196' title='bbox 535 2768 696 2833; x_wconf 80' lang='lat' dir='ltr'>(lisgiopoli</span> 
     </span>
     <span class='ocr_line' id='line_1_29' title="bbox 151 2838 694 2907; baseline -0.011 -14"><span class='ocrx_word' id='word_1_197' title='bbox 151 2842 230 2906; x_wconf 76' lang='grc'><em>1343)</em></span> <span class='ocrx_word' id='word_1_198' title='bbox 247 2858 313 2907; x_wconf 78' lang='lat' dir='ltr'>pag.</span> <span class='ocrx_word' id='word_1_199' title='bbox 326 2839 375 2901; x_wconf 83' lang='grc'>23,</span> <span class='ocrx_word' id='word_1_200' title='bbox 392 2841 515 2903; x_wconf 82' lang='lat' dir='ltr'>equidem</span> <span class='ocrx_word' id='word_1_201' title='bbox 529 2839 601 2888; x_wconf 84' lang='lat' dir='ltr'>haud</span> <span class='ocrx_word' id='word_1_202' title='bbox 615 2838 694 2888; x_wconf 91' lang='lat' dir='ltr'>intel·</span> 
     </span>
     <span class='ocr_line' id='line_1_30' title="bbox 150 2905 694 2993; baseline -0.013 -32"><span class='ocrx_word' id='word_1_203' title='bbox 150 2910 214 2993; x_wconf 61' lang='lat' dir='ltr'>ligo.</span> <span class='ocrx_word' id='word_1_204' title='bbox 229 2939 263 2949; x_wconf 89' lang='lat'>-—</span> <span class='ocrx_word' id='word_1_205' title='bbox 276 2913 342 2962; x_wconf 83' lang='lat' dir='ltr'>Mox</span> <span class='ocrx_word' id='word_1_206' title='bbox 358 2905 467 2960; x_wconf 79' lang='grc' dir='ltr'><em>τούτων</em></span> <span class='ocrx_word' id='word_1_207' title='bbox 485 2909 546 2959; x_wconf 89' lang='lat' dir='ltr'>dedi</span> <span class='ocrx_word' id='word_1_208' title='bbox 568 2924 618 2972; x_wconf 89' lang='lat' dir='ltr'>pro</span> <span class='ocrx_word' id='word_1_209' title='bbox 630 2922 694 2956; x_wconf 86' lang='grc' dir='ltr'><em>του-</em></span> 
     </span>
     <span class='ocr_line' id='line_1_31' title="bbox 149 2971 695 3043; baseline -0.007 -14"><span class='ocrx_word' id='word_1_210' title='bbox 149 2996 229 3032; x_wconf 76' lang='lat' dir='ltr'>reos.</span> <span class='ocrx_word' id='word_1_211' title='bbox 266 2982 309 3031; x_wconf 92' lang='lat' dir='ltr'>De</span> <span class='ocrx_word' id='word_1_212' title='bbox 329 2981 412 3031; x_wconf 84' lang='lat' dir='ltr'>verbo</span> <span class='ocrx_word' id='word_1_213' title='bbox 433 2971 606 3043; x_wconf 64' lang='grc' dir='ltr'><em>ἁρμόζεσθαι</em></span> <span class='ocrx_word' id='word_1_214' title='bbox 627 2978 695 3028; x_wconf 82' lang='lat' dir='ltr'>dixi-</span> 
     </span>
     <span class='ocr_line' id='line_1_32' title="bbox 150 3048 695 3113; baseline -0.011 -12"><span class='ocrx_word' id='word_1_215' title='bbox 150 3067 209 3101; x_wconf 87' lang='lat' dir='ltr'>mus</span> <span class='ocrx_word' id='word_1_216' title='bbox 225 3051 262 3100; x_wconf 91' lang='lat' dir='ltr'>ad</span> <span class='ocrx_word' id='word_1_217' title='bbox 279 3052 332 3111; x_wconf 87' lang='grc' dir='ltr'>ΙΙΙ,</span> <span class='ocrx_word' id='word_1_218' title='bbox 348 3048 405 3100; x_wconf 84' lang='grc'><em>137.</em></span> <span class='ocrx_word' id='word_1_219' title='bbox 440 3051 482 3099; x_wconf 89' lang='lat' dir='ltr'>De</span> <span class='ocrx_word' id='word_1_220' title='bbox 495 3053 641 3113; x_wconf 76' lang='lat' dir='ltr'>augmento</span> <span class='ocrx_word' id='word_1_221' title='bbox 654 3062 695 3096; x_wconf 88' lang='lat' dir='ltr'>re·</span> 
     </span>
     <span class='ocr_line' id='line_1_33' title="bbox 150 3116 695 3181; baseline -0.011 -11"><span class='ocrx_word' id='word_1_222' title='bbox 150 3127 225 3172; x_wconf 83' lang='lat' dir='ltr'>tento</span> <span class='ocrx_word' id='word_1_223' title='bbox 247 3122 284 3172; x_wconf 85' lang='lat' dir='ltr'>of.</span> <span class='ocrx_word' id='word_1_224' title='bbox 304 3119 420 3171; x_wconf 84' lang='lat' dir='ltr'>Bredov.</span> <span class='ocrx_word' id='word_1_225' title='bbox 447 3135 473 3181; x_wconf 90' lang='lat' dir='ltr'>p.</span> <span class='ocrx_word' id='word_1_226' title='bbox 492 3118 553 3170; x_wconf 83' lang='grc'><em>294.</em></span> <span class='ocrx_word' id='word_1_227' title='bbox 591 3117 625 3166; x_wconf 88' lang='lat' dir='ltr'>ln</span> <span class='ocrx_word' id='word_1_228' title='bbox 643 3116 695 3166; x_wconf 89' lang='lat' dir='ltr'>tine</span> 
     </span>
     <span class='ocr_line' id='line_1_34' title="bbox 149 3181 694 3260; baseline -0.013 -19"><span class='ocrx_word' id='word_1_229' title='bbox 149 3208 211 3257; x_wconf 82' lang='lat' dir='ltr'>cap.</span> <span class='ocrx_word' id='word_1_230' title='bbox 235 3206 285 3255; x_wconf 89' lang='lat' dir='ltr'>pro</span> <span class='ocrx_word' id='word_1_231' title='bbox 309 3181 501 3260; x_wconf 77' lang='grc' dir='ltr'><em>ᾌριοταγόρεα</em></span> <span class='ocrx_word' id='word_1_232' title='bbox 520 3185 694 3237; x_wconf 82' lang='lat' dir='ltr'>Florentinns</span> 
     </span>
     <span class='ocr_line' id='line_1_35' title="bbox 150 3253 694 3323; baseline -0.013 -12"><span class='ocrx_word' id='word_1_233' title='bbox 150 3277 211 3311; x_wconf 86' lang='lat' dir='ltr'>curn</span> <span class='ocrx_word' id='word_1_234' title='bbox 230 3260 293 3310; x_wconf 90' lang='lat' dir='ltr'>aliis</span> <span class='ocrx_word' id='word_1_235' title='bbox 317 3253 524 3323; x_wconf 84' lang='grc' dir='ltr'><em>Αρισταγόρην;</em></span> <span class='ocrx_word' id='word_1_236' title='bbox 548 3272 620 3321; x_wconf 87' lang='lat' dir='ltr'>quae</span> <span class='ocrx_word' id='word_1_237' title='bbox 636 3256 694 3320; x_wconf 92' lang='lat' dir='ltr'>qui-</span> 
     </span>
     <span class='ocr_line' id='line_1_36' title="bbox 150 3328 694 3393; baseline -0.007 -14"><span class='ocrx_word' id='word_1_238' title='bbox 150 3331 209 3381; x_wconf 89' lang='lat' dir='ltr'>dem</span> <span class='ocrx_word' id='word_1_239' title='bbox 231 3332 285 3381; x_wconf 84' lang='lat' dir='ltr'>etei</span> <span class='ocrx_word' id='word_1_240' title='bbox 306 3329 437 3393; x_wconf 78' lang='lat' dir='ltr'>frequens</span> <span class='ocrx_word' id='word_1_241' title='bbox 455 3332 497 3379; x_wconf 87' lang='lat' dir='ltr'>est</span> <span class='ocrx_word' id='word_1_242' title='bbox 519 3328 694 3390; x_wconf 80' lang='lat' dir='ltr'>permutatio,</span> 
     </span>
     <span class='ocr_line' id='line_1_37' title="bbox 150 3393 695 3461; baseline -0.011 -11"><span class='ocrx_word' id='word_1_243' title='bbox 150 3405 241 3450; x_wconf 81' lang='lat' dir='ltr'>tamen</span> <span class='ocrx_word' id='word_1_244' title='bbox 254 3400 307 3450; x_wconf 87' lang='lat' dir='ltr'>boc</span> <span class='ocrx_word' id='word_1_245' title='bbox 324 3414 421 3449; x_wconf 89' lang='lat' dir='ltr'>nomen</span> <span class='ocrx_word' id='word_1_246' title='bbox 437 3397 471 3448; x_wconf 87' lang='lat' dir='ltr'>ad</span> <span class='ocrx_word' id='word_1_247' title='bbox 481 3396 596 3461; x_wconf 88' lang='lat' dir='ltr'>primam</span> <span class='ocrx_word' id='word_1_248' title='bbox 611 3393 695 3445; x_wconf 88' lang='lat' dir='ltr'>decli-</span> 
     </span>
     <span class='ocr_line' id='line_1_38' title="bbox 149 3464 695 3532; baseline -0.005 -13"><span class='ocrx_word' id='word_1_249' title='bbox 149 3472 288 3520; x_wconf 82' lang='lat' dir='ltr'>nationem</span> <span class='ocrx_word' id='word_1_250' title='bbox 304 3471 413 3518; x_wconf 86' lang='lat' dir='ltr'>flectere</span> <span class='ocrx_word' id='word_1_251' title='bbox 431 3470 569 3532; x_wconf 78' lang='lat' dir='ltr'>praestat,</span> <span class='ocrx_word' id='word_1_252' title='bbox 591 3481 645 3529; x_wconf 78' lang='lat' dir='ltr'>qun</span> <span class='ocrx_word' id='word_1_253' title='bbox 661 3464 695 3516; x_wconf 85' lang='lat' dir='ltr'>de</span> 
     </span>
     <span class='ocr_line' id='line_1_39' title="bbox 149 3526 695 3602; baseline -0.015 -13"><span class='ocrx_word' id='word_1_254' title='bbox 149 3555 260 3592; x_wconf 87' lang='lat' dir='ltr'>recum</span> <span class='ocrx_word' id='word_1_255' title='bbox 280 3538 425 3589; x_wconf 89' lang='lat' dir='ltr'>Dietsehio</span> <span class='ocrx_word' id='word_1_256' title='bbox 448 3538 559 3602; x_wconf 86' lang='lat' dir='ltr'>reposui</span> <span class='ocrx_word' id='word_1_257' title='bbox 575 3526 695 3597; x_wconf 79' lang='grc' dir='ltr'><em>Ἀριστα-</em></span> 
     </span>
     <span class='ocr_line' id='line_1_40' title="bbox 149 3601 695 3672; baseline -0.015 -13"><span class='ocrx_word' id='word_1_258' title='bbox 149 3601 239 3672; x_wconf 81' lang='grc' dir='ltr'><em>γόρην</em></span> <span class='ocrx_word' id='word_1_259' title='bbox 254 3608 322 3671; x_wconf 85' lang='lat' dir='ltr'>(vid.</span> <span class='ocrx_word' id='word_1_260' title='bbox 333 3608 450 3658; x_wconf 80' lang='lat' dir='ltr'>Bredov.</span> <span class='ocrx_word' id='word_1_261' title='bbox 462 3622 522 3672; x_wconf 77' lang='lat' dir='ltr'>pag.</span> <span class='ocrx_word' id='word_1_262' title='bbox 533 3604 595 3669; x_wconf 77' lang='lat'>227)</span> <span class='ocrx_word' id='word_1_263' title='bbox 611 3604 695 3653; x_wconf 88' lang='lat' dir='ltr'>idem-</span> 
     </span>
     <span class='ocr_line' id='line_1_41' title="bbox 151 3673 693 3743; baseline -0.013 -13"><span class='ocrx_word' id='word_1_264' title='bbox 151 3694 200 3743; x_wconf 86' lang='lat' dir='ltr'>que</span> <span class='ocrx_word' id='word_1_265' title='bbox 221 3679 278 3729; x_wconf 83' lang='lat' dir='ltr'>leci</span> <span class='ocrx_word' id='word_1_266' title='bbox 295 3678 377 3742; x_wconf 82' lang='lat' dir='ltr'>poulo</span> <span class='ocrx_word' id='word_1_267' title='bbox 401 3680 462 3741; x_wconf 88' lang='lat' dir='ltr'>post</span> <span class='ocrx_word' id='word_1_268' title='bbox 476 3676 557 3726; x_wconf 91' lang='lat' dir='ltr'>initio</span> <span class='ocrx_word' id='word_1_269' title='bbox 573 3689 635 3738; x_wconf 83' lang='lat' dir='ltr'>cup.</span> <span class='ocrx_word' id='word_1_270' title='bbox 649 3673 693 3725; x_wconf 90' lang='grc'>33.</span> 
     </span>
     <span class='ocr_line' id='line_1_42' title="bbox 150 3743 691 3800; baseline -0.007 -3"><span class='ocrx_word' id='word_1_271' title='bbox 150 3749 307 3800; x_wconf 87' lang='lat' dir='ltr'>Herodotea</span> <span class='ocrx_word' id='word_1_272' title='bbox 325 3752 465 3799; x_wconf 82' lang='lat' dir='ltr'>caeterum</span> <span class='ocrx_word' id='word_1_273' title='bbox 483 3746 552 3795; x_wconf 86' lang='lat' dir='ltr'>citat</span> <span class='ocrx_word' id='word_1_274' title='bbox 563 3743 691 3794; x_wconf 84' lang='lat' dir='ltr'>Eustath.</span> 
     </span>
     <span class='ocr_line' id='line_1_43' title="bbox 151 3815 618 3884; baseline -0.009 -16"><span class='ocrx_word' id='word_1_275' title='bbox 151 3819 184 3868; x_wconf 85' lang='lat' dir='ltr'>ad</span> <span class='ocrx_word' id='word_1_276' title='bbox 197 3819 241 3868; x_wconf 86' lang='lat' dir='ltr'>lli.</span> <span class='ocrx_word' id='word_1_277' title='bbox 255 3833 321 3884; x_wconf 64' lang='grc' dir='ltr'><em>ρος.</em></span> <span class='ocrx_word' id='word_1_278' title='bbox 337 3817 399 3879; x_wconf 87' lang='grc'><em>238,</em></span> <span class='ocrx_word' id='word_1_279' title='bbox 416 3816 448 3868; x_wconf 86' lang='grc'>18</span> <span class='ocrx_word' id='word_1_280' title='bbox 463 3833 484 3867; x_wconf 91' lang='lat' dir='ltr'>s.</span> <span class='ocrx_word' id='word_1_281' title='bbox 500 3815 559 3878; x_wconf 83' lang='lat'>171,</span> <span class='ocrx_word' id='word_1_282' title='bbox 575 3815 618 3865; x_wconf 90' lang='grc'>31.</span> 
     </span>
    </p>
   </div>
   <div class='ocr_carea' id='block_1_5' title="bbox 318 4020 533 4073">
    <p class='ocr_par' dir='ltr' id='par_1_7' title="bbox 318 4020 533 4073">
     <span class='ocr_line' id='line_1_44' title="bbox 318 4020 533 4073; baseline -0.009 -1"><span class='ocrx_word' id='word_1_283' title='bbox 318 4022 386 4073; x_wconf 75' lang='lat' dir='ltr'>Cer.</span> <span class='ocrx_word' id='word_1_284' title='bbox 403 4020 533 4071; x_wconf 80' lang='lat' dir='ltr'>xxxnt.</span> 
     </span>
    </p>
   </div>
   <div class='ocr_carea' id='block_1_6' title="bbox 150 4116 695 4328">
    <p class='ocr_par' dir='ltr' id='par_1_8' title="bbox 150 4116 695 4328">
     <span class='ocr_line' id='line_1_45' title="bbox 182 4116 693 4192; baseline -0.012 -16"><span class='ocrx_word' id='word_1_285' title='bbox 182 4120 235 4192; x_wconf 78' lang='grc' dir='ltr'>τὴν</span> <span class='ocrx_word' id='word_1_286' title='bbox 245 4118 325 4176; x_wconf 77' lang='grc' dir='ltr'><em>Ἰάδα</em></span> <span class='ocrx_word' id='word_1_287' title='bbox 337 4116 483 4189; x_wconf 85' lang='grc' dir='ltr'><em>στρατιὴν]</em></span> <span class='ocrx_word' id='word_1_288' title='bbox 494 4123 572 4174; x_wconf 66' lang='grc' dir='ltr'><em>(Σοοΐ,</em></span> <span class='ocrx_word' id='word_1_289' title='bbox 583 4126 650 4171; x_wconf 89' lang='lat' dir='ltr'>nott.</span> <span class='ocrx_word' id='word_1_290' title='bbox 658 4119 693 4171; x_wconf 84' lang='lat' dir='ltr'>ud</span> 
     </span>
     <span class='ocr_line' id='line_1_46' title="bbox 150 4192 694 4262; baseline -0.017 -15"><span class='ocrx_word' id='word_1_291' title='bbox 150 4199 181 4261; x_wconf 79' lang='lat' dir='ltr'>V,</span> <span class='ocrx_word' id='word_1_292' title='bbox 193 4200 234 4251; x_wconf 80' lang='grc'><em>32.</em></span> <span class='ocrx_word' id='word_1_293' title='bbox 259 4199 292 4248; x_wconf 91' lang='lat' dir='ltr'>Iu</span> <span class='ocrx_word' id='word_1_294' title='bbox 307 4194 431 4262; x_wconf 77' lang='lat' dir='ltr'>proxime</span> <span class='ocrx_word' id='word_1_295' title='bbox 443 4192 619 4258; x_wconf 89' lang='lat' dir='ltr'>sequentibus</span> <span class='ocrx_word' id='word_1_296' title='bbox 634 4207 694 4239; x_wconf 81' lang='lat' dir='ltr'>ver-</span> 
     </span>
     <span class='ocr_line' id='line_1_47' title="bbox 150 4252 695 4328; baseline -0.013 -13"><span class='ocrx_word' id='word_1_297' title='bbox 150 4267 183 4317; x_wconf 87' lang='lat' dir='ltr'>bs</span> <span class='ocrx_word' id='word_1_298' title='bbox 201 4261 282 4318; x_wconf 79' lang='grc' dir='ltr'><em>ἔπλεε</em></span> <span class='ocrx_word' id='word_1_299' title='bbox 299 4256 449 4328; x_wconf 83' lang='grc' dir='ltr'><em>πρόφασιν</em></span> <span class='ocrx_word' id='word_1_300' title='bbox 467 4255 514 4312; x_wconf 77' lang='grc' dir='ltr'>ἐπ’</span> <span class='ocrx_word' id='word_1_301' title='bbox 526 4252 695 4325; x_wconf 88' lang='grc' dir='ltr'><em>Ἑλλησπόν-</em></span> 
     </span>
    </p>
   </div>
   <div class='ocr_carea' id='block_1_7' title="bbox 747 2068 1289 2194">
    <p class='ocr_par' dir='ltr' id='par_1_9' title="bbox 747 2068 1289 2194">
     <span class='ocr_line' id='line_1_48' title="bbox 748 2068 1289 2137; baseline 0.007 -15"><span class='ocrx_word' id='word_1_302' title='bbox 748 2068 951 2135; x_wconf 80' lang='grc' dir='ltr'><em>προϊσχόμενοι</em></span> <span class='ocrx_word' id='word_1_303' title='bbox 963 2076 1063 2125; x_wconf 88' lang='lat' dir='ltr'>Noster</span> <span class='ocrx_word' id='word_1_304' title='bbox 1074 2074 1156 2137; x_wconf 83' lang='lat' dir='ltr'>dixit,</span> <span class='ocrx_word' id='word_1_305' title='bbox 1173 2075 1221 2124; x_wconf 90' lang='lat' dir='ltr'>ubi</span> <span class='ocrx_word' id='word_1_306' title='bbox 1234 2077 1289 2126; x_wconf 86' lang='lat' dir='ltr'>vid.</span> 
     </span>
     <span class='ocr_line' id='line_1_49' title="bbox 747 2142 911 2194; baseline -0.018 0"><span class='ocrx_word' id='word_1_307' title='bbox 747 2142 911 2194; x_wconf 80' lang='lat' dir='ltr'>Valckenar.</span> 
     </span>
    </p>
   </div>
   <div class='ocr_carea' id='block_1_8' title="bbox 782 2251 1291 2327">
    <p class='ocr_par' dir='ltr' id='par_1_10' title="bbox 782 2251 1291 2327">
     <span class='ocr_line' id='line_1_50' title="bbox 782 2251 1291 2327; baseline 0.006 -15"><span class='ocrx_word' id='word_1_308' title='bbox 782 2251 880 2312; x_wconf 74' lang='grc' dir='ltr'><em>ἐπείτε</em></span> <span class='ocrx_word' id='word_1_309' title='bbox 890 2256 920 2311; x_wconf 74' lang='grc' dir='ltr'>δὲ</span> <span class='ocrx_word' id='word_1_310' title='bbox 933 2251 1040 2325; x_wconf 69' lang='grc' dir='ltr'><em>ἐγένετο</em></span> <span class='ocrx_word' id='word_1_311' title='bbox 1051 2278 1076 2312; x_wconf 80' lang='grc' dir='ltr'>κ.</span> <span class='ocrx_word' id='word_1_312' title='bbox 1088 2277 1112 2313; x_wconf 85' lang='lat' dir='ltr'>e.</span> <span class='ocrx_word' id='word_1_313' title='bbox 1124 2262 1160 2327; x_wconf 85' lang='grc' dir='ltr'>λ]</span> <span class='ocrx_word' id='word_1_314' title='bbox 1177 2265 1226 2316; x_wconf 92' lang='lat' dir='ltr'>i.e.</span> <span class='ocrx_word' id='word_1_315' title='bbox 1238 2279 1291 2315; x_wconf 80' lang='lat' dir='ltr'>eron</span> 
     </span>
    </p>
   </div>
   <div class='ocr_carea' id='block_1_9' title="bbox 737 2332 1291 2398">
    <p class='ocr_par' dir='ltr' id='par_1_11' title="bbox 737 2332 1291 2398">
     <span class='ocr_line' id='line_1_51' title="bbox 737 2332 1291 2398; baseline 0.007 -18"><span class='ocrx_word' id='word_1_316' title='bbox 737 2333 786 2382; x_wconf 66' lang='lat' dir='ltr'>,au</span> <span class='ocrx_word' id='word_1_317' title='bbox 795 2350 817 2382; x_wconf 86' lang='lat' dir='ltr'>s.</span> <span class='ocrx_word' id='word_1_318' title='bbox 831 2346 913 2394; x_wconf 80' lang='lat' dir='ltr'>prope</span> <span class='ocrx_word' id='word_1_319' title='bbox 930 2332 1011 2382; x_wconf 76' lang='lat' dir='ltr'>etium</span> <span class='ocrx_word' id='word_1_320' title='bbox 1024 2334 1192 2398; x_wconf 79' lang='lat' dir='ltr'>peruenisset,</span> <span class='ocrx_word' id='word_1_321' title='bbox 1212 2350 1291 2384; x_wconf 78' lang='lat' dir='ltr'>nunes</span> 
     </span>
    </p>
   </div>
   <div class='ocr_carea' id='block_1_10' title="bbox 743 2402 1322 3578">
    <p class='ocr_par' dir='ltr' id='par_1_12' title="bbox 743 2402 1322 3578">
     <span class='ocr_line' id='line_1_52' title="bbox 747 2402 1290 2466; baseline 0.002 -13"><span class='ocrx_word' id='word_1_322' title='bbox 747 2402 874 2453; x_wconf 74' lang='lat' dir='ltr'>tenuitati</span> <span class='ocrx_word' id='word_1_323' title='bbox 885 2403 1011 2466; x_wconf 75' lang='lat' dir='ltr'>Caucaso,</span> <span class='ocrx_word' id='word_1_324' title='bbox 1023 2403 1081 2453; x_wconf 83' lang='lat' dir='ltr'>iude</span> <span class='ocrx_word' id='word_1_325' title='bbox 1091 2407 1207 2466; x_wconf 80' lang='lat' dir='ltr'>aquilone</span> <span class='ocrx_word' id='word_1_326' title='bbox 1219 2412 1290 2454; x_wconf 83' lang='lat' dir='ltr'>uento</span> 
     </span>
     <span class='ocr_line' id='line_1_53' title="bbox 747 2466 1289 2538; baseline 0.006 -17"><span class='ocrx_word' id='word_1_327' title='bbox 747 2475 900 2522; x_wconf 78' lang='lat' dir='ltr'>traiecturus</span> <span class='ocrx_word' id='word_1_328' title='bbox 919 2473 944 2521; x_wconf 84' lang='lat' dir='ltr'>in</span> <span class='ocrx_word' id='word_1_329' title='bbox 964 2472 1073 2522; x_wconf 74' lang='lat' dir='ltr'>Nouum.</span> <span class='ocrx_word' id='word_1_330' title='bbox 1110 2466 1217 2537; x_wconf 75' lang='grc' dir='ltr'><em>ἐγένετο</em></span> <span class='ocrx_word' id='word_1_331' title='bbox 1240 2489 1289 2538; x_wconf 85' lang='lat' dir='ltr'>pro</span> 
     </span>
     <span class='ocr_line' id='line_1_54' title="bbox 748 2532 1290 2606; baseline 0.004 -15"><span class='ocrx_word' id='word_1_332' title='bbox 748 2532 1290 2606; x_wconf 62' lang='lat' dir='ltr'>tytvrtmquodretinuitltlatthise‚dedi</span> 
     </span>
     <span class='ocr_line' id='line_1_55' title="bbox 747 2611 1289 2675; baseline 0 -14"><span class='ocrx_word' id='word_1_333' title='bbox 747 2627 808 2661; x_wconf 87' lang='lat' dir='ltr'>cum</span> <span class='ocrx_word' id='word_1_334' title='bbox 825 2611 976 2675; x_wconf 80' lang='lat' dir='ltr'>Schweigh.</span> <span class='ocrx_word' id='word_1_335' title='bbox 997 2618 1025 2661; x_wconf 89' lang='lat' dir='ltr'>et</span> <span class='ocrx_word' id='word_1_336' title='bbox 1040 2612 1129 2662; x_wconf 83' lang='lat' dir='ltr'>Gaisl.</span> <span class='ocrx_word' id='word_1_337' title='bbox 1149 2612 1289 2664; x_wconf 83' lang='lat' dir='ltr'>aFloreu·</span> 
     </span>
     <span class='ocr_line' id='line_1_56' title="bbox 747 2675 1289 2747; baseline -0.002 -16"><span class='ocrx_word' id='word_1_338' title='bbox 747 2683 821 2743; x_wconf 86' lang='lat' dir='ltr'>tino,</span> <span class='ocrx_word' id='word_1_339' title='bbox 843 2680 915 2732; x_wconf 82' lang='lat' dir='ltr'>eliis.</span> <span class='ocrx_word' id='word_1_340' title='bbox 943 2682 984 2730; x_wconf 89' lang='lat' dir='ltr'>De</span> <span class='ocrx_word' id='word_1_341' title='bbox 997 2680 1135 2732; x_wconf 88' lang='lat' dir='ltr'>locutione</span> <span class='ocrx_word' id='word_1_342' title='bbox 1150 2675 1224 2747; x_wconf 75' lang='grc' dir='ltr'><em>ἔχειν</em></span> <span class='ocrx_word' id='word_1_343' title='bbox 1239 2677 1289 2739; x_wconf 82' lang='grc' dir='ltr'>τὰς</span> 
     </span>
     <span class='ocr_line' id='line_1_57' title="bbox 747 2743 1288 2806; baseline 0.006 -8"><span class='ocrx_word' id='word_1_344' title='bbox 747 2745 871 2806; x_wconf 69' lang='lat' dir='ltr'>euticete</span> <span class='ocrx_word' id='word_1_345' title='bbox 887 2743 978 2798; x_wconf 88' lang='grc' dir='ltr'><em>τόπον</em></span> <span class='ocrx_word' id='word_1_346' title='bbox 992 2743 1056 2800; x_wconf 73' lang='grc' dir='ltr'><em>τινὰ</em></span> <span class='ocrx_word' id='word_1_347' title='bbox 1075 2753 1147 2805; x_wconf 86' lang='lat' dir='ltr'>conl.</span> <span class='ocrx_word' id='word_1_348' title='bbox 1165 2756 1235 2802; x_wconf 86' lang='lat' dir='ltr'>nott.</span> <span class='ocrx_word' id='word_1_349' title='bbox 1253 2752 1288 2801; x_wconf 87' lang='lat' dir='ltr'>ad</span> 
     </span>
     <span class='ocr_line' id='line_1_58' title="bbox 745 2819 1288 2885; baseline -0.002 -15"><span class='ocrx_word' id='word_1_350' title='bbox 745 2822 798 2881; x_wconf 82' lang='lat' dir='ltr'>lv,</span> <span class='ocrx_word' id='word_1_351' title='bbox 820 2819 861 2870; x_wconf 81' lang='grc'>73,</span> <span class='ocrx_word' id='word_1_352' title='bbox 909 2821 1024 2870; x_wconf 78' lang='lat' dir='ltr'>Caucaso</span> <span class='ocrx_word' id='word_1_353' title='bbox 1046 2837 1116 2885; x_wconf 85' lang='lat' dir='ltr'>quae</span> <span class='ocrx_word' id='word_1_354' title='bbox 1137 2821 1239 2871; x_wconf 85' lang='lat' dir='ltr'>fuerint</span> <span class='ocrx_word' id='word_1_355' title='bbox 1261 2825 1288 2870; x_wconf 88' lang='lat' dir='ltr'>et</span> 
     </span>
     <span class='ocr_line' id='line_1_59' title="bbox 743 2889 1287 2953; baseline -0.004 -14"><span class='ocrx_word' id='word_1_356' title='bbox 743 2889 871 2949; x_wconf 85' lang='lat' dir='ltr'>ubinam,</span> <span class='ocrx_word' id='word_1_357' title='bbox 899 2889 972 2938; x_wconf 87' lang='lat' dir='ltr'>haud</span> <span class='ocrx_word' id='word_1_358' title='bbox 992 2889 1092 2953; x_wconf 80' lang='lat' dir='ltr'>liquet3</span> <span class='ocrx_word' id='word_1_359' title='bbox 1119 2890 1195 2939; x_wconf 86' lang='lat' dir='ltr'>nulla</span> <span class='ocrx_word' id='word_1_360' title='bbox 1216 2890 1287 2940; x_wconf 91' lang='lat' dir='ltr'>enim</span> 
     </span>
     <span class='ocr_line' id='line_1_60' title="bbox 743 2958 1288 3022; baseline -0.002 -13"><span class='ocrx_word' id='word_1_361' title='bbox 743 2959 814 3020; x_wconf 80' lang='lat' dir='ltr'>ulia,</span> <span class='ocrx_word' id='word_1_362' title='bbox 830 2965 960 3022; x_wconf 81' lang='lat' dir='ltr'>quantum</span> <span class='ocrx_word' id='word_1_363' title='bbox 974 2959 1045 3019; x_wconf 87' lang='lat' dir='ltr'>scio,</span> <span class='ocrx_word' id='word_1_364' title='bbox 1058 2958 1138 3009; x_wconf 88' lang='lat' dir='ltr'>huius</span> <span class='ocrx_word' id='word_1_365' title='bbox 1150 2958 1203 3008; x_wconf 88' lang='lat' dir='ltr'>loci</span> <span class='ocrx_word' id='word_1_366' title='bbox 1215 2974 1288 3008; x_wconf 89' lang='lat' dir='ltr'>men·</span> 
     </span>
     <span class='ocr_line' id='line_1_61' title="bbox 746 3027 1287 3090; baseline -0.004 -12"><span class='ocrx_word' id='word_1_367' title='bbox 746 3029 785 3078; x_wconf 89' lang='lat' dir='ltr'>tio</span> <span class='ocrx_word' id='word_1_368' title='bbox 797 3027 869 3090; x_wconf 85' lang='lat' dir='ltr'>apud</span> <span class='ocrx_word' id='word_1_369' title='bbox 882 3032 998 3076; x_wconf 81' lang='lat' dir='ltr'>veteres.</span> <span class='ocrx_word' id='word_1_370' title='bbox 1014 3028 1127 3077; x_wconf 89' lang='lat' dir='ltr'>Portum</span> <span class='ocrx_word' id='word_1_371' title='bbox 1139 3032 1187 3078; x_wconf 89' lang='lat' dir='ltr'>aut</span> <span class='ocrx_word' id='word_1_372' title='bbox 1196 3030 1287 3078; x_wconf 85' lang='lat' dir='ltr'>vicum</span> 
     </span>
     <span class='ocr_line' id='line_1_62' title="bbox 745 3095 1286 3160; baseline -0.004 -13"><span class='ocrx_word' id='word_1_373' title='bbox 745 3098 831 3147; x_wconf 85' lang='lat' dir='ltr'>luisse</span> <span class='ocrx_word' id='word_1_374' title='bbox 852 3095 992 3160; x_wconf 81' lang='lat' dir='ltr'>probabile</span> <span class='ocrx_word' id='word_1_375' title='bbox 1011 3100 1062 3148; x_wconf 88' lang='lat' dir='ltr'>est.</span> <span class='ocrx_word' id='word_1_376' title='bbox 1106 3096 1185 3148; x_wconf 79' lang='lat' dir='ltr'>Cous.</span> <span class='ocrx_word' id='word_1_377' title='bbox 1204 3097 1286 3147; x_wconf 79' lang='lat' dir='ltr'>etiam</span> 
     </span>
     <span class='ocr_line' id='line_1_63' title="bbox 745 3165 1322 3233; baseline 0 -17"><span class='ocrx_word' id='word_1_378' title='bbox 745 3165 940 3217; x_wconf 76' lang='lat' dir='ltr'>Weissenborn</span> <span class='ocrx_word' id='word_1_379' title='bbox 951 3165 1058 3217; x_wconf 88' lang='lat' dir='ltr'>Hellen.</span> <span class='ocrx_word' id='word_1_380' title='bbox 1075 3182 1135 3233; x_wconf 80' lang='lat' dir='ltr'>pag.</span> <span class='ocrx_word' id='word_1_381' title='bbox 1158 3169 1221 3229; x_wconf 83' lang='grc'><em>102,</em></span> <span class='ocrx_word' id='word_1_382' title='bbox 1244 3168 1288 3216; x_wconf 86' lang='lat' dir='ltr'>oni</span> <span class='ocrx_word' id='word_1_383' title='bbox 1301 3210 1322 3227; x_wconf 76' lang='grc'><em>,.</em></span> 
     </span>
     <span class='ocr_line' id='line_1_64' title="bbox 745 3225 1287 3301; baseline -0.007 -14"><span class='ocrx_word' id='word_1_384' title='bbox 745 3236 817 3287; x_wconf 89' lang='lat' dir='ltr'>idem</span> <span class='ocrx_word' id='word_1_385' title='bbox 830 3235 928 3300; x_wconf 80' lang='lat' dir='ltr'>placet</span> <span class='ocrx_word' id='word_1_386' title='bbox 965 3236 1006 3284; x_wconf 77' lang='lat' dir='ltr'>Ad</span> <span class='ocrx_word' id='word_1_387' title='bbox 1023 3251 1104 3287; x_wconf 83' lang='lat' dir='ltr'>voces</span> <span class='ocrx_word' id='word_1_388' title='bbox 1123 3230 1208 3301; x_wconf 81' lang='grc' dir='ltr'><em>βορέη</em></span> <span class='ocrx_word' id='word_1_389' title='bbox 1225 3225 1287 3284; x_wconf 81' lang='grc' dir='ltr'><em>ἆνέ-</em></span> 
     </span>
     <span class='ocr_line' id='line_1_65' title="bbox 745 3304 1287 3372; baseline 0 -17"><span class='ocrx_word' id='word_1_390' title='bbox 745 3321 788 3372; x_wconf 83' lang='grc' dir='ltr'>μῳ</span> <span class='ocrx_word' id='word_1_391' title='bbox 807 3304 879 3355; x_wconf 79' lang='lat' dir='ltr'>conf.</span> <span class='ocrx_word' id='word_1_392' title='bbox 898 3309 967 3357; x_wconf 88' lang='lat' dir='ltr'>nott.</span> <span class='ocrx_word' id='word_1_393' title='bbox 985 3306 1019 3354; x_wconf 90' lang='lat' dir='ltr'>ad</span> <span class='ocrx_word' id='word_1_394' title='bbox 1036 3306 1089 3370; x_wconf 90' lang='lat' dir='ltr'>IV,</span> <span class='ocrx_word' id='word_1_395' title='bbox 1105 3307 1130 3357; x_wconf 81' lang='lat'>7.</span> <span class='ocrx_word' id='word_1_396' title='bbox 1168 3306 1287 3357; x_wconf 90' lang='lat' dir='ltr'>Verbum</span> 
     </span>
     <span class='ocr_line' id='line_1_66' title="bbox 745 3368 1287 3440; baseline 0.007 -18"><span class='ocrx_word' id='word_1_397' title='bbox 745 3368 907 3440; x_wconf 81' lang='grc' dir='ltr'><em>διαβάλλειν</em></span> <span class='ocrx_word' id='word_1_398' title='bbox 927 3375 1020 3435; x_wconf 87' lang='lat' dir='ltr'>eodem</span> <span class='ocrx_word' id='word_1_399' title='bbox 1041 3378 1186 3426; x_wconf 83' lang='lat' dir='ltr'>tratioiendt</span> <span class='ocrx_word' id='word_1_400' title='bbox 1205 3391 1287 3427; x_wconf 88' lang='lat' dir='ltr'>sensu</span> 
     </span>
     <span class='ocr_line' id='line_1_67' title="bbox 744 3445 1284 3511; baseline -0.004 -15"><span class='ocrx_word' id='word_1_401' title='bbox 744 3447 778 3506; x_wconf 90' lang='lat' dir='ltr'>V,</span> <span class='ocrx_word' id='word_1_402' title='bbox 792 3446 833 3497; x_wconf 74' lang='grc'><em>34.</em></span> <span class='ocrx_word' id='word_1_403' title='bbox 851 3446 1035 3509; x_wconf 78' lang='lat' dir='ltr'>tt.1x,114.</span> <span class='ocrx_word' id='word_1_404' title='bbox 1052 3446 1174 3511; x_wconf 86' lang='lat' dir='ltr'>Euripid.</span> <span class='ocrx_word' id='word_1_405' title='bbox 1190 3445 1284 3511; x_wconf 86' lang='lat' dir='ltr'>Suppl.</span> 
     </span>
     <span class='ocr_line' id='line_1_68' title="bbox 744 3514 901 3578; baseline -0.019 -10"><span class='ocrx_word' id='word_1_406' title='bbox 744 3515 811 3578; x_wconf 83' lang='lat'>930,</span> <span class='ocrx_word' id='word_1_407' title='bbox 827 3514 901 3565; x_wconf 83' lang='lat' dir='ltr'>alibi.</span> 
     </span>
    </p>
   </div>
   <div class='ocr_carea' id='block_1_11' title="bbox 743 3624 1288 4323">
    <p class='ocr_par' dir='ltr' id='par_1_13' title="bbox 743 3624 1288 4323">
     <span class='ocr_line' id='line_1_69' title="bbox 780 3624 1287 3699; baseline -0.006 -13"><span class='ocrx_word' id='word_1_408' title='bbox 780 3626 879 3699; x_wconf 80' lang='grc' dir='ltr'><em>οὐγὰρ</em></span> <span class='ocrx_word' id='word_1_409' title='bbox 892 3626 951 3683; x_wconf 72' lang='grc' dir='ltr'><em>ἔδει</em></span> <span class='ocrx_word' id='word_1_410' title='bbox 965 3660 999 3669; x_wconf 96' lang='grc'>-</span> <span class='ocrx_word' id='word_1_411' title='bbox 1008 3624 1179 3696; x_wconf 78' lang='grc' dir='ltr'><em>ἀπολέσθαι]</em></span> <span class='ocrx_word' id='word_1_412' title='bbox 1197 3634 1287 3683; x_wconf 87' lang='lat' dir='ltr'>Perti-</span> 
     </span>
     <span class='ocr_line' id='line_1_70' title="bbox 744 3702 1286 3756; baseline -0.011 0"><span class='ocrx_word' id='word_1_413' title='bbox 744 3711 810 3756; x_wconf 89' lang='lat' dir='ltr'>neut</span> <span class='ocrx_word' id='word_1_414' title='bbox 826 3707 894 3755; x_wconf 88' lang='lat' dir='ltr'>haec</span> <span class='ocrx_word' id='word_1_415' title='bbox 912 3703 946 3753; x_wconf 84' lang='lat' dir='ltr'>ad</span> <span class='ocrx_word' id='word_1_416' title='bbox 966 3703 1100 3753; x_wconf 88' lang='lat' dir='ltr'>Herodoti</span> <span class='ocrx_word' id='word_1_417' title='bbox 1122 3702 1286 3751; x_wconf 83' lang='lat' dir='ltr'>sententiam</span> 
     </span>
     <span class='ocr_line' id='line_1_71' title="bbox 744 3770 1286 3839; baseline -0.006 -15"><span class='ocrx_word' id='word_1_418' title='bbox 744 3776 778 3825; x_wconf 90' lang='lat' dir='ltr'>de</span> <span class='ocrx_word' id='word_1_419' title='bbox 796 3776 869 3837; x_wconf 83' lang='lat' dir='ltr'>lato,</span> <span class='ocrx_word' id='word_1_420' title='bbox 893 3789 945 3839; x_wconf 91' lang='lat' dir='ltr'>quo</span> <span class='ocrx_word' id='word_1_421' title='bbox 963 3775 1054 3822; x_wconf 86' lang='lat' dir='ltr'>omnis</span> <span class='ocrx_word' id='word_1_422' title='bbox 1072 3773 1135 3822; x_wconf 89' lang='lat' dir='ltr'>inde</span> <span class='ocrx_word' id='word_1_423' title='bbox 1155 3770 1188 3821; x_wconf 82' lang='lat' dir='ltr'>ab</span> <span class='ocrx_word' id='word_1_424' title='bbox 1205 3772 1286 3821; x_wconf 88' lang='lat' dir='ltr'>initio</span> 
     </span>
     <span class='ocr_line' id='line_1_72' title="bbox 744 3845 1287 3905; baseline -0.013 -9"><span class='ocrx_word' id='word_1_425' title='bbox 744 3849 786 3895; x_wconf 85' lang='lat' dir='ltr'>its</span> <span class='ocrx_word' id='word_1_426' title='bbox 808 3849 872 3896; x_wconf 91' lang='lat' dir='ltr'>sunt</span> <span class='ocrx_word' id='word_1_427' title='bbox 895 3845 1061 3904; x_wconf 77' lang='lat' dir='ltr'>constituta,</span> <span class='ocrx_word' id='word_1_428' title='bbox 1086 3848 1116 3892; x_wconf 88' lang='lat' dir='ltr'>ut</span> <span class='ocrx_word' id='word_1_429' title='bbox 1140 3855 1287 3905; x_wconf 75' lang='lat' dir='ltr'>numquam</span> 
     </span>
     <span class='ocr_line' id='line_1_73' title="bbox 743 3912 1288 3973; baseline -0.009 -8"><span class='ocrx_word' id='word_1_430' title='bbox 743 3914 799 3965; x_wconf 90' lang='lat' dir='ltr'>ullo</span> <span class='ocrx_word' id='word_1_431' title='bbox 814 3914 893 3965; x_wconf 91' lang='lat' dir='ltr'>modo</span> <span class='ocrx_word' id='word_1_432' title='bbox 905 3914 1044 3963; x_wconf 82' lang='lat' dir='ltr'>immutari</span> <span class='ocrx_word' id='word_1_433' title='bbox 1060 3916 1108 3961; x_wconf 80' lang='lat' dir='ltr'>out</span> <span class='ocrx_word' id='word_1_434' title='bbox 1121 3912 1210 3960; x_wconf 82' lang='lat' dir='ltr'>averti</span> <span class='ocrx_word' id='word_1_435' title='bbox 1225 3927 1288 3973; x_wconf 88' lang='lat' dir='ltr'>pos·</span> 
     </span>
     <span class='ocr_line' id='line_1_74' title="bbox 745 3980 1284 4046; baseline -0.017 -10"><span class='ocrx_word' id='word_1_436' title='bbox 745 3986 809 4036; x_wconf 91' lang='lat' dir='ltr'>sint.</span> <span class='ocrx_word' id='word_1_437' title='bbox 837 3984 932 4045; x_wconf 64' lang='lat' dir='ltr'>Confi,</span> <span class='ocrx_word' id='word_1_438' title='bbox 946 3998 979 4031; x_wconf 90' lang='lat' dir='ltr'>ne</span> <span class='ocrx_word' id='word_1_439' title='bbox 993 3982 1086 4046; x_wconf 83' lang='lat' dir='ltr'>plura,</span> <span class='ocrx_word' id='word_1_440' title='bbox 1100 3984 1169 4030; x_wconf 86' lang='lat' dir='ltr'>nott.</span> <span class='ocrx_word' id='word_1_441' title='bbox 1181 3980 1215 4028; x_wconf 82' lang='lat' dir='ltr'>ud</span> <span class='ocrx_word' id='word_1_442' title='bbox 1225 3980 1247 4039; x_wconf 90' lang='lat'>1,</span> <span class='ocrx_word' id='word_1_443' title='bbox 1258 3980 1284 4028; x_wconf 89' lang='lat'>8.</span> 
     </span>
     <span class='ocr_line' id='line_1_75' title="bbox 745 4049 1286 4114; baseline -0.009 -11"><span class='ocrx_word' id='word_1_444' title='bbox 745 4053 856 4112; x_wconf 77' lang='lat' dir='ltr'>1V,7tt.</span> <span class='ocrx_word' id='word_1_445' title='bbox 875 4053 911 4111; x_wconf 79' lang='lat' dir='ltr'>V,</span> <span class='ocrx_word' id='word_1_446' title='bbox 926 4052 968 4101; x_wconf 74' lang='lat'>92.</span> <span class='ocrx_word' id='word_1_447' title='bbox 986 4055 1010 4114; x_wconf 70' lang='lat'>5.</span> <span class='ocrx_word' id='word_1_448' title='bbox 1026 4053 1051 4099; x_wconf 79' lang='lat' dir='ltr'>t.</span> <span class='ocrx_word' id='word_1_449' title='bbox 1082 4049 1191 4113; x_wconf 73' lang='lat' dir='ltr'>Myndia</span> <span class='ocrx_word' id='word_1_450' title='bbox 1206 4051 1286 4098; x_wconf 84' lang='lat' dir='ltr'>navis</span> 
     </span>
     <span class='ocr_line' id='line_1_76' title="bbox 746 4116 1286 4182; baseline -0.007 -10"><span class='ocrx_word' id='word_1_451' title='bbox 746 4123 847 4172; x_wconf 90' lang='lat' dir='ltr'>dicitur</span> <span class='ocrx_word' id='word_1_452' title='bbox 870 4136 925 4169; x_wconf 86' lang='lat' dir='ltr'>uus</span> <span class='ocrx_word' id='word_1_453' title='bbox 949 4136 981 4169; x_wconf 85' lang='lat' dir='ltr'>ex</span> <span class='ocrx_word' id='word_1_454' title='bbox 1005 4120 1039 4168; x_wconf 86' lang='lat' dir='ltr'>iis</span> <span class='ocrx_word' id='word_1_455' title='bbox 1062 4116 1194 4176; x_wconf 82' lang='lat' dir='ltr'>navibus,</span> <span class='ocrx_word' id='word_1_456' title='bbox 1219 4132 1286 4182; x_wconf 82' lang='lat' dir='ltr'>quas</span> 
     </span>
     <span class='ocr_line' id='line_1_77' title="bbox 745 4185 1287 4255; baseline -0.007 -14"><span class='ocrx_word' id='word_1_457' title='bbox 745 4190 917 4255; x_wconf 86' lang='lat' dir='ltr'>Myndiorum</span> <span class='ocrx_word' id='word_1_458' title='bbox 943 4188 1043 4238; x_wconf 84' lang='lat' dir='ltr'>civitas</span> <span class='ocrx_word' id='word_1_459' title='bbox 1070 4188 1098 4236; x_wconf 91' lang='lat' dir='ltr'>in</span> <span class='ocrx_word' id='word_1_460' title='bbox 1125 4185 1204 4235; x_wconf 80' lang='lat' dir='ltr'>Caria</span> <span class='ocrx_word' id='word_1_461' title='bbox 1230 4189 1287 4237; x_wconf 86' lang='lat' dir='ltr'>sita</span> 
     </span>
     <span class='ocr_line' id='line_1_78' title="bbox 745 4256 1286 4323; baseline -0.009 -12"><span class='ocrx_word' id='word_1_462' title='bbox 745 4263 943 4323; x_wconf 82' lang='lat' dir='ltr'>Persarumque</span> <span class='ocrx_word' id='word_1_463' title='bbox 960 4258 1073 4323; x_wconf 86' lang='lat' dir='ltr'>imperio</span> <span class='ocrx_word' id='word_1_464' title='bbox 1088 4256 1198 4306; x_wconf 85' lang='lat' dir='ltr'>subdita</span> <span class='ocrx_word' id='word_1_465' title='bbox 1209 4273 1286 4321; x_wconf 84' lang='lat' dir='ltr'>prae·</span> 
     </span>
    </p>
   </div>
   <div class='ocr_carea' id='block_1_12' title="bbox 148 4327 1286 4545">
    <p class='ocr_par' dir='ltr' id='par_1_14' title="bbox 148 4327 1286 4545">
     <span class='ocr_line' id='line_1_79' title="bbox 149 4327 1286 4397; baseline -0.006 -13"><span class='ocrx_word' id='word_1_466' title='bbox 149 4352 197 4386; x_wconf 85' lang='grc' dir='ltr'>τοο</span> <span class='ocrx_word' id='word_1_467' title='bbox 210 4336 321 4387; x_wconf 86' lang='lat' dir='ltr'>valent:</span> <span class='ocrx_word' id='word_1_468' title='bbox 341 4336 533 4397; x_wconf 70' lang='lat' dir='ltr'>Hellespontum</span> <span class='ocrx_word' id='word_1_469' title='bbox 546 4348 635 4383; x_wconf 82' lang='lat' dir='ltr'>versus</span> <span class='ocrx_word' id='word_1_470' title='bbox 647 4346 697 4395; x_wconf 84' lang='lat' dir='ltr'>per</span> <span class='ocrx_word' id='word_1_471' title='bbox 746 4331 811 4381; x_wconf 87' lang='lat' dir='ltr'>bere</span> <span class='ocrx_word' id='word_1_472' title='bbox 837 4329 871 4379; x_wconf 86' lang='lat' dir='ltr'>ad</span> <span class='ocrx_word' id='word_1_473' title='bbox 888 4331 1029 4379; x_wconf 83' lang='lat' dir='ltr'>Persarum</span> <span class='ocrx_word' id='word_1_474' title='bbox 1054 4327 1168 4378; x_wconf 87' lang='lat' dir='ltr'>classem</span> <span class='ocrx_word' id='word_1_475' title='bbox 1188 4332 1286 4377; x_wconf 75' lang='lat' dir='ltr'>coacta</span> 
     </span>
     <span class='ocr_line' id='line_1_80' title="bbox 148 4397 1283 4470; baseline -0.009 -10"><span class='ocrx_word' id='word_1_476' title='bbox 148 4413 252 4469; x_wconf 67' lang='lat' dir='ltr'>spectem</span> <span class='ocrx_word' id='word_1_477' title='bbox 264 4409 391 4470; x_wconf 81' lang='lat' dir='ltr'>uuoipore</span> <span class='ocrx_word' id='word_1_478' title='bbox 399 4407 490 4467; x_wconf 84' lang='lat' dir='ltr'>eoepit,</span> <span class='ocrx_word' id='word_1_479' title='bbox 502 4419 524 4456; x_wconf 88' lang='lat' dir='ltr'>s.</span> <span class='ocrx_word' id='word_1_480' title='bbox 536 4417 597 4452; x_wconf 89' lang='lat' dir='ltr'>eum</span> <span class='ocrx_word' id='word_1_481' title='bbox 608 4401 697 4451; x_wconf 83' lang='lat' dir='ltr'>classe</span> <span class='ocrx_word' id='word_1_482' title='bbox 747 4405 815 4451; x_wconf 78' lang='lat' dir='ltr'>erat.</span> <span class='ocrx_word' id='word_1_483' title='bbox 843 4402 884 4449; x_wconf 91' lang='lat' dir='ltr'>De</span> <span class='ocrx_word' id='word_1_484' title='bbox 896 4398 1002 4465; x_wconf 68' lang='lat' dir='ltr'>Scylace</span> <span class='ocrx_word' id='word_1_485' title='bbox 1013 4398 1086 4449; x_wconf 80' lang='lat' dir='ltr'>cont.</span> <span class='ocrx_word' id='word_1_486' title='bbox 1102 4412 1185 4461; x_wconf 86' lang='lat' dir='ltr'>supra</span> <span class='ocrx_word' id='word_1_487' title='bbox 1199 4398 1231 4446; x_wconf 91' lang='lat' dir='ltr'>T.</span> <span class='ocrx_word' id='word_1_488' title='bbox 1246 4397 1283 4450; x_wconf 95' lang='lat' dir='ltr'>ll.</span> 
     </span>
     <span class='ocr_line' id='line_1_81' title="bbox 151 4467 1121 4545; baseline -0.005 -19"><span class='ocrx_word' id='word_1_489' title='bbox 151 4478 190 4528; x_wconf 82' lang='lat' dir='ltr'>ita</span> <span class='ocrx_word' id='word_1_490' title='bbox 204 4478 352 4545; x_wconf 82' lang='lat' dir='ltr'>profectus</span> <span class='ocrx_word' id='word_1_491' title='bbox 366 4480 423 4537; x_wconf 87' lang='lat' dir='ltr'>ost,</span> <span class='ocrx_word' id='word_1_492' title='bbox 447 4477 477 4523; x_wconf 90' lang='lat' dir='ltr'>ut</span> <span class='ocrx_word' id='word_1_493' title='bbox 489 4471 697 4537; x_wconf 87' lang='lat' dir='ltr'>Hellespontum</span> <span class='ocrx_word' id='word_1_494' title='bbox 747 4486 772 4536; x_wconf 91' lang='lat' dir='ltr'>p.</span> <span class='ocrx_word' id='word_1_495' title='bbox 786 4471 836 4522; x_wconf 83' lang='grc'><em>723</em></span> <span class='ocrx_word' id='word_1_496' title='bbox 849 4471 877 4519; x_wconf 91' lang='lat' dir='ltr'>in</span> <span class='ocrx_word' id='word_1_497' title='bbox 889 4470 1013 4519; x_wconf 85' lang='lat' dir='ltr'>Excursu</span> <span class='ocrx_word' id='word_1_498' title='bbox 1026 4467 1121 4521; x_wconf 82' lang='lat' dir='ltr'>allata.</span> 
     </span>
    </p>
   </div>
   <div class='ocr_carea' id='block_1_13' title="bbox 0 0 1554 5175">
    <p class='ocr_par' dir='ltr' id='par_1_15' title="bbox 0 0 1554 5175">
     <span class='ocr_line' id='line_1_82' title="bbox 0 0 1554 5175; baseline 0 3"><span class='ocrx_word' id='word_1_499' title='bbox 0 0 1554 5175; x_wconf 95' lang='lat' dir='ltr'> </span> 
     </span>
    </p>
   </div>
  </div>
 </body>
</html>
