3100 5175
468 478 740 539 POLYMNIA.
765 478 837 540 VII.
859 490 976 543 18-20.
1223 479 1285 539 1177

154 681 188 721 τε
205 655 259 721 ἐπὶ
274 657 385 721 πᾶσαν
398 658 480 740 γῆν,
502 650 702 722 δουλεύσειν
723 656 760 722 ιε’
779 657 812 721 ot
823 651 949 733 πάντας
963 651 1177 742 ἀνθρώπους.
1213 648 1285 739 ἡδὲ

150 755 227 839 ὄψις
247 748 289 844 ἦν
307 754 378 846 ἥδε.
420 755 534 837 ἐδόκεε
554 753 573 825 δ
592 759 715 844 Ξέρξης
735 759 993 845 ἐστεφανῶσθαι
1021 760 1132 844 ἐλαίης
1150 762 1284 849 θαλλῷ·

150 858 216 929 άπὸ
231 860 268 929 δὲ
291 865 348 948 τῆς
361 863 473 948 ἐλαίης
492 856 570 940 τούς
586 860 731 939 κλάδους
745 865 810 947 γῆν
830 867 941 929 πᾶσαν
955 865 1116 949 ἐπισχεῖν
1144 857 1226 948 μετά
1247 861 1284 928 δὲ

150 961 383 1051 ἀφανισθῆναι
405 965 482 1051 περὶ
509 967 549 1050 τῇ
570 969 701 1052 κεφαλῇ
721 969 879 1051 κείμενον
900 962 958 1034 τὸν
979 966 1157 1051 στέφανον.
1198 971 1282 1050 Κρι-

150 1067 283 1136 νάντων
299 1067 334 1135 δὲ
353 1066 457 1155 ταάτη
478 1070 546 1134 τοῖν
561 1067 694 1154 μάγων,
718 1070 878 1154 Περσέων
897 1095 933 1136 τε
945 1074 1013 1136 τῶν
1026 1069 1284 1154 συλλεχθέντων

149 1167 269 1238 αὐτίκα
284 1175 346 1249 πάς
361 1168 446 1257 ἀνὴρ
460 1173 493 1249 ἐς
505 1166 567 1257 τὴν
579 1169 685 1258 άρχην
698 1170 760 1258 την
774 1173 902 1240 ἑωυτοῦ
917 1169 1103 1256 ἀπελάσας,
1118 1170 1185 1258 εἶχε
1199 1198 1280 1259 προ-

148 1280 279 1361 θυμίην
299 1279 409 1342 πάσαν
432 1275 486 1342 ἐπὶ
506 1289 591 1343 τοῖσι
606 1276 825 1362 εἰρημένοισι,
847 1278 961 1344 θέλων
975 1273 1074 1354 αὐτὸς
1091 1278 1228 1353 ἕκαστος
1241 1272 1281 1343 τά

149 1383 352 1465 προκείμενα
373 1382 465 1465 δῶρα
488 1385 620 1464 λαβεῖν·
652 1379 708 1446 καλ
720 1379 843 1465 Ξέρξης
861 1383 921 1447 τοῦ
934 1384 1077 1467 στρατοῦ
1097 1374 1184 1448 οὕτω
1200 1377 1280 1446 ε’πά-

98 1471 148 1554 510
155 1503 274 1570 γερσιν
287 1482 443 1565 ποιέεται,
456 1485 566 1568 χῶρον
581 1479 688 1550 πάντα
702 1484 852 1568 ἐρευνῶν
865 1486 922 1570 της
934 1478 1087 1570 ἠπείρου.
1123 1478 1203 1550 Ἀπό
1218 1480 1328 1570 rapiti

148 1582 325 1671 Αἰγύπτου
347 1580 488 1663 άλάσιος
508 1585 563 1654 ἐπλ
584 1582 646 1673 μὲν
669 1586 807 1672 τέσσερα
834 1591 909 1654 ἐτεοι
930 1585 1057 1674 πλήρεα
1078 1588 1280 1674 παραρτέετο
1386 1598 1394 1611 “

146 1832 317 1887 spectare,
341 1828 516 1887 pertinere
540 1826 577 1874 ad
598 1841 690 1877 omnem
937 1860 994 1909 CM,
1023 1860 1073 1910 XX

146 1902 251 1945 terram.
284 1894 363 1946 Conl.
381 1894 466 1956 VIII,
488 1894 546 1944 137.
580 1895 689 1945 Indein
997 1898 1003 1911 ‘
1073 1886 1083 1914 ¹

147 1979 222 2029 seqq.
248 1964 353 2015 verbis:
383 1956 442 2012 άτιό
465 1957 496 2012 δέ
520 1960 571 2027 τῆς
595 1956 690 2027 ἐλαίης
774 1954 885 2028 ἐπλμέν
901 1956 1091 2027 τέσσεραέτεα
1106 1954 1213 2027 πλήρεα
1226 1978 1279 2012 πα,

143 2030 211 2090 τοὺς
228 2029 352 2090 κλάδους
372 2031 425 2098 γῆν
449 2034 546 2081 πᾶσαν
561 2024 687 2097 ἐπισχεῖν
739 2029 868 2098 ραρτέετο
886 2027 1021 2097 στρατιήν
1033 2047 1062 2082 τε
1080 2028 1128 2081 καὶ
1145 2029 1179 2081 τὰ
1195 2028 1280 2096 πρόσ-

144 2101 175 2167 (i.
195 2118 219 2156 e.
244 2106 302 2154 inde
322 2104 355 2153 ab
376 2105 440 2153 olion
461 2111 582 2153 exeuntes
604 2120 688 2154 ramos
738 2118 815 2167 φορά
832 2101 867 2170 τῇ
883 2100 1010 2168 στρατιῇ]
1029 2105 1047 2157 i.
1062 2120 1085 2153 e.
1101 2111 1219 2167 quattaor
1231 2119 1280 2166 per

142 2189 235 2223 oannem
255 2182 351 2224 terram
365 2172 501 2237 occupare)
518 2175 686 2238 praepositio
737 2190 818 2224 annos
826 2177 937 2239 inrepros
950 2173 1053 2223 Xerxes
1059 2174 1172 2236 parabor
1180 2176 1279 2231 enerci-

142 2233 199 2290 άπὸ
225 2242 298 2293 haud
323 2248 420 2303 vacat,
445 2258 533 2306 neque
552 2234 610 2292 άπὸ
635 2243 685 2308 τῆς
736 2246 1278 2308 λανιτεηαοετυτνείλαίκταιεεαιίαενονε,

142 2302 239 2375 ἐλαίης
251 2304 319 2369 τοὺς
335 2304 460 2368 κλάδους
472 2313 543 2362 idern
556 2312 687 2363 denotare
737 2328 759 2364 s.
768 2318 800 2363 ut
810 2313 1080 2377 Schweighaeuserua
1090 2312 1192 2362 reddit:
1205 2320 1278 2376 qant-

141 2386 226 2447 atque
239 2375 307 2438 τοὺς
326 2382 377 2446 τη”ς
390 2373 483 2445 ἐλαίης
500 2374 637 2446 κλάδους,
656 2387 687 2432 ut
736 2392 794 2433 teter
806 2384 882 2433 solidi
899 2384 960 2432 nani
975 2385 1001 2431 ἰν
1017 2383 1187 2445 comparando
1200 2398 1277 2431 exer-

143 2450 213 2501 dixit
226 2450 467 2516 Schweighaeuser
483 2451 512 2500 in
522 2452 615 2502 Lexic.
633 2453 687 2503 He·
735 2454 784 2501 eila
797 2461 823 2501 et
839 2452 915 2502 rebus
931 2455 1058 2502 exercitui
1074 2454 1227 2502 necessariis
1241 2454 1277 2500 in-

143 2521 232 2571 rodot.
246 2522 268 2572 1.
282 2536 344 2588 pag.
360 2523 408 2584 77,
429 2522 534 2571 monitu
548 2523 594 2572 vix
607 2538 684 2586 opus.
734 2526 897 2584 complicant.
911 2522 1044 2572 Herodoti
1053 2520 1172 2571 calculos
1183 2522 1206 2571 si
1216 2522 1278 2570 sub·

140 2580 687 2712 Verbumsssmzet'vNostareodempror·
734 2592 1276 2658 duxerimus,apparabit,andeeirnoanno

141 2677 187 2711 sus
197 2662 278 2711 modo
291 2661 403 2712 adhibet
413 2663 437 2721 1,
449 2663 512 2712 108:
531 2656 583 2725 την
593 2660 611 2710 δ

142 2731 228 2780 πελον
240 2722 403 2794 ἐπισχεῖν
416 2726 468 2794 τὴν
478 2726 686 2793 Ἀσίηνποὶσαν.
734 2730 935 2795 expeditionem
958 2732 985 2779 in
1000 2732 1119 2781 Graecos
1141 2732 1276 2794 suscepis-

140 2803 177 2851 at
191 2801 264 2851 conl.
278 2816 386 2866 qnoque
397 2800 460 2861 Vll,
475 2803 524 2850 127
540 2801 632 2867 ibique
644 2802 683 2851 al·
734 2817 777 2858 σος
797 2800 869 2864 quod
887 2801 980 2851 decimo
1000 2805 1062 2863 post
1078 2799 1151 2848 illam
1170 2799 1275 2850 cladem

140 2868 207 2921 lata.
245 2870 287 2921 Ad
305 2870 382 2921 verbi
400 2867 498 2919 δοκεῖν
516 2887 594 2922 usum
611 2871 682 2922 conl.
734 2869 1274 2933 annoaccidissescribitThncydidesl‚

140 2940 212 3002 Vn,
230 2941 260 2990 le
274 2943 304 2990 et
320 2941 355 2989 ad
371 2941 455 2991 verba
476 2931 632 3006 ὡρμημένῳ
651 2935 682 2989 δὲ
735 2940 767 2989 18
780 2939 841 2989 οο11.
853 2939 925 2989 Plat.
941 2940 982 2989 Dc
994 2939 1066 3002 legg.
1081 2938 1132 2988 lll.
1147 2955 1173 3003 p.
1183 2939 1234 2988 608
1242 2939 1272 2991 0.

140 3036 173 3045 -
191 3007 406 3072 στρατηλατέειν
431 3014 499 3059 nott.
518 3010 554 3059 ad
571 3011 637 3072 Vll,
656 3013 681 3059 4.
734 3007 1274 3073 Aristid.Schol.p.22lFrommel.Thu·

140 3107 170 3116 -
186 3080 410 3144 Insequentibus
426 3071 569 3136 άπελάσας
587 3087 628 3129 est
643 3096 683 3129 re·
733 3078 857 3142 cydidem
874 3080 976 3129 reiecta
988 3077 1120 3128 Herodoti
1137 3078 1275 3128 sententia

138 3165 227 3200 versus
246 3149 289 3198 vel
312 3150 420 3215 proprie
443 3165 495 3197 erem
514 3150 681 3214 discessisset,
734 3154 884 3214 sequuntur
893 3149 1024 3212 Scaliger,
1034 3147 1196 3208 alii,contra
1205 3162 1273 3212 quoe

138 3218 261 3279 utvl11‚
277 3218 320 3270 90.
732 3218 883 3283 Alphen.in
896 3218 1057 3269 Commentt.
1070 3216 1226 3281 chronolog.
1238 3218 1273 3266 ad

172 3280 231 3351 εἶχε
248 3284 418 3351 προθυμίην
433 3283 527 3336 πᾶσαν
543 3277 590 3336 ἐπὶ
606 3288 681 3336 τοῖσι
733 3288 842 3338 Daniel.
855 3303 916 3352 cap.
930 3289 955 3338 u.
969 3289 999 3337 Ρ.
1010 3287 1063 3337 111.
1079 3303 1138 3352 cap.
1151 3287 1166 3338 3
1180 3293 1272 3352 (quern

137 3351 321 3422 εἰρημένοισι]
334 3356 682 3422 Schweighaeuserus:stu·
731 3357 835 3407 Duker.
858 3358 952 3407 landet
973 3357 1008 3406 ad
1029 3357 1181 3421 Thucydid.
1202 3357 1220 3406 l.
1240 3355 1271 3420 l.)

139 3427 203 3477 diua
223 3443 305 3488 orme,
330 3436 358 3476 ut
379 3429 450 3476 iaaac
472 3435 680 3492 exsequerentur,
731 3427 800 3478 bene
816 3428 935 3490 monuit,
951 3426 1216 3490 Thucydidisverba
1232 3426 1273 3476 ita

138 3496 312 3547 adhibuerant.
344 3498 465 3560 Longius
479 3496 624 3547 vernacule
640 3497 681 3546 sie
731 3499 832 3562 exponi
853 3513 949 3562 posse,
974 3501 1005 3546 ut
1024 3498 1205 3548 Herodoteam
1228 3512 1272 3546 ra-

138 3568 288 3631 expreasit:
313 3566 477 3616 andrachlen
493 3569 536 3616 mit
549 3569 620 3616 altem
632 3553 679 3616 di·
730 3567 830 3617 tionem
844 3568 954 3617 minime
964 3567 1131 3632 impugnent.
1156 3566 1272 3629 Addam,

136 3637 179 3697 ser·
208 3640 263 3686 dem
289 3636 383 3699 Besedt
410 3635 622 3688 naelzulrornmen.
645 3663 679 3672 —
729 3652 798 3701 quae
813 3637 847 3686 ad
866 3636 1001 3687 meliorem
1022 3643 1171 3702 temporum
1192 3647 1272 3685 nora-

138 3705 170 3755 In
191 3720 268 3771 seqq.
292 3705 328 3756 ad
347 3705 429 3756 verba
455 3697 541 3762 αὐτὸς
564 3700 680 3761 ἕκαστος
728 3705 1272 3770 tionemh.ladscripaitWesselinginsz

139 3775 174 3827 cl.
198 3774 326 3825 Kuehner
345 3775 391 3825 Gr.
410 3775 455 3824 Gr.
475 3778 499 3837 §-
519 3775 570 3827 630
592 3781 620 3826 et
644 3775 679 3825 ad
731 3777 925 3843 „Apparatum
949 3777 1028 3825 Darii
1055 3775 1092 3823 ad
1116 3791 1216 3827 novum
1243 3775 1270 3823 in

137 3860 234 3894 vocem
255 3836 403 3908 ἐπάγερσιν
426 3851 498 3897 nott.
518 3846 553 3895 ad
567 3845 636 3907 Vll,
653 3845 677 3894 5.
730 3847 851 3896 Graecos
865 3846 964 3896 bellum
976 3843 1138 3895 triennalem
1150 3845 1272 3909 signavit

137 3915 222 3964 Recte
248 3919 340 3965 aretem
363 3914 397 3964 ad
419 3913 500 3964 huius
525 3916 578 3965 loci
599 3929 680 3978 argu·
730 3914 809 3972 c.l.;
828 3915 978 3980 adiungens
993 3920 1090 3980 quarto
1106 3916 1272 3980 postulara-

138 3990 257 4033 mentum
272 3983 525 4034 observatRennel.
541 4000 604 4050 pag.
618 3983 679 4043 500,
731 3985 853 4034 thoniam
876 3999 992 4049 pugnam
1018 3982 1081 4048 [490
1100 4001 1123 4033 a.
1147 3983 1208 4033 Chr.
1228 3982 1267 4048 n]

137 4068 186 4116 pro
203 4053 384 4104 Orientalium
403 4069 477 4104 more
491 4056 578 4104 sacris
596 4057 679 4105 etiam
731 4070 803 4105 anno
821 4053 884 4119 [486
897 4070 923 4102 a.
934 4053 997 4103 Chr.
1010 4052 1049 4117 n]
1062 4055 1213 4117 Aegyptios
1226 4052 1272 4102 de-

140 4124 246 4174 Veteris
267 4125 441 4174 Testamenti
463 4124 541 4175 libris
564 4125 680 4190 probato
731 4124 863 4185 scivisse;
884 4129 939 4172 tum
954 4123 1075 4187 proximo
1088 4122 1150 4187 [405
1164 4137 1187 4171 a.
1206 4121 1269 4170 Chr.

137 4193 260 4255 publicas
283 4195 394 4244 maximi
418 4195 546 4245 momenti
568 4210 610 4244 res
637 4210 681 4244 so·
731 4192 773 4258 n.]
799 4194 834 4243 ab
860 4208 952 4242 eorum
980 4191 1133 4241 defectione
1155 4192 1270 4241 Darium

138 4262 220 4312 maiis
239 4263 347 4315 decerni
367 4278 513 4329 eorumque
529 4265 682 4329 interpreti·
731 4264 802 4314 diem
823 4262 914 4313 obisse
927 4276 1080 4326 supremum
1095 4277 1157 4326 cap.
1170 4263 1201 4320 4,
1224 4262 1272 4326 qni

138 4331 201 4381 bna.
228 4333 307 4383 Conf.
327 4349 411 4398 supra
423 4335 452 4395 1,
473 4334 530 4384 107.
549 4332 606 4384 108.
622 4333 680 4384 110.
733 4335 844 4399 quintus
863 4334 958 4397 utique
972 4330 993 4381 'a
1012 4329 1115 4396 proelio
1133 4331 1273 4382 Maratho-

139 4401 202 4452 209.
223 4400 281 4466 111,
301 4403 343 4454 30.
364 4404 433 4465 Vll,
454 4403 609 4457 12.14.10.
645 4405 682 4452 Et
731 4407 788 4454 nio.
810 4404 966 4468 Sequuntur
976 4401 1048 4467 plani
1059 4405 1188 4466 quattuor
1198 4404 1273 4464 anni,

140 4472 202 4535 quia
216 4473 244 4520 in
257 4473 359 4524 talibus
374 4472 455 4540 plura
471 4474 593 4539 requirat
606 4475 683 4523 testi·
733 4475 844 4524 nXerxe
854 4474 883 4523 in
893 4472 1084 4537 comparandis
1095 4472 1129 4523 ad
1139 4471 1272 4522 Graecum

141 4543 254 4592 monia?
732 4544 832 4595 bellum
846 4544 927 4596 rebua
940 4543 1092 4608 absumpti:
1110 4535 1225 4610 πέμπτῳ
1241 4534 1273 4596 δέ

634 2651 686 2725 άμ-
735 2666 799 2726 post
810 2663 1014 2712 Marathoniam
1026 2676 1143 2725 pugnam
1159 2662 1276 2712 Xerxem
