3100 5175
444 403 813 466 TERPSIOHORE.
838 407 876 466 V.
897 417 1018 469 20—22.
1255 407 1296 469 37

76 592 83 606 '
154 573 243 645 οὕτω
261 580 518 666 καταλαμφθεὶς
539 578 688 668 ἐσιγήθη.
724 577 887 668 Ἕλληνας
910 581 946 649 δὲ
961 582 1045 651 εἶναι
1068 581 1206 663 τούτους
1219 580 1295 664 τούς
1303 595 1343 655 22

154 678 220 750 sind
234 686 435 768 Περδίκκεω
455 683 652 771 γεγονότας,
675 683 758 753 κατά
779 710 842 772 περ
864 681 958 754 αὐτοὶ
972 690 1123 773 λέγουσι,
1148 684 1247 767 αὐτός
1259 715 1295 757 τε

154 783 242 854 οὕτω
256 785 413 875 τυγχάνω
428 785 661 876 ἐπιστάμενος,
682 788 737 855 καὶ
758 785 799 876 δὴ
813 790 869 857 καί
884 793 921 858 ἐν
934 804 1018 858 τοῖσι
1032 787 1154 860 ὄπισθε
1169 791 1296 878 λόγοισι

152 887 322 977 ἀποδέξω,
338 887 383 968 ὥς
398 888 643 979 είσιἝλληνες·
666 889 749 979 πρὸς
763 890 800 961 δὲ
815 894 871 960 καὶ
884 898 920 961 ol
929 889 989 961 τὸν
1002 897 1040 962 έν
1051 890 1213 983 Ὀλυμπίῃ
1228 898 1295 963 διέ-

153 1020 274 1072 ποντες
302 991 418 1080 ἀγῶνα
443 990 610 1084 Ἑλλήνων
635 992 723 1064 οὕτω
756 1003 909 1085 ἔγνωσαν
936 996 1054 1086 εἶναι·
1078 993 1295 1087 Ἀλεξάνδρου

15 1119 16 1124 ’
104 1096 226 1185 λθὶγάρ
240 1094 420 1167 ἀεθλεύειν
441 1099 598 1186 ἑλομένου
612 1101 668 1168 καὶ
681 1097 886 1188 καταβάντος
901 1096 956 1169 ἐπ’
971 1096 1052 1168 αὐτὸ
1066 1105 1163 1169 τοῦτο
1183 1105 1218 1168 oi
1234 1098 1291 1170 oiv-
1324 1084 1328 1092 Ι

153 1198 390 1289 τιθευσόμενοι
414 1197 582 1288 Ἑλλήνων
608 1202 743 1292 ἔξεργόν
770 1232 844 1291 μιν,
876 1202 1018 1292 φάμενοι
1044 1199 1085 1272 οὐ
1111 1203 1294 1293 βαρβάρων

152 1302 368 1391 ἀγωνιστέων
383 1304 468 1374 εἶναι
483 1303 541 1374 τὸν
555 1303 686 1393 dyona,
708 1304 792 1376 ἀλλὰ
805 1302 980 1395 Ἑλλήνων.
1023 1304 1235 1395 Ἀλέξανδρος
1255 1309 1293 1376 δὲ

153 1407 269 1497 ἐπειδὴ
291 1405 448 1493 ἀπέδεξε,
472 1404 516 1489 ὡς
536 1420 587 1498 είη
604 1406 764 1499 Ἀργεῖος,
786 1412 905 1499 ἐκρίθη
926 1437 961 1479 τε
983 1406 1214 1500 εἷναιἝλλην,
1235 1413 1292 1480 καὶ

150 1611 188 1660 II.
204 1624 269 1674 pag.
289 1609 328 1660 16.
356 1610 401 1659 Its
416 1611 486 1659 enim
500 1610 622 1660 Iustinus
635 1611 699 1673 VII,

152 1680 181 1729 δε
201 1680 392 1744 „Megabarris
412 1694 472 1728 cum
485 1679 571 1744 legati
590 1695 643 1730 nou
656 1696 698 1730 re·

152 1749 255 1809 ditent,
274 1751 349 1799 mittit
372 1765 402 1798 eo
417 1764 469 1796 cam
483 1752 610 1800 exercitus
622 1758 698 1813 porte

151 1819 293 1882 Budarem,
305 1823 337 1868 ut
352 1819 380 1868 iu
393 1817 491 1868 bellum
506 1818 588 1869 facile
603 1827 630 1869 et
643 1835 698 1870 me-

151 1889 275 1939 diocre.“
303 1888 383 1950 Quod
396 1889 421 1939 si
433 1904 493 1938 cum
503 1888 640 1940 Larchero
654 1904 696 1940 re-

151 1958 238 2009 tinere
248 1957 319 2008 velis
334 1953 391 2006 τιιῖν
406 1955 583 2022 στρατηγῶν,
599 1974 695 2010 sensus

151 2029 216 2079 erit:
237 2030 302 2092 „uni
313 2044 350 2077 επ
365 2029 398 2076 iis
415 2028 534 2092 διιοίθιιε,
552 2032 595 2094 qui
609 2031 645 2079 nd
656 2031 694 2077 in-

150 2099 272 2160 terseetos
281 2098 441 2163 quaerendos
450 2105 523 2149 ινιυιί
530 2100 605 2151 missi.
622 2100 695 2148 Beue

150 2168 314 2219 vernaculus
335 2168 484 2232 interpres:
518 2170 597 2231 ‚,denr
615 2168 695 2217 Oder-

149 2247 203 2288 sten
221 2239 312 2296 deren,
339 2237 430 2287 melche
448 2238 490 2286 die
508 2238 696 2301 Erscllupenen

150 2305 328 2371 nuscaclten.“
343 2334 374 2342 -
394 2307 436 2356 De
449 2305 564 2372 Budare,
582 2309 628 2372 qni
638 2308 695 2357 Me-

149 2378 250 2442 gabysi
265 2380 326 2426 erat
338 2375 428 2440 filius,
444 2376 498 2425 vid.
513 2377 614 2427 Herod.
631 2376 696 2440 VII,

150 2450 178 2497 21
191 2464 198 2506 ς
209 2447 356 2513 chppoen
363 2445 510 2496 Alexandri
522 2461 614 2497 sorore
624 2447 696 2496 conf.

150 2518 228 2580 VIII,
246 2517 304 2570 1311.

336 2688 400 2739 Car.
419 2687 509 2740 XXII.

183 2787 233 2841 sul
248 2784 279 2841 έν
289 2792 363 2841 τοῖσι
378 2783 484 2841 ὄπισθε
496 2783 615 2853 λόγοισι]
640 2790 692 2839 Re-

148 2863 233 2927 spicit
248 2861 285 2911 ad
299 2878 346 2925 es,
369 2875 439 2924 quae
450 2860 532 2921 VIII,
550 2858 599 2910 137
617 2874 693 2908 enar-

148 2938 254 2981 rantur.
268 2932 370 2980 Eadem
380 2928 485 2979 citandi
494 2928 611 2978 formula
620 2928 693 2993 apud

148 3004 280 3052 Nostrum
293 3001 321 3059 1,
334 3002 377 3050 75.
393 2998 452 3051 106.
467 2998 509 3061 11,
522 2998 565 3050 38.
582 2997 640 3051 161.
658 3001 692 3060 V,

149 3070 191 3123 37.
206 3071 279 3133 VII,
292 3070 335 3121 93.
350 3070 411 3119 2113.
442 3066 519 3118 Alias
538 3067 692 3118 huiusmodi

149 3139 295 3200 formulas,
315 3139 414 3204 quibus
431 3138 550 3201 scriptor
563 3136 599 3186 sd
617 3142 693 3188 sute-

148 3210 278 3261 cedentia
295 3215 344 3258 aut
363 3209 398 3258 sd
417 3206 560 3271 sequentia
580 3222 630 3258 uos
652 3223 692 3258 ro-

148 3280 247 3342 mittit,
264 3277 377 3342 collegit
390 3278 496 3342 laeger.
507 3277 624 3346 Dissert.
638 3278 692 3326 He-

148 3351 224 3401 rodd.
245 3365 273 3414 p.
294 3348 334 3399 10.
354 3349 399 3410 11,
419 3350 618 3397 monstraturus
637 3347 693 3397 He·

147 3418 238 3470 rodoti
264 3419 358 3467 animo
386 3418 416 3466 in
444 3415 584 3466 condendo
610 3415 694 3466 hocce

149 3504 231 3555 opere
245 3494 349 3539 certem
364 3486 558 3551 definitumque
574 3500 633 3537 esse
647 3487 693 3536 ob·

147 3563 286 3610 versatam
298 3557 523 3623 descriptionem,
536 3560 639 3606 certum
650 3571 694 3605 or·

148 3630 240 3679 dinem
259 3642 405 3691 rerumque
424 3627 534 3686 seriem,
557 3641 619 3675 cnm
633 3625 693 3675 ubi-

148 3716 200 3764 quo
214 3698 398 3763 respiciuntur
416 3701 540 3747 caeterae
558 3695 692 3745 narratio-

148 3771 190 3819 nir
202 3775 311 3834 partes,
327 3771 371 3825 ut,
392 3767 439 3831 qui
454 3766 551 3831 cuique
563 3767 603 3815 rei
615 3764 692 3814 locus

149 3839 199 3900 sit,
219 3838 433 3903 diligentissime
449 3835 643 3900 dIstinguatur.
658 3861 693 3870 -

148 3908 233 3960 Paulo
243 3912 310 3958 onte
320 3905 498 3958 eFlorentino
507 3920 568 3955 curn
578 3909 691 3955 receutt.

149 3980 208 4032 edd.
225 3977 318 4043 recepi
339 3966 545 4032 εἶναιτούτους
563 3991 612 4040 pro
629 3964 693 4023 τοί-

148 4040 312 4107 successui.

181 4114 230 4167 aul
245 4111 277 4167 ολ
291 4108 344 4165 τὸν
355 4104 386 4164 έν
395 4103 534 4177 Ὀλυμπίη
547 4104 694 4169 διέποντες

148 4182 244 4252 ἅγοίνα
257 4178 416 4249 Ἑλλήνων]
437 4183 523 4233 Abest
542 4183 641 4233 voculs
664 4173 694 4230 έν

148 4275 164 4308 s
176 4262 308 4325 quattuor
322 4255 410 4306 libris.
430 4254 537 4305 'luetur
549 4251 697 4303 Wessslin-

147 4329 223 4393 gius,
251 4328 346 4378 citans
372 4325 417 4381 11,
445 4322 501 4372 160.
526 4323 607 4385 VIII,
635 4320 693 4373 134.

148 4400 225 4462 Quod
249 4412 319 4448 vero
336 4409 386 4460 pro
398 4385 543 4455 Ἑλλήνων
561 4393 590 4441 iu
610 4390 695 4456 pluri·

146 4469 195 4522 bus
208 4469 290 4521 libris
302 4465 424 4518 vetustis
437 4466 528 4514 exstat
534 4453 697 4525 Ἑλληνοδί·

750 1624 807 1672 και,
820 1610 847 1660 id
857 1625 872 1660 e
883 1610 986 1661 scholio
995 1609 1023 1658 in
1033 1613 1137 1659 textum
1150 1610 1292 1674 irrepsisse

749 1685 824 1730 recte
837 1678 1116 1743 monentWesseling.
1126 1678 1290 1730 etValclren.

748 1752 819 1801 Nam
837 1750 884 1813 qui
898 1747 1068 1814 Olympicum
1090 1754 1228 1799 certamen
1245 1765 1290 1799 cu·

748 1823 813 1868 rant
827 1819 934 1878 Graeci,
949 1819 968 1867 ii
983 1833 1050 1868 saue
1062 1823 1127 1869 suut
1142 1819 1290 1869 Helicnodi-

746 1904 807 1948 one,
834 1889 973 1954 praesides
992 1887 1116 1937 ludorum
1136 1887 1290 1951 Olympico·

747 1974 805 2012 rum
816 1956 1167 2022 certaminumqneiudices.
1181 1957 1223 2005 De
1232 1956 1290 2020 qui·

746 2029 797 2078 bus
812 2029 868 2078 vid.
879 2029 999 2077 Pausau.
1014 2027 1052 2089 V,
1072 2025 1098 2074 9.
1117 2029 1141 2088 ξ.
1156 2026 1221 2078 15.
1239 2026 1289 2087 VI,

746 2098 772 2149 3.
790 2100 840 2158 24,
865 2096 957 2159 ibique
979 2098 1132 2159 interpreti.
1152 2093 1214 2145 coll.
1234 2110 1288 2145 van

746 2166 830 2216 Dale:
845 2168 961 2216 Dissert.
973 2165 1035 2226 VII,
1051 2164 1074 2214 1.
1091 2180 1152 2229 pag.
1165 2164 1216 2215 509
1229 2180 1287 2229 seq.

746 2236 799 2288 olli
818 2252 875 2300 seq.
894 2250 927 2284 ac
943 2236 1091 2299 praecipue
1113 2235 1141 2282 C.
1158 2235 1203 2282 Fr.
1218 2235 1288 2284 Her-

747 2321 842 2355 mann:
870 2302 1077 2354 Gottesdieustl.
1099 2301 1214 2353 Alterth.
1240 2303 1288 2353 der

747 2373 855 2427 Griech.
870 2377 894 2436 ξ.
908 2374 951 2422 50.
972 2377 1030 2423 not.
1046 2373 1077 2424 18
1096 2373 1139 2422 ed.
1153 2387 1225 2436 sec,
1240 2373 1288 2437 qui

747 2449 774 2493 et
788 2448 910 2494 veterum
925 2446 953 2491 et
967 2442 1148 2492 recentiorum
1163 2442 1239 2492 locos
1253 2441 1287 2492 de

745 2512 933 2562 Hellanodicis
945 2511 1047 2562 attulit.
1071 2512 1104 2561 Iu
1114 2511 1233 2561 Palatini
1243 2526 1287 2560 co·

744 2582 814 2632 dicis
827 2582 971 2647 Excerptis
982 2585 1085 2633 exstat:
1111 2575 1141 2629 οἱ
1152 2572 1203 2630 τὸν
1214 2570 1286 2643 ἀγαῖ-
1312 2636 1314 2638 ,

745 2666 782 2700 να
799 2651 856 2700 τῶν
871 2642 1033 2713 Ὀλυμπίων
1049 2645 1197 2706 διέποντες
1209 2639 1287 2713 ἔλλη-

744 2718 867 2769 νοδίιιαι.
882 2750 917 2760 -
936 2722 978 2770 De
993 2720 1075 2771 verbo
1088 2714 1198 2769 διέπειν
1211 2720 1284 2770 conf.

745 2790 853 2851 111,53.
868 2791 915 2848 VI,
933 2790 989 2841 1117.
1010 2790 1059 2853 lx,
1075 2790 1116 2840 76.
1145 2788 1286 2841 Adverba

744 2849 1288 2992 nm‘triennarum

742 2990 796 3063 γόν
813 3013 862 3061 μιν
880 2999 1033 3062 pertinent,
1058 3010 1128 3060 quae
1148 2995 1181 3044 de
1203 2993 1288 3044 simili

743 3067 886 3133 participii
901 3070 1040 3117 structura
1051 3064 1087 3114 sd
1100 3064 1195 3124 111‚65
1209 3068 1288 3113 uota-

744 3138 848 3196 vimus3
876 3137 988 3186 verbum
1013 3131 1196 3201 καταβαίνειν
1221 3133 1287 3182 mihi

744 3211 787 3260 est
799 3207 952 3256 descendere
961 3207 986 3254 in
996 3221 1106 3255 arenam.
1123 3204 1185 3252 Vid.
1197 3203 1287 3256 Brom-

743 3276 806 3327 field
822 3276 857 3325 sd
872 3275 1024 3339 Thucydid.
1040 3274 1094 3336 VI,
1115 3272 1147 3323 lu
1165 3278 1192 3323 et
1211 3272 1284 3323 coni.

743 3345 875 3397 Herodot.
884 3345 951 3406 VII,
961 3345 986 3396 9.
999 3344 1022 3406 ἐ.
1034 3346 1050 3394 2
1063 3334 1200 3393 κατιέναι.
1225 3343 1286 3392 Nisi

746 3417 806 3481 quis
819 3413 914 3464 latiori
927 3413 1083 3480 significatu
1100 3413 1133 3463 de
1147 3428 1178 3463 eo
1195 3412 1285 3476 accipi

744 3485 826 3547 velit,
851 3484 948 3549 quide
966 3485 1102 3549 superiori
1118 3484 1230 3545 regione
1249 3480 1285 3531 cd

744 3554 842 3620 plagas
861 3553 1018 3615 inferiores,
1039 3554 1107 3602 mari
1125 3553 1231 3602 adsitas
1251 3566 1284 3601 sc

745 3624 843 3691 planas
854 3624 957 3687 tendit,
976 3628 1006 3672 ut
1018 3623 1079 3683 Vll,
1096 3622 1139 3686 20,
1153 3620 1197 3671 28.
1211 3614 1286 3682 feso-

742 3709 796 3758 γον
818 3695 995 3758 interpretor:
1023 3707 1114 3742 arcere
1133 3690 1286 3740 nitebantur.

742 3767 813 3816 Nam
829 3764 932 3813 frustra
948 3761 1011 3813 illos
1028 3763 1116 3826 egisse
1132 3763 1288 3809 monstrant

743 3819 1286 3964 ινοιίιίέίίιοδοίιίῖι

743 3965 818 4023 εἶναι
834 3966 936 4035 Ἕλλην
953 3986 978 4020 κ.
1002 3986 1026 4021 τ.
1044 3971 1067 4022 λ.
1104 3970 1146 4019 De
1166 3982 1220 4033 quo
1238 3969 1288 4017 im-

743 4042 860 4108 perfecti
876 4057 928 4091 usu
948 4041 1079 4091 monitum
1096 4038 1184 4088 estad
1197 4038 1226 4095 I,
1241 4036 1285 4085 68.

743 4115 798 4163 Pro
823 4109 896 4174 vulg.
926 4099 1053 4171 ἐξεῖργον
1080 4121 1141 4157 curn
1169 4109 1283 4156 recenti.

744 4180 805 4233 edd.
824 4179 933 4230 exhibui
955 4171 1069 4242 ἔξεργον
1091 4175 1202 4227 iubente
1221 4176 1285 4225 Bre-

744 4251 808 4302 dov.
826 4265 851 4314 p.
870 4247 929 4298 301.

779 4309 878 4382 ἐπειδη
890 4306 1022 4377 ἀπέδεξε,
1041 4304 1079 4372 cde
1094 4311 1139 4379 εἴη
1154 4304 1284 4379 Ἀργεῖος]

745 4388 911 4440 Ostenderat
928 4386 1055 4438 nimirum
1069 4384 1245 4444 Perdiccam,
1267 4399 1285 4433 s

745 4474 798 4525 quo
816 4473 902 4527 genus
924 4473 1003 4508 suum
1027 4456 1160 4519 ducebat,
1182 4454 1286 4520 Argiva
