3100 5175
436 393 440 401 ’
506 402 573 463 ΑΙ)
595 399 850 463 HERODOT.
876 402 916 473 V,
939 412 982 465 66.
1073 490 1077 498 .
1246 402 1307 462 805

165 580 278 626 stantes
291 575 458 643 (τελοῦντες)
470 577 505 629 iis
523 576 661 629 nobilibus
677 576 737 628 sive
754 576 929 646 optimatibus
948 577 1011 647 (qui
1036 582 1092 629 tum
1108 582 1191 629 erunt
1203 567 1305 645 Ὅπλη-

161 662 235 726 τες),
253 676 368 730 quorum
384 662 411 713 in
434 662 509 730 agris
527 679 597 731 opus
614 662 727 714 iaciunt.

253 746 398 813 Equidem,
414 748 455 800 uti
468 764 552 817 supra
565 747 631 815 dixi,
647 741 713 808 sotis
730 744 886 815 Γελέοντας,
900 747 947 816 qui
962 746 1073 815 primam
1088 747 1115 799 in
1129 746 1240 799 civitate
1256 748 1303 800 At-

160 829 220 881 tica
237 830 337 883 tribum
352 832 577 902 coristitnerunt,
588 832 678 884 nullos
696 831 764 885 alios
781 833 976 902 haberiposse
991 833 1116 884 existimo
1133 831 1185 883 nisi
1207 834 1305 885 nobiles

160 922 250 987 atque
266 918 413 986 optimates,
433 919 481 989 qui
496 918 570 987 quod
589 918 704 987 primum
717 918 745 970 in
762 918 874 970 civitate
891 916 977 969 locum
996 916 1130 985 obtinent,
1145 918 1303 987 praecipuis

159 1018 277 1071 quoque
294 1002 443 1076 bonoribus
459 1012 543 1072 atque
558 1003 666 1055 iuribus
688 1004 821 1056 fruuntur
835 1002 971 1072 iidemque
993 1009 1060 1054 sunt
1081 1002 1231 1071 locupletes
1248 1021 1301 1055 am-

158 1084 282 1155 plasque
306 1087 410 1141 fundos
435 1087 595 1157 possident,
621 1089 671 1158 qui
692 1070 899 1157 magistratibus
919 1104 985 1157 prae
1006 1088 1124 1140 caeteris
1146 1088 1303 1155 funguntur

158 1169 360 1242 plurimamque
389 1173 429 1225 rei
456 1172 580 1241 publicae
603 1173 835 1226 administrandae
858 1180 961 1242 partem
984 1173 1094 1225 habent.
1139 1173 1199 1224 Nec
1220 1173 1298 1241 quid-

159 1272 245 1326 quam
257 1274 324 1309 aane
342 1257 461 1326 impedit,
478 1259 624 1328 quominus
635 1259 664 1325 ii,
680 1258 728 1329 qui
744 1258 804 1310 olim
829 1268 881 1310 tam
896 1257 1033 1325 insignem
1048 1258 1075 1310 in
1088 1258 1199 1310 civitate
1213 1257 1298 1310 locum

159 1340 345 1394 obtinuerunt
371 1342 423 1395 viri
438 1343 626 1410 illustrissimi,
642 1344 724 1396 iidem
742 1361 852 1415 qnoque
868 1344 1041 1412 praecipuam
1055 1344 1190 1412 quandam
1205 1360 1298 1394 sacro-

158 1443 223 1477 rum
240 1443 331 1480 curam
344 1428 505 1495 habuerint,
530 1429 656 1498 ipsisque
672 1429 835 1481 sacerdotiis
851 1428 986 1497 primariis
1006 1428 1095 1480 suncti
1117 1428 1188 1480 sint:
1210 1444 1298 1497 eoque

157 1512 263 1578 refero,
280 1512 352 1581 quod
369 1529 385 1564 a
402 1512 542 1566 nonnullis
557 1531 608 1582 pro
623 1521 706 1581 gente
722 1513 927 1579 sacerdotali*)
944 1513 1026 1565 habiti
1042 1519 1117 1579 sunt,
1135 1529 1206 1583 quse
1219 1529 1298 1564 sacra

158 1595 225 1648 olim
239 1597 439 1650 administrarit
453 1599 623 1669 primumque
639 1599 702 1652 inde
718 1599 804 1651 locum
822 1599 848 1650 in
866 1599 977 1651 civitate
994 1598 1124 1650 tenuerit.

232 1794 258 1861 *)
274 1796 314 1847 Cf.
329 1797 521 1848 Wachsmnth:
541 1797 647 1850 Hellen.
664 1796 860 1849 Altertbumsk.
878 1799 899 1847 l.
914 1813 939 1862 p.
953 1798 1012 1849 354.
1025 1798 1084 1849 356.
1105 1796 1171 1847 lade
1183 1799 1296 1848 Kortiim

155 1865 187 1915 1.Δ
202 1865 220 1919 l.
244 1860 398 1923 Γελέοντας
415 1868 520 1918 reddit:
543 1856 903 1932 P1·iesteradel,''0mlqaot3:
930 1869 1107 1933 Woffeaodels
1126 1869 1220 1917 Haase
1239 1867 1257 1920 l.
1279 1867 1296 1916 l.

156 1953 187 2001 p.
203 1937 243 1988 79.
263 1938 394 1987 substitui
406 1938 478 1988 vult:
493 1939 545 1987 den
556 1938 710 2003 kdtsiylicllen
725 1938 780 1988 und
792 1939 844 1988 den
858 1940 1014 1990 sitterlt'cltsa
1030 1939 1106 1991 Adel.
