3100 5175
502 442 679 502 ERATO.
702 444 757 503 vl.
778 454 821 505 86.
842 459 860 498 ι.
884 449 928 505 87.
1217 442 1279 503 349

146 622 226 708 νίῳ,
254 615 454 703 λοχήσαντες
481 607 530 686 ὦν
548 614 610 705 τήν
628 622 781 705 θεωρίδα
805 619 864 684 νέα
884 609 976 684 εἷλον
996 613 1124 702 πλήρεα
1144 611 1280 704 ἀνδρῶν

145 725 214 788 τῶν
233 719 378 805 πρώτων
401 717 610 808 Ἀθηναίων,
637 720 797 808 λαβόντες
826 719 863 787 δὲ
893 716 971 799 τοὺς
990 716 1116 807 ἄνδρας
1143 724 1278 806 ἔδησαν.

146 888 265 935 ctantia:
287 886 329 945 „A
343 889 464 950 tempore
471 884 581 948 Thesei,
591 887 635 936 cui
645 886 690 935 de·
740 891 769 933 et
781 884 1013 935 Lacedaemonios
1027 900 1080 934 non
1097 885 1152 934 nisi
1164 885 1280 933 triremi·

146 956 224 1005 betur
244 956 413 1014 institutum,
431 958 577 1020 quotannis
595 958 622 1006 in
636 956 691 1005 De·
740 956 789 1004 bus
807 969 898 1003 secum
919 970 1055 1019 pugnasse
1074 954 1166 1004 tradit.
1202 957 1279 1015 Quae

146 1024 200 1074 inm
211 1025 325 1073 missam
335 1040 447 1086 narem,
464 1041 544 1091 quam
560 1023 689 1086 θεωρίδα
739 1039 800 1072 enm
813 1025 853 1072 ita
866 1024 930 1087 sint
943 1025 1120 1074 schocmann.
1130 1023 1279 1087 ,quihnnc

146 1094 298 1155 vocabant,
317 1093 471 1144 luculentus
492 1096 571 1143 testis
594 1101 638 1143 est
661 1096 689 1144 in
739 1094 874 1142 Herodoti
891 1093 980 1142 locum
998 1095 1131 1143 tractavit
1152 1098 1180 1141 in
1201 1095 1279 1141 (mm-

146 1163 292 1213 Pbaedone
306 1164 386 1212 Plato
401 1180 428 1227 p.
440 1165 516 1222 5813,
537 1165 614 1214 cuius
628 1179 688 1214 eam

146 1235 175 1283 in
186 1247 243 1282 rem
256 1233 340 1282 verba
351 1234 487 1283 Meursius
500 1236 554 1283 iam
570 1235 667 1284 dedit
661 1249 688 1281 rn

147 1303 253 1351 Theseo
266 1317 327 1366 cap.
343 1302 389 1362 16,
401 1301 479 1366 plura
495 1303 640 1367 Spanhem.
661 1304 689 1351 in

147 1370 307 1421 callimach.
323 1373 351 1420 in
363 1372 423 1421 Del.
440 1371 499 1421 313.
516 1373 596 1436 [Add.
611 1373 689 1437 Wyt-

147 1440 274 1491 tenbach.
292 1446 320 1490 et
334 1440 475 1490 Heindorf.
486 1443 522 1490 ad
532 1442 656 1492 Platonis
669 1441 688 1494 1.

147 1510 162 1559 1,
178 1512 208 1560 0.
223 1512 253 1559 F.
266 1511 416 1558 Hermann.
431 1510 570 1574 Disputat.
582 1511 616 1562 de
630 1511 689 1560 the·

147 1580 206 1628 oria
223 1579 349 1630 Deliaca.
370 1579 508 1644 Goetting.
535 1578 624 1644 18411]
657 1582 689 1630 ln

147 1650 216 1699 Delo
232 1664 312 1697 sacra
332 1650 454 1698 curaturi
470 1658 497 1698 ot
516 1652 563 1713 qui
577 1650 690 1715 publici-

147 1726 192 1768 tus
203 1718 317 1767 Athenis
327 1717 363 1767 ad
372 1716 451 1768 ludos
459 1720 638 1769 mittebantur
648 1736 690 1769 so-

147 1789 259 1848 lemnes,
274 1788 349 1838 circs
363 1803 468 1852 semper
481 1797 561 1838 erant
575 1789 690 1838 honora·

147 1858 263 1912 tissimi:
281 1855 378 1921 quales
394 1872 426 1906 ex
438 1873 490 1907 sna
502 1873 610 1937 quoqne
622 1857 688 1907 civi-

147 1934 206 1976 tate
222 1928 295 1975 mitti
308 1926 394 1975 voluit
408 1926 488 1976 Plato
505 1921 572 1984 τοὺς
586 1919 687 1990 ἄρχον-

146 2012 198 2053 τας
210 1995 260 2058 της
274 1986 430 2054 θεωρίας
415 1988 549 2058 εναστης,
563 1997 605 2046 De
617 1997 661 2045 lesr
644 2012 687 2060 gg.

146 2067 213 2116 xrl.
223 2082 259 2145 p.
273 2065 364 2114 eatan.
397 2066 475 2114 Unua
494 2074 555 2115 erat
574 2067 689 2144 pierum-

146 2152 199 2200 que
214 2127 409 2215 ἀρχιθὲωροςι
429 2133 486 2183 τῶν
502 2126 689 2199 ἀρχιθεώρων

147 2214 240 2255 tamen
254 2203 376 2255 meminit
394 2209 422 2252 et
431 2204 586 2255 Andocides
605 2220 631 2267 p
644 2203 687 2266 32,

146 2274 230 2350 iflp
234 2275 305 2335 .,65
320 2273 371 2323 126
386 2271 503 2338 Rersk]
533 2275 689 2324 Herodotus

146 2337 199 2409 τήν
209 2292 341 2404 θεωρίδα
352 2339 407 2418 νήα
418 2343 503 2392 inisse
514 2345 610 2393 scribit
621 2337 690 2406 πλή-

147 2427 198 2476 ρεα
216 2405 333 2474 ἀνδρῶν
349 2409 406 2458 τών
422 2405 542 2473 πρώτων
561 2403 691 2476 Ἀθηναί-

148 2499 199 2535 ων.
219 2483 322 2533 Stabat
335 2480 429 2530 Attica
441 2482 561 2532 theoria
555 2499 582 2531 ru
592 2482 690 2532 Delum

148 2553 300 2605 traiectura
311 2542 358 2600 ἐπὶ
369 2548 493 2616 Σουνίῳ.
516 2552 606 2603 Hinc'
599 2568 626 2600 m
636 2552 691 2601 De·

147 2624 202 2674 lum
216 2623 282 2673 olim
297 2620 407 2671 traiecit
417 2622 555 2671 Ιτιιῑοτωιέι
585 2622 690 2683 Quibus

148 2709 202 2759 quo
218 2696 308 2742 minus
331 2706 440 2755 prorsus
458 2691 602 2749 accedam,
617 2690 691 2740 hand

148 2777 240 2844 pauca
260 2763 380 2811 obstant.
409 2762 533 2824 Namque
551 2753 690 2841 πεντήρης

148 2850 172 2882 ει
165 2832 348 2912 retineatur,
365 2846 417 2894 qua
432 2846 499 2879 voce
517 2832 596 2881 navis
610 2831 693 2893 signi-

150 2902 249 2952 ficatur
265 2902 349 2965 quina
360 2915 492 2949 remorum
509 2901 580 2950 serie
592 2901 692 2950 instru-

149 2978 205 3032 cta,
217 2970 318 3020 haecce
331 2964 471 3052 πεντήρης
482 2968 558 3019 nulla
568 2969 691 3033 proiecto

150 3041 207 3091 alia
221 3056 283 3090 esse
299 3039 401 3103 poterit
415 3039 523 3101 uicies,
537 3054 617 3120 qnam
631 3054 691 3087 mox

150 3103 202 3175 τήν
214 3105 345 3171 θεωρίδα
367 3104 417 3155 νέα
432 3106 490 3172 (its
508 3110 580 3158 enim
595 3124 610 3157 e
625 3108 692 3158 San-

150 3179 232 3230 eroiti
252 3177 323 3227 libro
344 3178 441 3241 scripsi
465 3193 514 3241 pro
537 3174 606 3258 νήα;
635 3176 690 3227 vid.

151 3250 269 3300 Bredor.
287 3262 313 3311 p
324 3246 387 3311 201)
401 3246 580 3311 appellavit,
572 3263 592 3295 1.
604 3264 628 3297 e
644 3264 692 3296 na-

152 3335 211 3369 rem
227 3316 410 3381 adlegatos
402 3332 430 3364 m
448 3318 536 3366 sacris
548 3317 630 3366 rebus
646 3317 693 3365 ob-

152 3389 249 3439 eundis
261 3387 360 3435 missos
371 3384 476 3435 aliosve
490 3386 596 3450 legatos
606 3385 693 3449 publi·

152 3454 691 3519 cemissostransportandosadhibitam:

740 1165 908 1212 mentatione
922 1165 1073 1226 praemissa
1084 1162 1287 1234 IndiciSehoii3

740 1235 768 1281 in
783 1233 806 1281 1
809 1233 931 1282 niversit
944 1232 1136 1297 Gryphisrald.
1150 1248 1193 1284 an.
1213 1213 1287 1281 1838

741 1300 808 1366 (vid
827 1317 933 1366 quoque
950 1302 1067 1378 Opnscc.
1083 1302 1185 1351 Acadd.
1206 1303 1227 1353 Ι,
1250 1317 1277 1364 p

739 1370 788 1421 311
800 1386 867 1435 seqq
881 1371 890 1434 )
904 1387 951 1435 pro
962 1367 1102 1435 πεντήρης
1116 1387 1208 1435 reponi
1203 1372 1280 1419 vuit

740 1445 913 1503 πεντετηρὶς,
927 1456 1012 1506 eoque
1026 1442 1123 1501 refert,
1136 1441 1208 1505 qnod
1225 1442 1278 1488 duo

738 1510 817 1560 codd.
831 1510 949 1559 afferunt
964 1508 1105 1572 πεντηρ1ς,
1124 1509 1202 1573 quale
1216 1510 1279 1557 viti-

738 1595 783 1629 um
797 1579 959 1628 observatur
970 1594 1076 1643 quoque
1095 1580 1129 1626 lv
1142 1616 1149 1638 ,
1161 1580 1211 1640 91,
1231 1579 1278 1627 nbi

739 1648 821 1697 iidem
842 1649 896 1697 dno
918 1649 995 1697 codd.
1010 1663 1058 1712 pro
1079 1648 1280 1710 πεντετηρίδος

738 1717 868 1768 exhibent
887 1715 1065 1780 αεντηρίδος.
1092 1717 1279 1766 Schoemunno

738 1789 844 1837 assensi
863 1795 928 1836 sunt
942 1787 1061 1837 Boeckh.
1077 1787 1210 1850 (Urknnd.
1233 1787 1277 1835 iib.

739 1858 765 1905 d.
779 1856 903 1906 Attische
919 1857 1061 1907 Seewesen
1080 1873 1107 1921 p.
1119 1857 1179 1914 ῖίδ,
1195 1859 1279 1904 Grote

739 1925 864 1988 (History
886 1925 916 1974 oi
930 1927 1031 1976 Greeee
1044 1927 1076 1974 V.
1094 1942 1119 1990 p.
1136 1926 1279 1989 tis),1)in·

739 1995 809 2044 dori.
824 1994 917 2058 (Thes.
931 1995 1174 2059 Ling.Graec.V1.
1190 2012 1217 2060 p.
1228 1997 1279 2044 742

739 2065 782 2114 ed.
798 2065 915 2124 Paris.);
934 2080 985 2114 nec
996 2066 1054 2129 ipsc
1068 2066 1191 2114 dubitavi
1208 2064 1279 2113 hanc

739 2134 955 2183 emendationem
966 2137 1094 2198 recipcre,
1104 2149 1184 2198 quam
1192 2149 1225 2183 ex
1235 2136 1278 2194 iis,

739 2218 809 2268 quae
828 2218 914 2267 nuper
934 2206 1048 2267 protulit
1067 2206 1101 2253 H.
1122 2205 1231 2268 Sauppe
1251 2205 1279 2252 in

739 2274 921 2323 Commentat.
942 2273 975 2322 de
995 2275 1173 2338 inscriptione
1192 2275 1280 2322 Pana·

739 2341 868 2392 thenaica
889 2343 1029 2407 rchtting.
1051 2343 1125 2392 1858.
1147 2358 1207 2406 pag.
1227 2344 1278 2405 11),

739 2412 847 2475 egregie
857 2411 1012 2461 confirmari
1021 2412 1086 2464 vidi.
1098 2413 1199 2461 Attulit
1209 2413 1279 2463 enim

738 2485 783 2531 vir
792 2481 888 2530 doetus
898 2482 999 2544 Lysiae
1010 2481 1107 2542 locum,
1118 2497 1150 2531 ex
1161 2498 1213 2545 quo
1224 2497 1279 2530 cer-

740 2555 832 2601 temen
845 2552 943 2602 navale
955 2551 991 2601 ed
1001 2552 1113 2601 Sunium
1125 2557 1281 2634 promonto-

740 2622 807 2670 rium
820 2622 929 2671 institui
941 2621 1049 2671 solitum
1060 2624 1205 2677 cernitur,
1199 2637 1225 2670 rn
1234 2624 1280 2670 Or

741 2690 815 2740 xxl.
830 2695 854 2768 5.
865 2692 894 2739 5:
915 2688 1050 2752 νενίκηκα
1063 2686 1095 2738 δέ
1106 2686 1212 2753 τριήρει
1222 2705 1281 2763 μεν

740 2750 932 2821 ἁμιλλώμενος
952 2749 1010 2807 int
1034 2758 1186 2825 Σουνίῳ,
1210 2776 1280 2808 ανα-

741 2822 833 2883 iniere
857 2826 1060 2877 πεντεκαίδεκα
1081 2844 1167 2889 μνας,
1190 2831 1280 2880 navis·

741 2913 794 2962 que
805 2913 885 2947 sacra
899 2898 945 2947 illa
958 2914 1013 2947 non
1027 2898 1139 2948 dubium
1159 2914 1218 2948 esse
1235 2899 1281 2947 ad-

742 2967 812 3016 didit
825 2969 892 3031 quin
905 2981 936 3016 ea
949 2968 1000 3027 sit,
1012 2984 1080 3032 quae
1094 2969 1122 3016 in
1132 2968 1219 3016 titulis
1233 2983 1282 3016 nn·

741 3036 850 3086 salibus
863 3036 995 3086 lioeckhii
1007 3040 1034 3093 2,
1048 3036 1082 3086 30
1091 3052 1282 3086 commemora·

741 3113 787 3155 tur
803 3101 930 3161 Σουνιὰς
950 3100 1036 3169 καινή
1052 3100 1282 3169 α’νεττιιιλήρωτος

744 3176 792 3239 (ci.
807 3190 834 3239 p.
848 3174 903 3237 91).
940 3176 1038 3241 Itaque
1052 3174 1215 3239 πεντετηρ1ς
1228 3177 1281 3225 He-

742 3245 831 3295 rodoti
841 3245 940 3295 festum
951 3250 1002 3299 eat.
1013 3246 1108 3310 quinto
1118 3261 1225 3311 quoque
1236 3260 1283 3294 en·

743 3331 778 3364 no
796 3314 831 3364 ad
845 3315 958 3364 Sunium
979 3317 1007 3363 in
1022 3317 1141 3379 Neptuni
1154 3317 1282 3366 honorem

742 3385 907 3434 celebratum
921 3390 949 3434 et
967 3385 1073 3449 quidem
1088 3386 1283 3435 certaminibus

743 3453 905 3515 navalibus,
921 3458 1013 3520 qualia
1027 3457 1136 3505 omnino
1149 3456 1222 3520 apud
1235 3457 1283 3505 At·

153 3543 232 3592 qnam
245 3541 326 3575 unam
343 3525 478 3588 quandam
492 3530 576 3589 atque
589 3530 693 3574 certam
742 3526 812 3573 ticos
840 3524 914 3573 hand
940 3525 1053 3574 insolita
1081 3526 1181 3588 inisse,
1211 3526 1283 3576 idern

152 3597 304 3647 illanetate
317 3594 528 3646 Atheniensibus
547 3594 630 3644 inisse
650 3593 693 3644 vel
743 3593 854 3658 Sauppe
874 3594 892 3645 1,
910 3592 929 3646 1.
950 3595 1063 3645 monuit.
1093 3596 1183 3646 Huius
1201 3596 1283 3659 igitur

152 3665 285 3717 articulus
297 3660 351 3727 τήν
363 3664 473 3714 additus
489 3665 558 3715 satis
574 3663 694 3713 ostendit
743 3664 809 3714 festi
823 3664 1053 3727 opportunitatem
1070 3666 1221 3730 Aeginetae
1237 3667 1284 3716 ob-

154 3736 201 3799 (ci.
215 3737 318 3785 Meiere
336 3734 379 3783 De
398 3733 519 3784 theoriis
538 3732 603 3783 Hal.
616 3733 692 3785 1857.
743 3747 869 3784 servasse
889 3733 1029 3796 videntur,
1048 3740 1078 3784 ut
1091 3735 1198 3786 insidiis
1214 3742 1284 3785 stru·

153 3804 271 3871 p..xu)
295 3803 558 3853 Hancveronavem
571 3805 694 3852 triremem
743 3804 797 3854 etis
809 3803 1156 3868 improvisosAtbenrenses
1168 3820 1284 3870 occupa

154 3877 245 3952 potius
264 3874 351 3923 fnisse
372 3862 503 3923 credibile
526 3878 581 3934 est,
605 3889 693 3937 neque
744 3878 805 3924 rent
816 3888 964 3937 navemque
977 3881 1105 3938 caperent
1116 3890 1238 3937 sacram
1255 3878 1284 3924 in

153 3937 298 4008 πεντήρη,
318 3943 342 3993 ai
359 3940 468 4006 quidem
488 3957 521 3992 ea
540 3946 644 4005 aetate,
661 3942 694 3991 de
744 3958 799 4008 qua
818 3945 926 3991 inerant
943 3943 997 3991 viri
1014 3944 1150 4006 principes
1171 3945 1285 3993 Atheni·

154 4014 244 4081 qneh.
257 4015 276 4064 1
289 4011 695 4090 agitur‚'1.eOlympLXX11‚
745 4026 824 4062 enses
843 4017 974 4074 tunquam
992 4010 1076 4074 legati
1096 4009 1227 4077 (θεωροὶ)
1248 4012 1284 4062 od

154 4087 169 4134 2
184 4100 206 4135 s.
220 4082 271 4134 491
283 4087 348 4133 ante
358 4081 420 4136 Chr
435 4097 460 4130 n.
464 4075 636 4145 ,πεντήρεις
648 4096 696 4129 na·
744 4095 823 4131 sacra
835 4079 914 4129 lmine
925 4079 989 4129 festi
1003 4079 1167 4130 celebranda
1178 4081 1285 4146 publice

153 4171 201 4205 ves
224 4152 370 4203 nondnm'
363 4167 391 4200 sn
409 4166 460 4201 usn
481 4152 607 4214 fuerunt,
626 4165 695 4216 quae
745 4151 831 4203 missi
845 4148 931 4198 -Ad
945 4149 1057 4199 verbum
1068 4145 1238 4213 λοχήσαντες
1249 4152 1284 4202 cf

154 4223 235 4289 longe
252 4223 360 4273 demum
381 4223 527 4285 postea,i.
544 4236 567 4274 e.
585 4221 693 4284 Olymp
745 4220 792 4277 VI,
809 4222 830 4269 l
831 4219 963 4283 Bibrqne
977 4224 1048 4270 nott

154 4293 241 4350 1101,
256 4293 313 4341 2⁸
326 4290 418 4345 398ιι
434 4290 497 4340 Chr
510 4307 536 4340 n.
556 4289 696 4341 aedificari
780 4284 926 4353 ἔδησαν]
917 4305 936 4336 ι
951 4305 974 4338 e
991 4290 1159 4341 ιἰιαιιιςιιίαε.
1175 4292 1287 4341 eustodi-

154 4368 268 4428 coeptae
286 4358 697 4425 sunt,ut1ntelhgrtureDio-
746 4376 786 4409 um
804 4362 969 4409 coniecerunt.
1007 4361 1077 4409 Nam
1098 4359 1209 4410 verbnm
1234 4361 1287 4412 hoc

154 4432 220 4483 doro
234 4432 290 4484 Sic,
308 4430 435 4492 xlv‚41
457 4434 484 4479 et
498 4429 592 4492 Polyb.
611 4428 695 4491 Lea,
746 4429 872 4493 frequens
898 4428 1003 4489 iniis,
1032 4429 1125 4494 quiin
1149 4446 1286 4483 carcerem

154 4505 201 4570 qui
213 4504 337 4554 Graecos
353 4505 382 4550 et
394 4500 503 4567 Persas,
518 4499 697 4550 Athenienses
746 4500 928 4550 coniiciuntur
942 4500 1151 4552 custodiendive
1166 4518 1287 4568 compre·
