<?xml version="1.0" encoding="UTF-8"?>
<!DOCTYPE html PUBLIC "-//W3C//DTD XHTML 1.0 Transitional//EN"
    "http://www.w3.org/TR/xhtml1/DTD/xhtml1-transitional.dtd">
<html xmlns="http://www.w3.org/1999/xhtml" xml:lang="en" lang="en">
 <head>
  <title>
</title>
<meta http-equiv="Content-Type" content="text/html;charset=utf-8" />
  <meta name='ocr-system' content='tesseract 3.04.00' />
  <meta name='ocr-capabilities' content='ocr_page ocr_carea ocr_par ocr_line ocrx_word'/>
</head>
<body>
  <div class='ocr_page' id='page_1' title='image "./herodotihalicar01unkngoog/herodotihalicar01unkngoog_0826.png"; bbox 0 0 3100 5175; ppageno 0'>
   <div class='ocr_carea' id='block_1_1' title="bbox 194 382 1304 475">
    <p class='ocr_par' dir='ltr' id='par_1_1' title="bbox 194 382 1304 475">
     <span class='ocr_line' id='line_1_1' title="bbox 194 382 1304 475; baseline 0.009 -24"><span class='ocrx_word' id='word_1_1' title='bbox 194 452 202 467; x_wconf 72' lang='grc'><em>,</em></span> <span class='ocrx_word' id='word_1_2' title='bbox 299 390 360 452; x_wconf 80' lang='lat' dir='ltr'>aio</span> <span class='ocrx_word' id='word_1_3' title='bbox 437 388 704 454; x_wconf 69' lang='lat' dir='ltr'>excussos</span> <span class='ocrx_word' id='word_1_4' title='bbox 728 390 774 451; x_wconf 89' lang='lat' dir='ltr'>1v</span> <span class='ocrx_word' id='word_1_5' title='bbox 812 382 1304 475; x_wconf 55' lang='lat' dir='ltr'>nonantiscurte.</span> 
     </span>
    </p>
   </div>
   <div class='ocr_carea' id='block_1_2' title="bbox 294 565 1431 3114">
    <p class='ocr_par' dir='ltr' id='par_1_2' title="bbox 294 565 1431 3114">
     <span class='ocr_line' id='line_1_2' title="bbox 298 565 1429 641; baseline 0.004 -19"><span class='ocrx_word' id='word_1_6' title='bbox 298 565 401 641; x_wconf 80' lang='grc' dir='ltr'>βωμὸν,</span> <span class='ocrx_word' id='word_1_7' title='bbox 417 569 443 620; x_wconf 88' lang='lat' dir='ltr'>b.</span> <span class='ocrx_word' id='word_1_8' title='bbox 458 586 482 620; x_wconf 92' lang='lat' dir='ltr'>e.</span> <span class='ocrx_word' id='word_1_9' title='bbox 496 568 531 620; x_wconf 89' lang='lat' dir='ltr'>ad</span> <span class='ocrx_word' id='word_1_10' title='bbox 548 568 726 633; x_wconf 74' lang='lat' dir='ltr'>loricatam,</span> <span class='ocrx_word' id='word_1_11' title='bbox 752 588 821 637; x_wconf 83' lang='lat' dir='ltr'>pune</span> <span class='ocrx_word' id='word_1_12' title='bbox 840 580 878 623; x_wconf 84' lang='lat' dir='ltr'>eat</span> <span class='ocrx_word' id='word_1_13' title='bbox 890 572 937 623; x_wconf 82' lang='lat' dir='ltr'>aab</span> <span class='ocrx_word' id='word_1_14' title='bbox 957 568 1144 641; x_wconf 75' lang='lat' dir='ltr'>maceriam*).</span> <span class='ocrx_word' id='word_1_15' title='bbox 1186 576 1268 637; x_wconf 85' lang='lat' dir='ltr'>Quae</span> <span class='ocrx_word' id='word_1_16' title='bbox 1290 577 1314 626; x_wconf 91' lang='lat' dir='ltr'>si</span> <span class='ocrx_word' id='word_1_17' title='bbox 1338 586 1429 627; x_wconf 88' lang='lat' dir='ltr'>nostro</span> 
     </span>
     <span class='ocr_line' id='line_1_3' title="bbox 299 653 1430 727; baseline 0.004 -20"><span class='ocrx_word' id='word_1_18' title='bbox 299 657 357 707; x_wconf 93' lang='lat' dir='ltr'>loco</span> <span class='ocrx_word' id='word_1_19' title='bbox 373 655 513 720; x_wconf 88' lang='lat' dir='ltr'>adhibeas,</span> <span class='ocrx_word' id='word_1_20' title='bbox 532 653 607 705; x_wconf 89' lang='lat' dir='ltr'>dicas</span> <span class='ocrx_word' id='word_1_21' title='bbox 622 655 650 705; x_wconf 89' lang='lat' dir='ltr'>in</span> <span class='ocrx_word' id='word_1_22' title='bbox 665 653 803 706; x_wconf 78' lang='lat' dir='ltr'>Demarati</span> <span class='ocrx_word' id='word_1_23' title='bbox 818 655 912 724; x_wconf 84' lang='lat' dir='ltr'>chorte</span> <span class='ocrx_word' id='word_1_24' title='bbox 927 656 969 708; x_wconf 81' lang='lat' dir='ltr'>vel</span> <span class='ocrx_word' id='word_1_25' title='bbox 985 657 1114 726; x_wconf 81' lang='lat' dir='ltr'>impluvio</span> <span class='ocrx_word' id='word_1_26' title='bbox 1131 659 1161 727; x_wconf 91' lang='lat' dir='ltr'>(i.</span> <span class='ocrx_word' id='word_1_27' title='bbox 1177 678 1202 712; x_wconf 89' lang='lat' dir='ltr'>e.</span> <span class='ocrx_word' id='word_1_28' title='bbox 1219 660 1282 711; x_wconf 86' lang='lat' dir='ltr'>aula</span> <span class='ocrx_word' id='word_1_29' title='bbox 1301 661 1430 727; x_wconf 79' lang='lat' dir='ltr'>subdiali)</span> 
     </span>
     <span class='ocr_line' id='line_1_4' title="bbox 298 738 1429 814; baseline 0.005 -22"><span class='ocrx_word' id='word_1_30' title='bbox 298 752 327 793; x_wconf 91' lang='lat' dir='ltr'>et</span> <span class='ocrx_word' id='word_1_31' title='bbox 344 742 405 811; x_wconf 92' lang='lat' dir='ltr'>ipso</span> <span class='ocrx_word' id='word_1_32' title='bbox 427 740 526 792; x_wconf 78' lang='lat' dir='ltr'>Hercei</span> <span class='ocrx_word' id='word_1_33' title='bbox 550 738 626 791; x_wconf 81' lang='lat' dir='ltr'>lovis</span> <span class='ocrx_word' id='word_1_34' title='bbox 646 756 718 791; x_wconf 84' lang='lat' dir='ltr'>aram</span> <span class='ocrx_word' id='word_1_35' title='bbox 741 740 872 792; x_wconf 77' lang='lat' dir='ltr'><strong>maceriae</strong></span> <span class='ocrx_word' id='word_1_36' title='bbox 888 742 940 812; x_wconf 77' lang='lat' dir='ltr'>(roi</span> <span class='ocrx_word' id='word_1_37' title='bbox 959 738 1054 813; x_wconf 73' lang='grc' dir='ltr'><strong><em>ἕρκίςο)</em></strong></span> <span class='ocrx_word' id='word_1_38' title='bbox 1075 752 1179 797; x_wconf 89' lang='lat' dir='ltr'>tantum</span> <span class='ocrx_word' id='word_1_39' title='bbox 1200 763 1254 797; x_wconf 91' lang='lat' dir='ltr'>non</span> <span class='ocrx_word' id='word_1_40' title='bbox 1278 747 1429 814; x_wconf 82' lang='lat' dir='ltr'>contiguam</span> 
     </span>
     <span class='ocr_line' id='line_1_5' title="bbox 298 824 1430 899; baseline 0.004 -20"><span class='ocrx_word' id='word_1_41' title='bbox 298 828 397 879; x_wconf 83' lang='lat' dir='ltr'>luisse.</span> <span class='ocrx_word' id='word_1_42' title='bbox 429 825 484 877; x_wconf 89' lang='lat' dir='ltr'>lam</span> <span class='ocrx_word' id='word_1_43' title='bbox 500 841 560 876; x_wconf 95' lang='lat' dir='ltr'>cum</span> <span class='ocrx_word' id='word_1_44' title='bbox 573 824 671 877; x_wconf 79' lang='lat' dir='ltr'>ibidem</span> <span class='ocrx_word' id='word_1_45' title='bbox 686 825 829 876; x_wconf 80' lang='lat' dir='ltr'>Astrabaci</span> <span class='ocrx_word' id='word_1_46' title='bbox 846 826 937 877; x_wconf 81' lang='lat' dir='ltr'>herois</span> <span class='ocrx_word' id='word_1_47' title='bbox 959 827 1088 881; x_wconf 89' lang='lat' dir='ltr'>sacellum</span> <span class='ocrx_word' id='word_1_48' title='bbox 1102 827 1219 882; x_wconf 87' lang='lat' dir='ltr'>locatum</span> <span class='ocrx_word' id='word_1_49' title='bbox 1234 830 1345 883; x_wconf 87' lang='lat' dir='ltr'>dicatur</span> <span class='ocrx_word' id='word_1_50' title='bbox 1358 827 1430 899; x_wconf 70' lang='lat' dir='ltr'>supi</span> 
     </span>
     <span class='ocr_line' id='line_1_6' title="bbox 296 904 1429 985; baseline 0.001 -18"><span class='ocrx_word' id='word_1_51' title='bbox 296 915 359 985; x_wconf 73' lang='grc' dir='ltr'><strong><em>τῇσι</em></strong></span> <span class='ocrx_word' id='word_1_52' title='bbox 375 904 498 981; x_wconf 73' lang='grc' dir='ltr'>αὐλείῃσι</span> <span class='ocrx_word' id='word_1_53' title='bbox 509 905 624 980; x_wconf 74' lang='grc' dir='ltr'><strong><em>θύρῃσι,</em></strong></span> <span class='ocrx_word' id='word_1_54' title='bbox 641 910 660 962; x_wconf 94' lang='lat' dir='ltr'>i.</span> <span class='ocrx_word' id='word_1_55' title='bbox 677 927 702 961; x_wconf 93' lang='lat' dir='ltr'>e.</span> <span class='ocrx_word' id='word_1_56' title='bbox 718 909 752 961; x_wconf 93' lang='lat' dir='ltr'>ad</span> <span class='ocrx_word' id='word_1_57' title='bbox 765 904 888 977; x_wconf 76' lang='grc' dir='ltr'>ἑρκείους</span> <span class='ocrx_word' id='word_1_58' title='bbox 901 906 1005 974; x_wconf 64' lang='lat' dir='ltr'>ntitas:</span> <span class='ocrx_word' id='word_1_59' title='bbox 1020 923 1235 967; x_wconf 87' lang='lat' dir='ltr'>consentaneum</span> <span class='ocrx_word' id='word_1_60' title='bbox 1250 924 1295 967; x_wconf 88' lang='lat' dir='ltr'>est</span> <span class='ocrx_word' id='word_1_61' title='bbox 1309 917 1429 983; x_wconf 75' lang='lat' dir='ltr'>credere,</span> 
     </span>
     <span class='ocr_line' id='line_1_7' title="bbox 298 997 1430 1072; baseline 0.003 -20"><span class='ocrx_word' id='word_1_62' title='bbox 298 1001 365 1052; x_wconf 83' lang='lat' dir='ltr'>louis</span> <span class='ocrx_word' id='word_1_63' title='bbox 381 999 474 1050; x_wconf 78' lang='lat' dir='ltr'><strong><em>Hercei</em></strong></span> <span class='ocrx_word' id='word_1_64' title='bbox 487 1013 565 1048; x_wconf 76' lang='grc' dir='ltr'><strong><em>ονοιο</em></strong></span> <span class='ocrx_word' id='word_1_65' title='bbox 584 998 696 1048; x_wconf 82' lang='lat' dir='ltr'>locatam</span> <span class='ocrx_word' id='word_1_66' title='bbox 712 997 799 1065; x_wconf 76' lang='lat' dir='ltr'>fuisse</span> <span class='ocrx_word' id='word_1_67' title='bbox 821 998 848 1049; x_wconf 85' lang='lat' dir='ltr'>in</span> <span class='ocrx_word' id='word_1_68' title='bbox 864 998 938 1063; x_wconf 80' lang='lat' dir='ltr'>salu,</span> <span class='ocrx_word' id='word_1_69' title='bbox 962 1008 988 1052; x_wconf 86' lang='lat' dir='ltr'>et</span> <span class='ocrx_word' id='word_1_70' title='bbox 1007 1001 1111 1067; x_wconf 77' lang='lat' dir='ltr'>quidem</span> <span class='ocrx_word' id='word_1_71' title='bbox 1132 1004 1164 1054; x_wconf 81' lang='lat' dir='ltr'>ob</span> <span class='ocrx_word' id='word_1_72' title='bbox 1180 1002 1268 1055; x_wconf 83' lang='lat' dir='ltr'>alteru</span> <span class='ocrx_word' id='word_1_73' title='bbox 1281 1013 1361 1072; x_wconf 76' lang='lat' dir='ltr'>porte</span> <span class='ocrx_word' id='word_1_74' title='bbox 1380 1006 1430 1055; x_wconf 79' lang='lat' dir='ltr'>eius</span> 
     </span>
     <span class='ocr_line' id='line_1_8' title="bbox 296 1083 1431 1157; baseline 0.003 -19"><span class='ocrx_word' id='word_1_75' title='bbox 296 1095 400 1157; x_wconf 82' lang='lat' dir='ltr'>portae,</span> <span class='ocrx_word' id='word_1_76' title='bbox 416 1100 483 1151; x_wconf 82' lang='lat' dir='ltr'>pune</span> <span class='ocrx_word' id='word_1_77' title='bbox 497 1101 546 1152; x_wconf 86' lang='lat' dir='ltr'>per</span> <span class='ocrx_word' id='word_1_78' title='bbox 559 1083 701 1134; x_wconf 83' lang='lat' dir='ltr'>maceriam</span> <span class='ocrx_word' id='word_1_79' title='bbox 718 1085 797 1135; x_wconf 84' lang='lat' dir='ltr'>culae</span> <span class='ocrx_word' id='word_1_80' title='bbox 809 1084 837 1134; x_wconf 84' lang='lat' dir='ltr'>in</span> <span class='ocrx_word' id='word_1_81' title='bbox 851 1083 920 1134; x_wconf 80' lang='grc' dir='ltr'><strong><em>υἰοοι</em></strong></span> <span class='ocrx_word' id='word_1_82' title='bbox 933 1086 1052 1153; x_wconf 79' lang='lat' dir='ltr'>patebat,</span> <span class='ocrx_word' id='word_1_83' title='bbox 1067 1088 1174 1139; x_wconf 78' lang='lat' dir='ltr'>beroam</span> <span class='ocrx_word' id='word_1_84' title='bbox 1189 1098 1279 1141; x_wconf 77' lang='lat' dir='ltr'>satem</span> <span class='ocrx_word' id='word_1_85' title='bbox 1297 1092 1431 1141; x_wconf 81' lang='lat' dir='ltr'>Aetrclusi</span> 
     </span>
     <span class='ocr_line' id='line_1_9' title="bbox 297 1168 1428 1244; baseline 0.001 -19"><span class='ocrx_word' id='word_1_86' title='bbox 297 1174 376 1225; x_wconf 83' lang='lat' dir='ltr'>situm</span> <span class='ocrx_word' id='word_1_87' title='bbox 388 1171 472 1239; x_wconf 80' lang='lat' dir='ltr'>fnisse</span> <span class='ocrx_word' id='word_1_88' title='bbox 487 1178 513 1221; x_wconf 87' lang='lat' dir='ltr'>et</span> <span class='ocrx_word' id='word_1_89' title='bbox 527 1169 612 1238; x_wconf 79' lang='lat' dir='ltr'>ipsam</span> <span class='ocrx_word' id='word_1_90' title='bbox 625 1168 653 1218; x_wconf 84' lang='lat' dir='ltr'>in</span> <span class='ocrx_word' id='word_1_91' title='bbox 668 1168 743 1234; x_wconf 80' lang='lat' dir='ltr'>salu,</span> <span class='ocrx_word' id='word_1_92' title='bbox 758 1171 869 1236; x_wconf 73' lang='lat' dir='ltr'>itemque</span> <span class='ocrx_word' id='word_1_93' title='bbox 884 1171 916 1220; x_wconf 82' lang='lat' dir='ltr'>ab</span> <span class='ocrx_word' id='word_1_94' title='bbox 927 1169 1040 1222; x_wconf 84' lang='lat' dir='ltr'>eiusdem</span> <span class='ocrx_word' id='word_1_95' title='bbox 1053 1181 1149 1240; x_wconf 76' lang='lat' dir='ltr'>postne</span> <span class='ocrx_word' id='word_1_96' title='bbox 1161 1183 1240 1242; x_wconf 80' lang='lat' dir='ltr'>porte</span> <span class='ocrx_word' id='word_1_97' title='bbox 1254 1176 1343 1226; x_wconf 82' lang='lat' dir='ltr'>alters</span> <span class='ocrx_word' id='word_1_98' title='bbox 1356 1175 1390 1244; x_wconf 71' lang='lat' dir='ltr'>(i.</span> <span class='ocrx_word' id='word_1_99' title='bbox 1406 1193 1428 1226; x_wconf 86' lang='lat' dir='ltr'>e.</span> 
     </span>
     <span class='ocr_line' id='line_1_10' title="bbox 297 1253 1430 1329; baseline 0.001 -18"><span class='ocrx_word' id='word_1_100' title='bbox 297 1256 432 1329; x_wconf 84' lang='lat' dir='ltr'>opposito)</span> <span class='ocrx_word' id='word_1_101' title='bbox 448 1256 501 1321; x_wconf 85' lang='lat' dir='ltr'>ito,</span> <span class='ocrx_word' id='word_1_102' title='bbox 522 1263 553 1306; x_wconf 84' lang='lat' dir='ltr'>ut</span> <span class='ocrx_word' id='word_1_103' title='bbox 566 1253 696 1306; x_wconf 70' lang='lat' dir='ltr'><strong><em>introrsus</em></strong></span> <span class='ocrx_word' id='word_1_104' title='bbox 714 1262 738 1306; x_wconf 85' lang='lat' dir='ltr'>et</span> <span class='ocrx_word' id='word_1_105' title='bbox 759 1255 877 1323; x_wconf 85' lang='lat' dir='ltr'>luppiter</span> <span class='ocrx_word' id='word_1_106' title='bbox 898 1263 924 1306; x_wconf 87' lang='lat' dir='ltr'>ct</span> <span class='ocrx_word' id='word_1_107' title='bbox 943 1256 1019 1308; x_wconf 81' lang='lat' dir='ltr'>leros</span> <span class='ocrx_word' id='word_1_108' title='bbox 1040 1259 1171 1325; x_wconf 73' lang='lat' dir='ltr'>utrinqne</span> <span class='ocrx_word' id='word_1_109' title='bbox 1191 1261 1292 1311; x_wconf 78' lang='lat' dir='ltr'>aditura</span> <span class='ocrx_word' id='word_1_110' title='bbox 1313 1269 1430 1313; x_wconf 69' lang='lat' dir='ltr'>tentent</span> 
     </span>
     <span class='ocr_line' id='line_1_11' title="bbox 297 1338 1429 1412; baseline 0.001 -18"><span class='ocrx_word' id='word_1_111' title='bbox 297 1355 322 1399; x_wconf 79' lang='lat' dir='ltr'>et</span> <span class='ocrx_word' id='word_1_112' title='bbox 339 1344 414 1412; x_wconf 80' lang='lat' dir='ltr'>pansi</span> <span class='ocrx_word' id='word_1_113' title='bbox 429 1348 590 1394; x_wconf 82' lang='lat' dir='ltr'>tutarentur.</span> <span class='ocrx_word' id='word_1_114' title='bbox 635 1338 674 1387; x_wconf 80' lang='lat' dir='ltr'>Ao</span> <span class='ocrx_word' id='word_1_115' title='bbox 687 1338 863 1407; x_wconf 89' lang='lat' dir='ltr'>pertinebant</span> <span class='ocrx_word' id='word_1_116' title='bbox 885 1339 934 1390; x_wconf 88' lang='lat' dir='ltr'>bae</span> <span class='ocrx_word' id='word_1_117' title='bbox 956 1339 1104 1408; x_wconf 80' lang='lat' dir='ltr'>religiones</span> <span class='ocrx_word' id='word_1_118' title='bbox 1119 1359 1179 1394; x_wconf 88' lang='lat' dir='ltr'>oum</span> <span class='ocrx_word' id='word_1_119' title='bbox 1199 1343 1233 1395; x_wconf 90' lang='lat' dir='ltr'>ad</span> <span class='ocrx_word' id='word_1_120' title='bbox 1256 1344 1429 1396; x_wconf 76' lang='lat' dir='ltr'>securitatem</span> 
     </span>
     <span class='ocr_line' id='line_1_12' title="bbox 297 1422 1429 1498; baseline -0.002 -15"><span class='ocrx_word' id='word_1_121' title='bbox 297 1429 405 1483; x_wconf 89' lang='lat' dir='ltr'>aedium</span> <span class='ocrx_word' id='word_1_122' title='bbox 425 1425 593 1495; x_wconf 81' lang='lat' dir='ltr'>privatarum</span> <span class='ocrx_word' id='word_1_123' title='bbox 615 1431 670 1474; x_wconf 80' lang='lat' dir='ltr'>tuni</span> <span class='ocrx_word' id='word_1_124' title='bbox 692 1422 727 1474; x_wconf 93' lang='lat' dir='ltr'>ad</span> <span class='ocrx_word' id='word_1_125' title='bbox 746 1422 927 1475; x_wconf 69' lang='lat' dir='ltr'>sanctitatem.</span> <span class='ocrx_word' id='word_1_126' title='bbox 962 1425 1001 1477; x_wconf 86' lang='lat' dir='ltr'>Et</span> <span class='ocrx_word' id='word_1_127' title='bbox 1020 1427 1131 1495; x_wconf 88' lang='lat' dir='ltr'>quando</span> <span class='ocrx_word' id='word_1_128' title='bbox 1153 1428 1280 1481; x_wconf 87' lang='lat' dir='ltr'>Herceus</span> <span class='ocrx_word' id='word_1_129' title='bbox 1305 1429 1429 1498; x_wconf 85' lang='lat' dir='ltr'>luppiter</span> 
     </span>
     <span class='ocr_line' id='line_1_13' title="bbox 297 1508 1430 1580; baseline -0.001 -13"><span class='ocrx_word' id='word_1_130' title='bbox 297 1514 427 1567; x_wconf 88' lang='lat' dir='ltr'>Italorum</span> <span class='ocrx_word' id='word_1_131' title='bbox 444 1511 586 1564; x_wconf 82' lang='lat' dir='ltr'>Penatibus</span> <span class='ocrx_word' id='word_1_132' title='bbox 600 1514 709 1577; x_wconf 86' lang='lat' dir='ltr'>poterat</span> <span class='ocrx_word' id='word_1_133' title='bbox 723 1508 864 1560; x_wconf 76' lang='lat' dir='ltr'>accenseri</span> <span class='ocrx_word' id='word_1_134' title='bbox 879 1509 950 1579; x_wconf 78' lang='lat' dir='ltr'>(vid.</span> <span class='ocrx_word' id='word_1_135' title='bbox 967 1510 1001 1562; x_wconf 91' lang='lat' dir='ltr'>ad</span> <span class='ocrx_word' id='word_1_136' title='bbox 1017 1511 1069 1579; x_wconf 85' lang='lat' dir='ltr'>Vl,</span> <span class='ocrx_word' id='word_1_137' title='bbox 1084 1514 1148 1579; x_wconf 81' lang='lat' dir='ltr'>oa),</span> <span class='ocrx_word' id='word_1_138' title='bbox 1174 1513 1334 1580; x_wconf 85' lang='lat' dir='ltr'>gentilicins</span> <span class='ocrx_word' id='word_1_139' title='bbox 1351 1515 1430 1566; x_wconf 88' lang='lat' dir='ltr'>heros</span> 
     </span>
     <span class='ocr_line' id='line_1_14' title="bbox 297 1593 1430 1668; baseline -0.001 -16"><span class='ocrx_word' id='word_1_140' title='bbox 297 1599 465 1652; x_wconf 74' lang='lat' dir='ltr'>Astrabacus</span> <span class='ocrx_word' id='word_1_141' title='bbox 482 1598 558 1649; x_wconf 77' lang='lat' dir='ltr'>buris</span> <span class='ocrx_word' id='word_1_142' title='bbox 572 1593 659 1647; x_wconf 87' lang='lat' dir='ltr'>locum</span> <span class='ocrx_word' id='word_1_143' title='bbox 680 1593 811 1646; x_wconf 89' lang='lat' dir='ltr'>sustinet.</span> <span class='ocrx_word' id='word_1_144' title='bbox 855 1594 938 1646; x_wconf 83' lang='lat' dir='ltr'>Haud</span> <span class='ocrx_word' id='word_1_145' title='bbox 960 1596 1043 1648; x_wconf 90' lang='lat' dir='ltr'>dubie</span> <span class='ocrx_word' id='word_1_146' title='bbox 1064 1597 1135 1649; x_wconf 88' lang='lat' dir='ltr'>enim</span> <span class='ocrx_word' id='word_1_147' title='bbox 1156 1597 1183 1649; x_wconf 90' lang='lat' dir='ltr'>in</span> <span class='ocrx_word' id='word_1_148' title='bbox 1208 1598 1298 1651; x_wconf 87' lang='lat' dir='ltr'>sacris</span> <span class='ocrx_word' id='word_1_149' title='bbox 1314 1599 1430 1668; x_wconf 80' lang='lat' dir='ltr'>privatis</span> 
     </span>
     <span class='ocr_line' id='line_1_15' title="bbox 297 1676 1428 1753; baseline -0.001 -16"><span class='ocrx_word' id='word_1_150' title='bbox 297 1685 376 1737; x_wconf 81' lang='lat' dir='ltr'>valde</span> <span class='ocrx_word' id='word_1_151' title='bbox 391 1689 526 1751; x_wconf 82' lang='lat' dir='ltr'>cognatus</span> <span class='ocrx_word' id='word_1_152' title='bbox 543 1680 662 1732; x_wconf 85' lang='lat' dir='ltr'>interae</span> <span class='ocrx_word' id='word_1_153' title='bbox 680 1678 733 1730; x_wconf 84' lang='lat' dir='ltr'>luit</span> <span class='ocrx_word' id='word_1_154' title='bbox 748 1678 839 1731; x_wconf 87' lang='lat' dir='ltr'>cultus</span> <span class='ocrx_word' id='word_1_155' title='bbox 855 1696 934 1731; x_wconf 87' lang='lat' dir='ltr'>sacer</span> <span class='ocrx_word' id='word_1_156' title='bbox 948 1688 1070 1734; x_wconf 80' lang='lat' dir='ltr'>veterum</span> <span class='ocrx_word' id='word_1_157' title='bbox 1086 1682 1256 1752; x_wconf 85' lang='lat' dir='ltr'>populorum,</span> <span class='ocrx_word' id='word_1_158' title='bbox 1275 1700 1347 1753; x_wconf 88' lang='lat' dir='ltr'>quos</span> <span class='ocrx_word' id='word_1_159' title='bbox 1362 1676 1428 1736; x_wconf 76' lang='lat' dir='ltr'>diii·</span> 
     </span>
     <span class='ocr_line' id='line_1_16' title="bbox 296 1764 1428 1839; baseline -0.001 -16"><span class='ocrx_word' id='word_1_160' title='bbox 296 1787 366 1823; x_wconf 88' lang='lat' dir='ltr'>mus.</span> <span class='ocrx_word' id='word_1_161' title='bbox 396 1770 461 1832; x_wconf 82' lang='lat' dir='ltr'>Qua</span> <span class='ocrx_word' id='word_1_162' title='bbox 482 1768 516 1819; x_wconf 89' lang='lat' dir='ltr'>de</span> <span class='ocrx_word' id='word_1_163' title='bbox 539 1784 568 1817; x_wconf 92' lang='lat' dir='ltr'>re</span> <span class='ocrx_word' id='word_1_164' title='bbox 593 1764 673 1833; x_wconf 90' lang='lat' dir='ltr'>plura</span> <span class='ocrx_word' id='word_1_165' title='bbox 693 1764 797 1816; x_wconf 88' lang='lat' dir='ltr'>contuli</span> <span class='ocrx_word' id='word_1_166' title='bbox 812 1764 839 1815; x_wconf 92' lang='lat' dir='ltr'>in</span> <span class='ocrx_word' id='word_1_167' title='bbox 857 1765 965 1817; x_wconf 81' lang='lat' dir='ltr'>Annall.</span> <span class='ocrx_word' id='word_1_168' title='bbox 982 1766 1160 1836; x_wconf 80' lang='lat' dir='ltr'>Heidelberg.</span> <span class='ocrx_word' id='word_1_169' title='bbox 1185 1772 1261 1821; x_wconf 85' lang='grc'><strong>1817.</strong></span> <span class='ocrx_word' id='word_1_170' title='bbox 1281 1786 1324 1820; x_wconf 92' lang='lat' dir='ltr'>nr.</span> <span class='ocrx_word' id='word_1_171' title='bbox 1341 1772 1385 1822; x_wconf 84' lang='grc'>78.</span> <span class='ocrx_word' id='word_1_172' title='bbox 1402 1789 1428 1839; x_wconf 88' lang='lat' dir='ltr'>p.</span> 
     </span>
     <span class='ocr_line' id='line_1_17' title="bbox 298 1849 1431 1923; baseline -0.004 -13"><span class='ocrx_word' id='word_1_173' title='bbox 298 1858 366 1910; x_wconf 79' lang='lat'>1236</span> <span class='ocrx_word' id='word_1_174' title='bbox 381 1872 440 1923; x_wconf 88' lang='lat' dir='ltr'>seq.</span> <span class='ocrx_word' id='word_1_175' title='bbox 471 1852 525 1903; x_wconf 87' lang='lat' dir='ltr'>Hic</span> <span class='ocrx_word' id='word_1_176' title='bbox 540 1850 593 1902; x_wconf 87' lang='lat' dir='ltr'>alia</span> <span class='ocrx_word' id='word_1_177' title='bbox 612 1849 729 1916; x_wconf 88' lang='lat' dir='ltr'>paucula</span> <span class='ocrx_word' id='word_1_178' title='bbox 749 1849 891 1901; x_wconf 86' lang='lat' dir='ltr'>subiiciam</span> <span class='ocrx_word' id='word_1_179' title='bbox 911 1851 1100 1904; x_wconf 88' lang='lat' dir='ltr'>coniunctiora</span> <span class='ocrx_word' id='word_1_180' title='bbox 1120 1870 1181 1905; x_wconf 89' lang='lat' dir='ltr'>oum</span> <span class='ocrx_word' id='word_1_181' title='bbox 1196 1853 1356 1906; x_wconf 84' lang='lat' dir='ltr'>Herodoteo</span> <span class='ocrx_word' id='word_1_182' title='bbox 1382 1855 1431 1906; x_wconf 87' lang='lat' dir='ltr'>boc</span> 
     </span>
     <span class='ocr_line' id='line_1_18' title="bbox 296 1934 1431 2010; baseline -0.001 -15"><span class='ocrx_word' id='word_1_183' title='bbox 296 1946 466 2010; x_wconf 81' lang='lat' dir='ltr'>argumento.</span> <span class='ocrx_word' id='word_1_184' title='bbox 490 1935 531 1988; x_wconf 77' lang='lat' dir='ltr'>Ad</span> <span class='ocrx_word' id='word_1_185' title='bbox 545 1934 720 1987; x_wconf 75' lang='lat' dir='ltr'>securitatem</span> <span class='ocrx_word' id='word_1_186' title='bbox 731 1934 818 2001; x_wconf 79' lang='lat' dir='ltr'>igitur</span> <span class='ocrx_word' id='word_1_187' title='bbox 832 1940 939 2003; x_wconf 89' lang='lat' dir='ltr'>spectat</span> <span class='ocrx_word' id='word_1_188' title='bbox 953 1935 1029 2003; x_wconf 83' lang='lat' dir='ltr'>illud,</span> <span class='ocrx_word' id='word_1_189' title='bbox 1042 1938 1116 2006; x_wconf 88' lang='lat' dir='ltr'>quod</span> <span class='ocrx_word' id='word_1_190' title='bbox 1131 1937 1195 1991; x_wconf 86' lang='lat' dir='ltr'>alibi</span> <span class='ocrx_word' id='word_1_191' title='bbox 1206 1941 1327 2009; x_wconf 85' lang='lat' dir='ltr'>luppiter</span> <span class='ocrx_word' id='word_1_192' title='bbox 1338 1942 1431 1994; x_wconf 77' lang='lat' dir='ltr'>Cestos</span> 
     </span>
     <span class='ocr_line' id='line_1_19' title="bbox 296 2020 1430 2090; baseline -0.002 -10"><span class='ocrx_word' id='word_1_193' title='bbox 296 2045 356 2080; x_wconf 90' lang='lat' dir='ltr'>cum</span> <span class='ocrx_word' id='word_1_194' title='bbox 376 2028 444 2079; x_wconf 77' lang='lat' dir='ltr'>bare</span> <span class='ocrx_word' id='word_1_195' title='bbox 464 2021 609 2090; x_wconf 88' lang='lat' dir='ltr'>copulatur</span> <span class='ocrx_word' id='word_1_196' title='bbox 632 2020 838 2088; x_wconf 86' lang='lat' dir='ltr'>perattributa,</span> <span class='ocrx_word' id='word_1_197' title='bbox 867 2038 892 2071; x_wconf 90' lang='lat' dir='ltr'>v.</span> <span class='ocrx_word' id='word_1_198' title='bbox 911 2038 934 2072; x_wconf 94' lang='lat' dir='ltr'>o.</span> <span class='ocrx_word' id='word_1_199' title='bbox 951 2039 1001 2090; x_wconf 88' lang='lat' dir='ltr'>per</span> <span class='ocrx_word' id='word_1_200' title='bbox 1018 2022 1288 2079; x_wconf 76' lang='lat' dir='ltr'>adiunctnmeunem.</span> <span class='ocrx_word' id='word_1_201' title='bbox 1328 2025 1430 2078; x_wconf 85' lang='lat' dir='ltr'>ltaille</span> 
     </span>
     <span class='ocr_line' id='line_1_20' title="bbox 296 2105 1428 2181; baseline -0.002 -17"><span class='ocrx_word' id='word_1_202' title='bbox 296 2112 421 2181; x_wconf 87' lang='lat' dir='ltr'>luppiter</span> <span class='ocrx_word' id='word_1_203' title='bbox 435 2108 537 2160; x_wconf 82' lang='lat' dir='ltr'>fulmen</span> <span class='ocrx_word' id='word_1_204' title='bbox 555 2113 653 2157; x_wconf 90' lang='lat' dir='ltr'>tenens</span> <span class='ocrx_word' id='word_1_205' title='bbox 667 2105 817 2157; x_wconf 84' lang='lat' dir='ltr'>accubante</span> <span class='ocrx_word' id='word_1_206' title='bbox 833 2122 900 2157; x_wconf 88' lang='lat' dir='ltr'>cane</span> <span class='ocrx_word' id='word_1_207' title='bbox 919 2106 1021 2159; x_wconf 81' lang='lat' dir='ltr'>visitur</span> <span class='ocrx_word' id='word_1_208' title='bbox 1040 2107 1068 2160; x_wconf 89' lang='lat' dir='ltr'>in</span> <span class='ocrx_word' id='word_1_209' title='bbox 1089 2107 1202 2162; x_wconf 88' lang='lat' dir='ltr'>lucerna</span> <span class='ocrx_word' id='word_1_210' title='bbox 1217 2109 1369 2179; x_wconf 83' lang='lat' dir='ltr'>sepulcrali</span> <span class='ocrx_word' id='word_1_211' title='bbox 1384 2128 1428 2180; x_wconf 91' lang='lat' dir='ltr'>ap.</span> 
     </span>
     <span class='ocr_line' id='line_1_21' title="bbox 296 2189 1429 2265; baseline -0.001 -16"><span class='ocrx_word' id='word_1_212' title='bbox 296 2196 401 2249; x_wconf 86' lang='lat' dir='ltr'>Bartol.</span> <span class='ocrx_word' id='word_1_213' title='bbox 417 2203 445 2247; x_wconf 91' lang='lat' dir='ltr'>et</span> <span class='ocrx_word' id='word_1_214' title='bbox 466 2189 613 2265; x_wconf 73' lang='lat' dir='ltr'>Bellorium</span> <span class='ocrx_word' id='word_1_215' title='bbox 631 2189 659 2242; x_wconf 90' lang='lat' dir='ltr'>in</span> <span class='ocrx_word' id='word_1_216' title='bbox 674 2189 794 2244; x_wconf 89' lang='lat' dir='ltr'>Lucern.</span> <span class='ocrx_word' id='word_1_217' title='bbox 814 2189 949 2259; x_wconf 89' lang='lat' dir='ltr'>sepulcbr.</span> <span class='ocrx_word' id='word_1_218' title='bbox 972 2199 1043 2261; x_wconf 87' lang='lat' dir='ltr'>part.</span> <span class='ocrx_word' id='word_1_219' title='bbox 1061 2193 1098 2244; x_wconf 89' lang='lat' dir='ltr'>ll.</span> <span class='ocrx_word' id='word_1_220' title='bbox 1113 2212 1142 2262; x_wconf 88' lang='lat' dir='ltr'>p.</span> <span class='ocrx_word' id='word_1_221' title='bbox 1160 2199 1185 2247; x_wconf 91' lang='lat' dir='ltr'>l.</span> <span class='ocrx_word' id='word_1_222' title='bbox 1215 2194 1337 2247; x_wconf 84' lang='lat' dir='ltr'>Laribus</span> <span class='ocrx_word' id='word_1_223' title='bbox 1359 2198 1429 2248; x_wconf 85' lang='lat' dir='ltr'>enirn</span> 
     </span>
     <span class='ocr_line' id='line_1_22' title="bbox 296 2275 1428 2348; baseline -0.003 -12"><span class='ocrx_word' id='word_1_224' title='bbox 296 2284 331 2335; x_wconf 89' lang='lat' dir='ltr'>ob</span> <span class='ocrx_word' id='word_1_225' title='bbox 346 2282 425 2335; x_wconf 86' lang='lat' dir='ltr'>lidam</span> <span class='ocrx_word' id='word_1_226' title='bbox 440 2276 590 2329; x_wconf 83' lang='lat' dir='ltr'>custodiam</span> <span class='ocrx_word' id='word_1_227' title='bbox 604 2275 827 2327; x_wconf 89' lang='lat' dir='ltr'>attribuebantur</span> <span class='ocrx_word' id='word_1_228' title='bbox 841 2292 934 2328; x_wconf 88' lang='lat' dir='ltr'>canes.</span> <span class='ocrx_word' id='word_1_229' title='bbox 962 2276 1025 2329; x_wconf 91' lang='lat' dir='ltr'>Vid.</span> <span class='ocrx_word' id='word_1_230' title='bbox 1045 2278 1211 2348; x_wconf 88' lang='lat' dir='ltr'>scriptores,</span> <span class='ocrx_word' id='word_1_231' title='bbox 1227 2297 1298 2348; x_wconf 88' lang='lat' dir='ltr'>qnos</span> <span class='ocrx_word' id='word_1_232' title='bbox 1317 2279 1428 2333; x_wconf 83' lang='lat' dir='ltr'>laudari</span> 
     </span>
     <span class='ocr_line' id='line_1_23' title="bbox 296 2358 1429 2432; baseline -0.004 -12"><span class='ocrx_word' id='word_1_233' title='bbox 296 2368 330 2420; x_wconf 93' lang='lat' dir='ltr'>ad</span> <span class='ocrx_word' id='word_1_234' title='bbox 351 2367 441 2419; x_wconf 83' lang='lat' dir='ltr'>Cicer.</span> <span class='ocrx_word' id='word_1_235' title='bbox 463 2362 497 2413; x_wconf 91' lang='lat' dir='ltr'>de</span> <span class='ocrx_word' id='word_1_236' title='bbox 513 2361 550 2413; x_wconf 91' lang='lat' dir='ltr'>N.</span> <span class='ocrx_word' id='word_1_237' title='bbox 567 2360 601 2411; x_wconf 84' lang='lat' dir='ltr'>l).</span> <span class='ocrx_word' id='word_1_238' title='bbox 618 2358 655 2423; x_wconf 87' lang='lat' dir='ltr'>ll,</span> <span class='ocrx_word' id='word_1_239' title='bbox 670 2363 713 2412; x_wconf 74' lang='lat'>27.</span> <span class='ocrx_word' id='word_1_240' title='bbox 738 2377 765 2428; x_wconf 88' lang='lat' dir='ltr'>p.</span> <span class='ocrx_word' id='word_1_241' title='bbox 782 2363 833 2414; x_wconf 76' lang='lat'>315</span> <span class='ocrx_word' id='word_1_242' title='bbox 853 2367 881 2412; x_wconf 88' lang='lat' dir='ltr'>et</span> <span class='ocrx_word' id='word_1_243' title='bbox 902 2362 935 2413; x_wconf 90' lang='lat' dir='ltr'>ad</span> <span class='ocrx_word' id='word_1_244' title='bbox 951 2361 1002 2427; x_wconf 80' lang='grc' dir='ltr'>ΙΙΙ,</span> <span class='ocrx_word' id='word_1_245' title='bbox 1018 2366 1061 2414; x_wconf 73' lang='lat'>⁶25.</span> <span class='ocrx_word' id='word_1_246' title='bbox 1084 2381 1112 2432; x_wconf 88' lang='lat' dir='ltr'>p.</span> <span class='ocrx_word' id='word_1_247' title='bbox 1132 2368 1193 2419; x_wconf 80' lang='grc'><strong>633.</strong></span> <span class='ocrx_word' id='word_1_248' title='bbox 1229 2367 1386 2420; x_wconf 78' lang='lat' dir='ltr'>Sanctitstis</span> <span class='ocrx_word' id='word_1_249' title='bbox 1403 2376 1429 2418; x_wconf 90' lang='lat' dir='ltr'>et</span> 
     </span>
     <span class='ocr_line' id='line_1_24' title="bbox 295 2443 1429 2519; baseline -0.002 -13"><span class='ocrx_word' id='word_1_250' title='bbox 295 2453 421 2507; x_wconf 80' lang='lat' dir='ltr'>castitatis</span> <span class='ocrx_word' id='word_1_251' title='bbox 435 2463 521 2517; x_wconf 87' lang='lat' dir='ltr'>snpra</span> <span class='ocrx_word' id='word_1_252' title='bbox 539 2444 584 2514; x_wconf 89' lang='lat' dir='ltr'>[ad</span> <span class='ocrx_word' id='word_1_253' title='bbox 604 2443 650 2510; x_wconf 90' lang='lat' dir='ltr'>Vl,</span> <span class='ocrx_word' id='word_1_254' title='bbox 665 2445 722 2511; x_wconf 79' lang='lat' dir='ltr'>ca]</span> <span class='ocrx_word' id='word_1_255' title='bbox 738 2445 900 2498; x_wconf 87' lang='lat' dir='ltr'>mentionem</span> <span class='ocrx_word' id='word_1_256' title='bbox 915 2445 1043 2513; x_wconf 86' lang='lat' dir='ltr'>lecimus,</span> <span class='ocrx_word' id='word_1_257' title='bbox 1067 2449 1113 2501; x_wconf 92' lang='lat' dir='ltr'>ubi</span> <span class='ocrx_word' id='word_1_258' title='bbox 1136 2451 1353 2519; x_wconf 84' lang='lat' dir='ltr'>quaerebamus,</span> <span class='ocrx_word' id='word_1_259' title='bbox 1380 2468 1429 2504; x_wconf 88' lang='lat' dir='ltr'>cur</span> 
     </span>
     <span class='ocr_line' id='line_1_25' title="bbox 295 2530 1428 2607; baseline -0.004 -14"><span class='ocrx_word' id='word_1_260' title='bbox 295 2539 329 2592; x_wconf 93' lang='lat' dir='ltr'>ad</span> <span class='ocrx_word' id='word_1_261' title='bbox 344 2534 444 2590; x_wconf 89' lang='lat' dir='ltr'>Hercei</span> <span class='ocrx_word' id='word_1_262' title='bbox 459 2531 535 2584; x_wconf 80' lang='lat' dir='ltr'>lovis</span> <span class='ocrx_word' id='word_1_263' title='bbox 550 2546 623 2581; x_wconf 86' lang='lat' dir='ltr'>aram</span> <span class='ocrx_word' id='word_1_264' title='bbox 639 2536 727 2581; x_wconf 89' lang='lat' dir='ltr'>ortum</span> <span class='ocrx_word' id='word_1_265' title='bbox 742 2546 822 2582; x_wconf 89' lang='lat' dir='ltr'>suum</span> <span class='ocrx_word' id='word_1_266' title='bbox 839 2530 995 2600; x_wconf 79' lang='lat' dir='ltr'>exploraret</span> <span class='ocrx_word' id='word_1_267' title='bbox 1009 2533 1181 2590; x_wconf 88' lang='lat' dir='ltr'>Demaratus.</span> <span class='ocrx_word' id='word_1_268' title='bbox 1222 2536 1324 2607; x_wconf 86' lang='lat' dir='ltr'>Neque</span> <span class='ocrx_word' id='word_1_269' title='bbox 1339 2537 1428 2591; x_wconf 80' lang='lat' dir='ltr'>minus</span> 
     </span>
     <span class='ocr_line' id='line_1_26' title="bbox 295 2611 1428 2690; baseline -0.003 -12"><span class='ocrx_word' id='word_1_270' title='bbox 295 2623 442 2678; x_wconf 88' lang='lat' dir='ltr'>earundem</span> <span class='ocrx_word' id='word_1_271' title='bbox 456 2617 618 2686; x_wconf 82' lang='lat' dir='ltr'>religionum</span> <span class='ocrx_word' id='word_1_272' title='bbox 641 2614 748 2683; x_wconf 85' lang='lat' dir='ltr'>legibus</span> <span class='ocrx_word' id='word_1_273' title='bbox 763 2616 956 2671; x_wconf 85' lang='lat' dir='ltr'>continebatur</span> <span class='ocrx_word' id='word_1_274' title='bbox 976 2611 994 2687; x_wconf 80' lang='grc' dir='ltr'><strong><em>ἡ</em></strong></span> <span class='ocrx_word' id='word_1_275' title='bbox 1015 2616 1142 2689; x_wconf 78' lang='grc' dir='ltr'><strong><em>οἰκουρίο</em></strong></span> <span class='ocrx_word' id='word_1_276' title='bbox 1164 2624 1342 2690; x_wconf 71' lang='lat' dir='ltr'>teminorum,</span> <span class='ocrx_word' id='word_1_277' title='bbox 1368 2641 1428 2676; x_wconf 83' lang='lat' dir='ltr'>cnm</span> 
     </span>
     <span class='ocr_line' id='line_1_27' title="bbox 295 2700 1427 2779; baseline -0.002 -16"><span class='ocrx_word' id='word_1_278' title='bbox 295 2719 374 2779; x_wconf 89' lang='lat' dir='ltr'>septo</span> <span class='ocrx_word' id='word_1_279' title='bbox 390 2704 521 2760; x_wconf 83' lang='lat' dir='ltr'>excedere</span> <span class='ocrx_word' id='word_1_280' title='bbox 535 2703 620 2773; x_wconf 91' lang='lat' dir='ltr'>inque</span> <span class='ocrx_word' id='word_1_281' title='bbox 635 2700 704 2754; x_wconf 85' lang='lat' dir='ltr'>viam</span> <span class='ocrx_word' id='word_1_282' title='bbox 720 2701 831 2770; x_wconf 89' lang='lat' dir='ltr'>prodire</span> <span class='ocrx_word' id='word_1_283' title='bbox 845 2702 957 2756; x_wconf 86' lang='lat' dir='ltr'>honeste</span> <span class='ocrx_word' id='word_1_284' title='bbox 973 2722 1027 2755; x_wconf 89' lang='lat' dir='ltr'>non</span> <span class='ocrx_word' id='word_1_285' title='bbox 1043 2715 1159 2773; x_wconf 90' lang='lat' dir='ltr'>possent</span> <span class='ocrx_word' id='word_1_286' title='bbox 1172 2707 1311 2760; x_wconf 88' lang='lat' dir='ltr'>mulieres.</span> <span class='ocrx_word' id='word_1_287' title='bbox 1338 2710 1427 2772; x_wconf 83' lang='lat' dir='ltr'>Quam</span> 
     </span>
     <span class='ocr_line' id='line_1_28' title="bbox 295 2787 1427 2860; baseline -0.003 -12"><span class='ocrx_word' id='word_1_288' title='bbox 295 2813 351 2848; x_wconf 90' lang='lat' dir='ltr'>rem</span> <span class='ocrx_word' id='word_1_289' title='bbox 363 2792 456 2860; x_wconf 79' lang='lat' dir='ltr'>attigit</span> <span class='ocrx_word' id='word_1_290' title='bbox 467 2788 596 2841; x_wconf 77' lang='lat' dir='ltr'>Valcken.</span> <span class='ocrx_word' id='word_1_291' title='bbox 612 2787 647 2839; x_wconf 92' lang='lat' dir='ltr'>ad</span> <span class='ocrx_word' id='word_1_292' title='bbox 661 2787 764 2839; x_wconf 88' lang='lat' dir='ltr'>Herod.</span> <span class='ocrx_word' id='word_1_293' title='bbox 781 2787 906 2852; x_wconf 76' lang='lat' dir='ltr'>lV‚1tt.</span> <span class='ocrx_word' id='word_1_294' title='bbox 939 2789 1167 2859; x_wconf 77' lang='lat' dir='ltr'>Cfr.Boettiger:</span> <span class='ocrx_word' id='word_1_295' title='bbox 1195 2793 1246 2845; x_wconf 85' lang='lat' dir='ltr'>Die</span> <span class='ocrx_word' id='word_1_296' title='bbox 1257 2793 1427 2846; x_wconf 82' lang='lat' dir='ltr'>Aldobrsnd.</span> 
     </span>
     <span class='ocr_line' id='line_1_29' title="bbox 294 2873 1426 2949; baseline -0.002 -16"><span class='ocrx_word' id='word_1_297' title='bbox 294 2881 397 2933; x_wconf 79' lang='lat' dir='ltr'>Hooliz.</span> <span class='ocrx_word' id='word_1_298' title='bbox 415 2897 442 2948; x_wconf 90' lang='lat' dir='ltr'>p.</span> <span class='ocrx_word' id='word_1_299' title='bbox 459 2878 509 2929; x_wconf 80' lang='lat'>134</span> <span class='ocrx_word' id='word_1_300' title='bbox 525 2881 553 2926; x_wconf 91' lang='lat' dir='ltr'>et</span> <span class='ocrx_word' id='word_1_301' title='bbox 566 2878 689 2925; x_wconf 87' lang='lat' dir='ltr'>annotat.</span> <span class='ocrx_word' id='word_1_302' title='bbox 712 2878 800 2924; x_wconf 86' lang='lat' dir='ltr'>nostr.</span> <span class='ocrx_word' id='word_1_303' title='bbox 817 2873 851 2925; x_wconf 92' lang='lat' dir='ltr'>ad</span> <span class='ocrx_word' id='word_1_304' title='bbox 866 2873 989 2926; x_wconf 85' lang='lat' dir='ltr'>lliusonii</span> <span class='ocrx_word' id='word_1_305' title='bbox 1004 2876 1100 2944; x_wconf 82' lang='lat' dir='ltr'>fragm.</span> <span class='ocrx_word' id='word_1_306' title='bbox 1115 2877 1142 2929; x_wconf 90' lang='lat' dir='ltr'>in</span> <span class='ocrx_word' id='word_1_307' title='bbox 1159 2878 1239 2929; x_wconf 87' lang='lat' dir='ltr'>Stud.</span> <span class='ocrx_word' id='word_1_308' title='bbox 1255 2878 1304 2930; x_wconf 81' lang='lat' dir='ltr'>lv,</span> <span class='ocrx_word' id='word_1_309' title='bbox 1322 2898 1350 2949; x_wconf 90' lang='lat' dir='ltr'>p.</span> <span class='ocrx_word' id='word_1_310' title='bbox 1369 2882 1426 2934; x_wconf 83' lang='lat'>130.</span> 
     </span>
     <span class='ocr_line' id='line_1_30' title="bbox 294 2957 1426 3033; baseline -0.002 -15"><span class='ocrx_word' id='word_1_311' title='bbox 294 2966 378 3018; x_wconf 91' lang='lat' dir='ltr'>Nunc</span> <span class='ocrx_word' id='word_1_312' title='bbox 395 2963 422 3015; x_wconf 91' lang='lat' dir='ltr'>in</span> <span class='ocrx_word' id='word_1_313' title='bbox 438 2959 561 3013; x_wconf 90' lang='lat' dir='ltr'>clausula</span> <span class='ocrx_word' id='word_1_314' title='bbox 575 2957 716 3011; x_wconf 88' lang='lat' dir='ltr'>Herodoto</span> <span class='ocrx_word' id='word_1_315' title='bbox 732 2957 873 3026; x_wconf 84' lang='lat' dir='ltr'>applicabo</span> <span class='ocrx_word' id='word_1_316' title='bbox 894 2957 961 3011; x_wconf 89' lang='lat' dir='ltr'>illud</span> <span class='ocrx_word' id='word_1_317' title='bbox 977 2958 1122 3014; x_wconf 88' lang='lat' dir='ltr'>Menandri</span> <span class='ocrx_word' id='word_1_318' title='bbox 1139 2964 1238 3032; x_wconf 63' lang='lat' dir='ltr'>poetae</span> <span class='ocrx_word' id='word_1_319' title='bbox 1258 2965 1332 3033; x_wconf 89' lang='lat' dir='ltr'>apud</span> <span class='ocrx_word' id='word_1_320' title='bbox 1348 2964 1426 3017; x_wconf 77' lang='lat' dir='ltr'>Stob.</span> 
     </span>
     <span class='ocr_line' id='line_1_31' title="bbox 294 3041 961 3114; baseline -0.009 -12"><span class='ocrx_word' id='word_1_321' title='bbox 294 3052 381 3104; x_wconf 85' lang='lat' dir='ltr'>Serm.</span> <span class='ocrx_word' id='word_1_322' title='bbox 400 3048 492 3102; x_wconf 78' lang='lat'>0163</span> <span class='ocrx_word' id='word_1_323' title='bbox 514 3043 569 3114; x_wconf 85' lang='lat' dir='ltr'>[vel</span> <span class='ocrx_word' id='word_1_324' title='bbox 585 3043 678 3113; x_wconf 89' lang='lat' dir='ltr'>potins</span> <span class='ocrx_word' id='word_1_325' title='bbox 693 3041 749 3093; x_wconf 92' lang='lat' dir='ltr'>Tit.</span> <span class='ocrx_word' id='word_1_326' title='bbox 763 3042 885 3112; x_wconf 81' lang='lat' dir='ltr'><strong>LXXIV,</strong></span> <span class='ocrx_word' id='word_1_327' title='bbox 906 3045 961 3112; x_wconf 92' lang='grc'><strong>11.]</strong></span> 
     </span>
    </p>
   </div>
   <div class='ocr_carea' id='block_1_3' title="bbox 500 3145 1194 3505">
    <p class='ocr_par' dir='ltr' id='par_1_3' title="bbox 501 3145 1194 3363">
     <span class='ocr_line' id='line_1_32' title="bbox 502 3145 1188 3236; baseline 0.001 -29"><span class='ocrx_word' id='word_1_328' title='bbox 502 3150 569 3214; x_wconf 81' lang='grc' dir='ltr'><strong><em>τοὺς</em></strong></span> <span class='ocrx_word' id='word_1_329' title='bbox 580 3155 631 3222; x_wconf 80' lang='grc' dir='ltr'>τῆς</span> <span class='ocrx_word' id='word_1_330' title='bbox 643 3156 795 3236; x_wconf 76' lang='grc' dir='ltr'><em>γαμετῆς</em></span> <span class='ocrx_word' id='word_1_331' title='bbox 809 3145 896 3219; x_wconf 78' lang='grc' dir='ltr'><strong><em>ὅρους</em></strong></span> <span class='ocrx_word' id='word_1_332' title='bbox 908 3146 1090 3222; x_wconf 78' lang='grc' dir='ltr'><strong><em>ὑπερβαίνεις</em></strong></span> <span class='ocrx_word' id='word_1_333' title='bbox 1106 3154 1188 3222; x_wconf 75' lang='grc' dir='ltr'><strong><em>γυναι</em></strong></span> 
     </span>
     <span class='ocr_line' id='line_1_33' title="bbox 502 3219 1194 3310; baseline 0.003 -32"><span class='ocrx_word' id='word_1_334' title='bbox 502 3219 756 3292; x_wconf 77' lang='grc' dir='ltr'>διάτὴναύλοὶν·</span> <span class='ocrx_word' id='word_1_335' title='bbox 771 3220 1194 3310; x_wconf 65' lang='lat' dir='ltr'>uloucpoiputitstocdaioo</span> 
     </span>
     <span class='ocr_line' id='line_1_34' title="bbox 501 3291 1071 3379; baseline -0.002 -30"><span class='ocrx_word' id='word_1_336' title='bbox 501 3293 638 3378; x_wconf 73' lang='grc' dir='ltr'>ἐλευθέρᾳ</span> <span class='ocrx_word' id='word_1_337' title='bbox 652 3293 797 3363; x_wconf 72' lang='grc' dir='ltr'><strong><em>γυναικὶ</em></strong></span> <span class='ocrx_word' id='word_1_338' title='bbox 811 3297 942 3379; x_wconf 67' lang='lat' dir='ltr'>canopico</span> <span class='ocrx_word' id='word_1_339' title='bbox 945 3291 1071 3359; x_wconf 57' lang='lat' dir='ltr'>’oleion</span> 
     </span>
    </p>

    <p class='ocr_par' dir='ltr' id='par_1_4' title="bbox 500 3349 1155 3505">
     <span class='ocr_line' id='line_1_35' title="bbox 502 3349 1116 3451; baseline 0.002 -34"><span class='ocrx_word' id='word_1_340' title='bbox 502 3362 565 3419; x_wconf 81' lang='lat' dir='ltr'>rod</span> <span class='ocrx_word' id='word_1_341' title='bbox 584 3349 746 3418; x_wconf 70' lang='lat' dir='ltr'>inidsoiaeav</span> <span class='ocrx_word' id='word_1_342' title='bbox 761 3366 803 3425; x_wconf 73' lang='grc' dir='ltr'>εἷς</span> <span class='ocrx_word' id='word_1_343' title='bbox 814 3382 842 3416; x_wconf 88' lang='grc' dir='ltr'>τε</span> <span class='ocrx_word' id='word_1_344' title='bbox 856 3365 914 3451; x_wconf 64' lang='lat' dir='ltr'>tipor</span> <span class='ocrx_word' id='word_1_345' title='bbox 923 3361 994 3418; x_wconf 82' lang='grc' dir='ltr'><strong><em>ὁδὸν</em></strong></span> <span class='ocrx_word' id='word_1_346' title='bbox 1007 3365 1116 3448; x_wconf 75' lang='grc' dir='ltr'><strong><em>τρέχειν</em></strong></span> 
     </span>
     <span class='ocr_line' id='line_1_36' title="bbox 500 3431 1166 3505; baseline 0.005 -17"><span class='ocrx_word' id='word_1_347' title='bbox 500 3431 788 3505; x_wconf 76' lang='grc' dir='ltr'><strong><em>ἔτιλοιὸορουμέοην</em></strong></span> <span class='ocrx_word' id='word_1_348' title='bbox 802 3433 889 3496; x_wconf 77' lang='grc' dir='ltr'><strong><em>κυνός</em></strong></span> <span class='ocrx_word' id='word_1_349' title='bbox 901 3434 944 3488; x_wconf 74' lang='lat' dir='ltr'>ior</span> <span class='ocrx_word' id='word_1_350' title='bbox 945 3433 1062 3503; x_wconf 76' lang='grc' dir='ltr'><strong><em>’,ἔργον</em></strong></span> <span class='ocrx_word' id='word_1_351' title='bbox 1070 3431 1166 3505; x_wconf 76' lang='grc' dir='ltr'><em>Ῥόδη</em></span> 
     </span>
    </p>
   </div>
   <div class='ocr_carea' id='block_1_4' title="bbox 289 3544 1426 3787">
    <p class='ocr_par' dir='ltr' id='par_1_5' title="bbox 289 3544 1426 3787">
     <span class='ocr_line' id='line_1_37' title="bbox 294 3544 1426 3617; baseline -0.005 -13"><span class='ocrx_word' id='word_1_352' title='bbox 294 3549 348 3603; x_wconf 86' lang='lat' dir='ltr'>Cui</span> <span class='ocrx_word' id='word_1_353' title='bbox 362 3548 421 3602; x_wconf 88' lang='lat' dir='ltr'>loco</span> <span class='ocrx_word' id='word_1_354' title='bbox 439 3545 551 3601; x_wconf 87' lang='lat' dir='ltr'>similem</span> <span class='ocrx_word' id='word_1_355' title='bbox 561 3546 685 3600; x_wconf 86' lang='lat' dir='ltr'>Philonis</span> <span class='ocrx_word' id='word_1_356' title='bbox 701 3547 735 3600; x_wconf 89' lang='lat' dir='ltr'>de</span> <span class='ocrx_word' id='word_1_357' title='bbox 746 3547 913 3617; x_wconf 89' lang='lat' dir='ltr'>specialibus</span> <span class='ocrx_word' id='word_1_358' title='bbox 928 3547 1037 3616; x_wconf 82' lang='lat' dir='ltr'>legibus</span> <span class='ocrx_word' id='word_1_359' title='bbox 1054 3549 1093 3617; x_wconf 88' lang='lat' dir='ltr'>[p.</span> <span class='ocrx_word' id='word_1_360' title='bbox 1106 3549 1167 3600; x_wconf 83' lang='lat'>803.</span> <span class='ocrx_word' id='word_1_361' title='bbox 1184 3546 1230 3614; x_wconf 71' lang='lat' dir='ltr'>Q]</span> <span class='ocrx_word' id='word_1_362' title='bbox 1246 3544 1339 3598; x_wconf 86' lang='lat' dir='ltr'>iunxit</span> <span class='ocrx_word' id='word_1_363' title='bbox 1353 3563 1426 3615; x_wconf 74' lang='lat' dir='ltr'>mag·</span> 
     </span>
     <span class='ocr_line' id='line_1_38' title="bbox 292 3631 1426 3701; baseline -0.002 -13"><span class='ocrx_word' id='word_1_364' title='bbox 292 3652 346 3689; x_wconf 89' lang='lat' dir='ltr'>nus</span> <span class='ocrx_word' id='word_1_365' title='bbox 373 3634 501 3688; x_wconf 87' lang='lat' dir='ltr'>Valesius</span> <span class='ocrx_word' id='word_1_366' title='bbox 527 3634 561 3685; x_wconf 91' lang='lat' dir='ltr'>ad</span> <span class='ocrx_word' id='word_1_367' title='bbox 586 3632 703 3686; x_wconf 82' lang='lat' dir='ltr'>Eusebii</span> <span class='ocrx_word' id='word_1_368' title='bbox 720 3633 827 3685; x_wconf 87' lang='lat' dir='ltr'>Histor.</span> <span class='ocrx_word' id='word_1_369' title='bbox 847 3633 994 3686; x_wconf 85' lang='lat' dir='ltr'>Constant.</span> <span class='ocrx_word' id='word_1_370' title='bbox 1006 3631 1060 3698; x_wconf 85' lang='lat' dir='ltr'>lv,</span> <span class='ocrx_word' id='word_1_371' title='bbox 1081 3637 1107 3684; x_wconf 90' lang='grc'>7.</span> <span class='ocrx_word' id='word_1_372' title='bbox 1134 3650 1161 3701; x_wconf 94' lang='lat' dir='ltr'>p.</span> <span class='ocrx_word' id='word_1_373' title='bbox 1177 3633 1243 3699; x_wconf 76' lang='lat'><strong>568,</strong></span> <span class='ocrx_word' id='word_1_374' title='bbox 1271 3631 1319 3684; x_wconf 90' lang='lat' dir='ltr'>ubi</span> <span class='ocrx_word' id='word_1_375' title='bbox 1346 3632 1426 3686; x_wconf 75' lang='lat' dir='ltr'>etiam</span> 
     </span>
     <span class='ocr_line' id='line_1_39' title="bbox 289 3712 805 3787; baseline -0.012 -12"><span class='ocrx_word' id='word_1_376' title='bbox 289 3720 431 3787; x_wconf 75' lang='grc' dir='ltr'><strong><em>οἰκουρίας</em></strong></span> <span class='ocrx_word' id='word_1_377' title='bbox 445 3720 549 3772; x_wconf 83' lang='lat' dir='ltr'>diserta</span> <span class='ocrx_word' id='word_1_378' title='bbox 564 3712 750 3784; x_wconf 78' lang='lat' dir='ltr'>mentio.‘⁴**)</span> <span class='ocrx_word' id='word_1_379' title='bbox 771 3749 805 3758; x_wconf 93' lang='lat'>-</span> 
     </span>
    </p>
   </div>
   <div class='ocr_carea' id='block_1_5' title="bbox 291 3915 1425 4124">
    <p class='ocr_par' dir='ltr' id='par_1_6' title="bbox 291 3915 1425 4124">
     <span class='ocr_line' id='line_1_40' title="bbox 360 3915 1425 3989; baseline -0.005 -17"><span class='ocrx_word' id='word_1_380' title='bbox 360 3922 390 3986; x_wconf 73' lang='lat'>¹⁸)</span> <span class='ocrx_word' id='word_1_381' title='bbox 405 3920 439 3989; x_wconf 81' lang='lat' dir='ltr'>[E</span> <span class='ocrx_word' id='word_1_382' title='bbox 452 3920 640 3972; x_wconf 82' lang='lat' dir='ltr'>Laurentiano</span> <span class='ocrx_word' id='word_1_383' title='bbox 650 3918 760 3982; x_wconf 82' lang='lat' dir='ltr'>codice</span> <span class='ocrx_word' id='word_1_384' title='bbox 784 3933 832 3983; x_wconf 86' lang='lat' dir='ltr'>qur</span> <span class='ocrx_word' id='word_1_385' title='bbox 843 3932 914 3969; x_wconf 88' lang='lat' dir='ltr'>unus</span> <span class='ocrx_word' id='word_1_386' title='bbox 936 3933 1053 3970; x_wconf 84' lang='lat' dir='ltr'>omnium</span> <span class='ocrx_word' id='word_1_387' title='bbox 1066 3916 1205 3979; x_wconf 82' lang='lat' dir='ltr'>codicum</span> <span class='ocrx_word' id='word_1_388' title='bbox 1227 3932 1275 3982; x_wconf 83' lang='lat' dir='ltr'>qur</span> <span class='ocrx_word' id='word_1_389' title='bbox 1288 3915 1425 3982; x_wconf 81' lang='lat' dir='ltr'>Apollonu</span> 
     </span>
     <span class='ocr_line' id='line_1_41' title="bbox 292 3986 1424 4069; baseline -0.007 -24"><span class='ocrx_word' id='word_1_390' title='bbox 292 3993 402 4045; x_wconf 80' lang='lat' dir='ltr'>Scholia</span> <span class='ocrx_word' id='word_1_391' title='bbox 413 3992 563 4052; x_wconf 86' lang='lat' dir='ltr'>continent,</span> <span class='ocrx_word' id='word_1_392' title='bbox 575 3990 637 4041; x_wconf 82' lang='lat' dir='ltr'>tons</span> <span class='ocrx_word' id='word_1_393' title='bbox 651 4004 712 4041; x_wconf 84' lang='lat' dir='ltr'>esee</span> <span class='ocrx_word' id='word_1_394' title='bbox 725 3988 890 4069; x_wconf 86' lang='lat' dir='ltr'>perhibetur,</span> <span class='ocrx_word' id='word_1_395' title='bbox 902 3987 969 4040; x_wconf 86' lang='lat' dir='ltr'>haec</span> <span class='ocrx_word' id='word_1_396' title='bbox 984 3988 1120 4040; x_wconf 78' lang='lat' dir='ltr'>verbosis</span> <span class='ocrx_word' id='word_1_397' title='bbox 1130 4003 1219 4068; x_wconf 87' lang='lat' dir='ltr'>nuper</span> <span class='ocrx_word' id='word_1_398' title='bbox 1230 3986 1318 4038; x_wconf 87' lang='lat' dir='ltr'>edidit</span> <span class='ocrx_word' id='word_1_399' title='bbox 1327 3987 1424 4039; x_wconf 87' lang='lat' dir='ltr'>Henri·</span> 
     </span>
     <span class='ocr_line' id='line_1_42' title="bbox 291 4047 1422 4124; baseline -0.009 -9"><span class='ocrx_word' id='word_1_400' title='bbox 291 4081 342 4115; x_wconf 88' lang='lat' dir='ltr'>ons</span> <span class='ocrx_word' id='word_1_401' title='bbox 356 4064 474 4115; x_wconf 83' lang='lat' dir='ltr'>Kallias.</span> <span class='ocrx_word' id='word_1_402' title='bbox 500 4052 620 4124; x_wconf 74' lang='grc' dir='ltr'><em>Δανάην</em></span> <span class='ocrx_word' id='word_1_403' title='bbox 637 4052 669 4109; x_wconf 76' lang='lat' dir='ltr'>di</span> <span class='ocrx_word' id='word_1_404' title='bbox 682 4056 836 4123; x_wconf 74' lang='grc' dir='ltr'><strong><em>καταφέρει</em></strong></span> <span class='ocrx_word' id='word_1_405' title='bbox 853 4072 906 4109; x_wconf 84' lang='grc' dir='ltr'>ουκ</span> <span class='ocrx_word' id='word_1_406' title='bbox 922 4075 960 4124; x_wconf 79' lang='grc' dir='ltr'>τῳ</span> <span class='ocrx_word' id='word_1_407' title='bbox 950 4055 1061 4108; x_wconf 75' lang='grc' dir='ltr'><strong><em>παιδὶ</em></strong></span> <span class='ocrx_word' id='word_1_408' title='bbox 1072 4049 1169 4108; x_wconf 73' lang='grc' dir='ltr'>ἐπὶ</span> <span class='ocrx_word' id='word_1_409' title='bbox 1139 4072 1191 4107; x_wconf 76' lang='lat' dir='ltr'>soa</span> <span class='ocrx_word' id='word_1_410' title='bbox 1203 4047 1262 4107; x_wconf 75' lang='lat' dir='ltr'>eisd</span> <span class='ocrx_word' id='word_1_411' title='bbox 1280 4053 1313 4107; x_wconf 83' lang='grc' dir='ltr'>τὸ</span> <span class='ocrx_word' id='word_1_412' title='bbox 1326 4051 1422 4121; x_wconf 70' lang='lat' dir='ltr'>enatos</span> 
     </span>
    </p>
   </div>
   <div class='ocr_carea' id='block_1_6' title="bbox 291 4126 1422 4269">
    <p class='ocr_par' dir='ltr' id='par_1_7' title="bbox 291 4126 1422 4269">
     <span class='ocr_line' id='line_1_43' title="bbox 291 4126 555 4197; baseline -0.019 -12"><span class='ocrx_word' id='word_1_413' title='bbox 291 4126 478 4196; x_wconf 72' lang='grc' dir='ltr'>Δὶοςβωμόν.</span> <span class='ocrx_word' id='word_1_414' title='bbox 496 4129 555 4197; x_wconf 70' lang='lat' dir='ltr'>Bm]</span> 
     </span>
     <span class='ocr_line' id='line_1_44' title="bbox 361 4189 1422 4269; baseline -0.008 -17"><span class='ocrx_word' id='word_1_415' title='bbox 361 4204 408 4268; x_wconf 68' lang='lat' dir='ltr'>ll¹¹³)</span> <span class='ocrx_word' id='word_1_416' title='bbox 424 4200 504 4269; x_wconf 77' lang='lat' dir='ltr'>[add.</span> <span class='ocrx_word' id='word_1_417' title='bbox 521 4201 631 4266; x_wconf 83' lang='lat' dir='ltr'>Synssii</span> <span class='ocrx_word' id='word_1_418' title='bbox 650 4198 739 4250; x_wconf 85' lang='lat' dir='ltr'>locnrn</span> <span class='ocrx_word' id='word_1_419' title='bbox 760 4198 794 4250; x_wconf 88' lang='lat' dir='ltr'>de</span> <span class='ocrx_word' id='word_1_420' title='bbox 816 4189 1201 4264; x_wconf 80' lang='lat' dir='ltr'>provid.p.1050‚qnen1</span> <span class='ocrx_word' id='word_1_421' title='bbox 1220 4196 1256 4247; x_wconf 82' lang='lat' dir='ltr'>ed</span> <span class='ocrx_word' id='word_1_422' title='bbox 1278 4196 1422 4248; x_wconf 76' lang='lat' dir='ltr'>Menandri</span> 
     </span>
    </p>
   </div>
   <div class='ocr_carea' id='block_1_7' title="bbox 290 4264 1423 4478">
    <p class='ocr_par' dir='ltr' id='par_1_8' title="bbox 290 4264 1423 4478">
     <span class='ocr_line' id='line_1_45' title="bbox 290 4264 1423 4347; baseline -0.01 -21"><span class='ocrx_word' id='word_1_423' title='bbox 290 4275 377 4326; x_wconf 80' lang='lat' dir='ltr'>verbs</span> <span class='ocrx_word' id='word_1_424' title='bbox 402 4281 465 4339; x_wconf 86' lang='lat' dir='ltr'>apte</span> <span class='ocrx_word' id='word_1_425' title='bbox 486 4272 583 4323; x_wconf 80' lang='lat' dir='ltr'>attulit</span> <span class='ocrx_word' id='word_1_426' title='bbox 597 4270 721 4322; x_wconf 83' lang='lat' dir='ltr'>Mainake</span> <span class='ocrx_word' id='word_1_427' title='bbox 741 4267 863 4334; x_wconf 81' lang='lat' dir='ltr'>(Fragm.</span> <span class='ocrx_word' id='word_1_428' title='bbox 880 4269 998 4319; x_wconf 83' lang='lat' dir='ltr'>Gomioc.</span> <span class='ocrx_word' id='word_1_429' title='bbox 1017 4269 1067 4318; x_wconf 94' lang='grc'>117</span> <span class='ocrx_word' id='word_1_430' title='bbox 1077 4282 1115 4347; x_wconf 88' lang='lat' dir='ltr'>·p.</span> <span class='ocrx_word' id='word_1_431' title='bbox 1137 4264 1225 4332; x_wconf 86' lang='grc'><strong>141).</strong></span> <span class='ocrx_word' id='word_1_432' title='bbox 1244 4282 1327 4317; x_wconf 86' lang='lat' dir='ltr'>unam</span> <span class='ocrx_word' id='word_1_433' title='bbox 1351 4266 1423 4318; x_wconf 86' lang='lat' dir='ltr'>enim</span> 
     </span>
     <span class='ocr_line' id='line_1_46' title="bbox 291 4326 1422 4403; baseline -0.008 -9"><span class='ocrx_word' id='word_1_434' title='bbox 291 4343 412 4395; x_wconf 86' lang='lat' dir='ltr'>mnlisris</span> <span class='ocrx_word' id='word_1_435' title='bbox 428 4344 556 4394; x_wconf 85' lang='lat' dir='ltr'>virtutem</span> <span class='ocrx_word' id='word_1_436' title='bbox 572 4357 632 4392; x_wconf 86' lang='lat' dir='ltr'>oses</span> <span class='ocrx_word' id='word_1_437' title='bbox 650 4340 770 4392; x_wconf 76' lang='lat' dir='ltr'>affirmat</span> <span class='ocrx_word' id='word_1_438' title='bbox 788 4339 918 4403; x_wconf 85' lang='lat' dir='ltr'>Synesiue</span> <span class='ocrx_word' id='word_1_439' title='bbox 932 4334 963 4388; x_wconf 84' lang='grc' dir='ltr'>τὸ</span> <span class='ocrx_word' id='word_1_440' title='bbox 977 4332 1048 4401; x_wconf 72' lang='grc' dir='ltr'>μήτε</span> <span class='ocrx_word' id='word_1_441' title='bbox 1059 4330 1091 4388; x_wconf 77' lang='grc' dir='ltr'>τὸ</span> <span class='ocrx_word' id='word_1_442' title='bbox 1109 4333 1189 4400; x_wconf 78' lang='grc' dir='ltr'><strong><em>σῶμα</em></strong></span> <span class='ocrx_word' id='word_1_443' title='bbox 1200 4326 1269 4401; x_wconf 81' lang='grc' dir='ltr'>μήτε</span> <span class='ocrx_word' id='word_1_444' title='bbox 1285 4330 1317 4385; x_wconf 85' lang='grc' dir='ltr'>τὸ</span> <span class='ocrx_word' id='word_1_445' title='bbox 1329 4350 1422 4400; x_wconf 74' lang='lat' dir='ltr'>osopo</span> 
     </span>
     <span class='ocr_line' id='line_1_47' title="bbox 291 4400 806 4478; baseline -0.008 -15"><span class='ocrx_word' id='word_1_446' title='bbox 291 4404 381 4478; x_wconf 68' lang='lat' dir='ltr'>stirpe</span> <span class='ocrx_word' id='word_1_447' title='bbox 395 4409 531 4478; x_wconf 75' lang='grc' dir='ltr'><strong><em>διαβῆναι</em></strong></span> <span class='ocrx_word' id='word_1_448' title='bbox 547 4404 600 4477; x_wconf 77' lang='grc' dir='ltr'>τὴν</span> <span class='ocrx_word' id='word_1_449' title='bbox 611 4400 721 4462; x_wconf 77' lang='lat' dir='ltr'>notros.</span> <span class='ocrx_word' id='word_1_450' title='bbox 743 4407 806 4475; x_wconf 66' lang='lat' dir='ltr'>Bm]</span> 
     </span>
    </p>
   </div>
   <div class='ocr_carea' id='block_1_8' title="bbox 754 4549 951 4561">
    <p class='ocr_par' dir='ltr' id='par_1_9' title="bbox 754 4549 951 4561">
     <span class='ocr_line' id='line_1_48' title="bbox 754 4549 951 4561; baseline 0.005 -1"><span class='ocrx_word' id='word_1_451' title='bbox 754 4549 951 4561; x_wconf 66' lang='grc' dir='ltr'>’.ι-.-</span> 
     </span>
    </p>
   </div>
   <div class='ocr_carea' id='block_1_9' title="bbox 0 0 1554 5175">
    <p class='ocr_par' dir='ltr' id='par_1_10' title="bbox 0 0 1554 5175">
     <span class='ocr_line' id='line_1_49' title="bbox 0 0 1554 5175; baseline 0 2"><span class='ocrx_word' id='word_1_452' title='bbox 0 0 1554 5175; x_wconf 95' lang='lat' dir='ltr'> </span> 
     </span>
    </p>
   </div>
  </div>
 </body>
</html>
