3100 5175
511 487 688 548 ERATO.
713 489 767 548 vl.
788 501 909 552 λεδ-εῖτ.
1217 487 1273 549 341

140 658 287 749 τοπάτην
307 659 467 746 γενέσθαι
488 662 544 728 καὶ
564 664 600 730 έκ
621 661 742 731 τούτου
761 667 918 751 μανηναι.
962 663 1103 743 Σκύθας
1123 661 1278 752 γάρ’τούς

139 765 305 851 νομάδας,
331 766 408 831 έπεί
425 791 461 832 τε
480 786 540 850 σφι
558 778 707 853 Δαρεῖον
730 767 887 854 έσβαλεῖν
907 770 939 846 ές
961 764 1022 855 τήν
1041 767 1172 855 χύρην,
1194 765 1276 857 μετὰ

139 873 244 936 ταῦτα
273 869 455 955 μεμονέναι
481 896 540 954 μιν
565 877 737 939 τίσασθαι·
772 873 967 958 πέμψαντας
995 871 1033 939 δὲ
1060 875 1092 949 ές
1114 871 1276 959 Σπάρτην

139 978 332 1060 συμμαχίην
350 997 386 1038 τε
407 975 582 1041 ποιέεσθαι
602 974 656 1040 καὶ
670 980 914 1057 συντίθεσθαι,
936 967 980 1052 ὡς
999 972 1108 1061 χρεῶν
1122 984 1189 1061 εἴη,
1213 970 1273 1042 αύ-

138 1072 216 1153 τούς
229 1074 294 1161 μέν
307 1071 385 1152 τούς
398 1075 539 1155 Σκύθας
553 1072 643 1161 παρά
654 1080 763 1145 Φᾶσιν
778 1075 926 1164 ποταμὸν
939 1082 1061 1163 πειρᾶν
1075 1080 1107 1156 ές
1120 1075 1183 1164 τήν
1197 1085 1273 1164 Μη-

139 1174 240 1265 δικήν
261 1179 433 1265 ἐσβαλεῖν,
455 1181 560 1263 σφέας
581 1179 617 1248 δέ
638 1177 715 1258 τούς
729 1180 943 1268 Σπαρτιήτας
956 1179 1109 1250 κελεύειν
1124 1183 1157 1262 ἐξ
1177 1176 1272 1267 ’Epo'-

139 1302 201 1349 oov
223 1275 458 1369 ὁρμεωμένονς
476 1278 691 1369 ἀναβαίνειν,
712 1285 768 1351 καὶ
789 1289 903 1351 ἔπειτα
924 1287 957 1362 ές
982 1280 1089 1352 τώυτὸ
1108 1280 1272 1351 ἀπαντᾶν.

140 1386 331 1471 Κλεομένεα
345 1384 383 1452 δὲ
397 1385 548 1471 λέγουσι,
567 1381 719 1473 ἡκόντων
731 1393 800 1456 τῶν
814 1392 983 1456 Σκυθέων
996 1388 1051 1455 ἐπὶ
1063 1391 1183 1470 ταῦτα,
1200 1381 1272 1473 ὁμι·

139 1490 228 1556 λέειν
241 1507 304 1572 σφι
326 1486 488 1574 μεζόνως,
508 1482 684 1575 ὁμιλέοντα
706 1491 890 1578 δὲμᾶλλον
911 1494 972 1559 τού
990 1493 1191 1576 ίκνευμένου
1211 1516 1272 1576 μα-

139 1601 218 1659 θεῖν
231 1587 294 1677 τὴν
307 1587 555 1679 ἀκρητοποσίην
567 1589 647 1678 παρ’
663 1589 776 1663 αὐτῶν
788 1616 795 1630 ·
819 1597 856 1660 έκ
869 1594 989 1662 τούτου
1003 1592 1039 1661 δὲ
1053 1597 1203 1681 μανῆναί
1213 1619 1273 1679 μιν

139 1700 309 1782 νομιζουσι
325 1699 544 1782 Σπαρτιῆται.
581 1701 618 1762 ἔκ
633 1722 668 1763 τε
682 1696 800 1783 τόσου,
820 1690 864 1776 ὡς
881 1694 975 1764 αὐτοὶ
990 1699 1142 1781 λέγουσι,
1169 1691 1273 1764 ἐπεάν

138 1796 323 1884 ζωρότερον
342 1797 530 1884 βούλωνται
553 1814 661 1884 πιεῖν,
690 1797 913 1868 ἐπισκύθισον
934 1801 1078 1886 λέγουσι.
1119 1793 1207 1866 οὕτω
1230 1795 1272 1883 δή

137 1904 348 1987 Σπαρτιῆται
369 1897 410 1969 τά
424 1903 500 1992 περὶ
514 1905 706 1990 Κλεομένεα
724 1905 869 1989 λέγουσι.
906 1900 995 1990 Ἐμοὶ
1011 1901 1047 1970 δὲ
1061 1902 1169 1970 δοκέει
1184 1907 1272 1968 τίσιν

137 2004 263 2090 ταύτην
276 1998 294 2071 ὁ
313 2006 504 2092 Κλεομένης
519 2006 708 2097 Δημαρήτῳ
722 2008 858 2075 ἐκτῖσαι.
999 1995 1011 2009 ’

219 2104 485 2194 Τελευτήσαντος
514 2109 551 2176 δὲ
572 2112 794 2197 Κλεομένεος,
823 2105 867 2188 ὡς
891 2107 1059 2176 ἐπύθοντο
1081 2111 1268 2193 Αἰγινῆται,
1277 2107 1316 2168 85

137 2314 195 2364 siue
205 2311 305 2363 medici
316 2317 464 2378 prsecepto
474 2328 575 2363 merum
587 2315 679 2365 vinum
730 2312 781 2365 τοῦ
802 2309 970 2378 ίκνευμὲνοα
988 2314 1019 2378 (i.
1038 2329 1061 2363 e.
1080 2313 1172 2377 noph,
1197 2326 1269 2375 ηααιιι

137 2383 285 2434 bibissent:
317 2383 372 2434 vid.
400 2384 560 2433 testimonis
593 2384 679 2436 aliato
727 2401 780 2448 pur
797 2393 869 2448 erat,
894 2382 1017 2446 convenit)
1041 2382 1113 2433 oouf.
1140 2384 1209 2433 nott.
1234 2380 1269 2430 ud

137 2451 679 2588 {hghefifmllxhherlililohhlhtrhhhbffrbaerhgm
729 2455 853 2572 γΙ’ἔνδῧτέ
876 2514 972 2586 τόσον]
1001 2523 1053 2570 Pro
1073 2519 1186 2584 vulgatu
1207 2515 1268 2579 τού,

138 2593 183 2659 qui
196 2607 298 2642 merum
313 2592 437 2642 biberent
450 2594 555 2655 viuum,
575 2595 680 2658 prseei-
730 2610 810 2659 quam
828 2598 942 2645 reeentt.
962 2590 1022 2643 edd.
1043 2590 1224 2647 retinuerunt,
1253 2604 1267 2638 e

137 2678 188 2728 pue
199 2660 318 2726 Scythes
337 2661 447 2713 habitos
465 2678 540 2726 esse,
559 2664 602 2714 vei
619 2664 679 2714 Ple·
727 2663 886 2714 Florentino
896 2663 989 2713 codice
997 2661 1182 2723 aliisqueeum
1189 2658 1268 2707 Gnis-

137 2735 211 2782 tonis
230 2731 308 2781 loeus
323 2732 429 2782 iudicet
439 2734 482 2782 Ds
493 2732 561 2797 leggv
579 2734 600 2783 Ι.
614 2749 676 2798 pag.
728 2733 817 2783 sordio
831 2732 940 2795 reposui
954 2723 1056 2791 τόσον,
1071 2733 1102 2778 ut
1113 2729 1147 2788 V,
1159 2728 1208 2785 88,
1222 2725 1268 2775 ubi

136 2802 232 2864 6373,
252 2800 301 2850 ubi
319 2801 439 2866 Scythae
458 2801 619 2852 etThrsees
638 2803 678 2851 di·
728 2803 784 2854 vid.
812 2801 894 2852 Valet
909 2800 993 2849 enim:
1017 2799 1050 2847 ab
1069 2800 1112 2848 ι’ίλο
1134 2797 1193 2845 inde
1210 2804 1268 2845 tem·

137 2876 236 2921 cuntur
254 2860 367 2937 ἀκράτῳ
386 2867 548 2919 παντάπασι
572 2865 678 2936 χρύμε-
725 2887 797 2935 pore.
818 2899 848 2907 -
871 2872 925 2921 Pro
942 2860 1097 2931 ζωρότερον
1114 2864 1270 2916 Athenaeus

137 2955 192 3003 ¹⁴⁰1,
206 2934 338 3003 γυναῖκές
351 2953 379 2988 τε
391 2937 436 2987 καὶ
451 2931 549 2995 αὗτοίι
562 2941 678 3007 indeque
727 2942 744 2992 1,
760 2940 776 2988 l.
791 2945 874 3004 utque
887 2937 1048 2989 Eustuthius
1062 2935 1097 2987 sd
1112 2935 1155 2987 lii.
1169 2950 1196 2998 p.
1207 2935 1267 2995 746,

137 3005 272 3071 Σκυθικὴ
287 3002 372 3065 πόσις
387 3008 571 3075 opudPoiiuo.
587 3010 606 3060 l.
618 3011 636 3062 l.
651 3017 678 3062 et
727 3012 761 3061 40
778 3027 800 3059 s.
813 3011 880 3069 644,
897 3010 931 3059 43
947 3007 1105 3057 Herodoteu
1124 3007 1269 3067 tangentes

137 3095 208 3145 quae
222 3079 278 3130 slis
292 3078 372 3129 offert
385 3081 482 3145 Bsyer.
496 3080 525 3129 in
538 3081 678 3131 Commen-
728 3080 845 3128 offerunt
854 3069 1073 3138 ἅκρατέττερον;
1093 3089 1146 3138 quo
1159 3075 1218 3137 ipso
1228 3071 1269 3122 sl-

137 3154 200 3199 tstt.
218 3147 350 3199 Aoedem.
368 3147 529 3214 Petropolit.
545 3150 599 3200 ΙΙΙ.
613 3166 677 3216 pag,
727 3150 813 3199 terius
837 3145 963 3198 vocabuli
986 3148 1028 3196 vis
1049 3161 1080 3194 eo
1105 3143 1182 3192 notio
1198 3142 1267 3192 sutis

136 3218 187 3269 330
201 3234 260 3283 seq·
727 3218 867 3269 commode
887 3216 1037 3282 explicetur
1056 3219 1083 3263 et
1103 3211 1266 3266 declaretur.

170 3280 336 3352 μεμονέναι]
361 3287 380 3336 ἰ.
400 3304 423 3336 ε.
445 3287 469 3335 in
489 3287 592 3335 auruum
608 3286 678 3336 indu·
727 3291 766 3338 Αο
778 3287 858 3351 vulgo
869 3285 995 3351 supplent
1005 3276 1095 3347 οἶνον,
1106 3281 1267 3333 conhbsm-

135 3360 215 3409 πίνει.
255 3358 316 3418 Quo
338 3356 421 3407 verbo
443 3357 532 3420 poetis
556 3356 678 3420 antiquis
728 3359 797 3407 bert.
811 3359 874 3406 Bos.
890 3358 933 3407 De
945 3355 1048 3418 siiipss.
1066 3367 1127 3418 pag.
1143 3351 1193 3402 347
1208 3366 1265 3414 seq.

135 3429 239 3479 usitsto
255 3428 381 3489 inpetres,
401 3427 550 3476 desiderium
564 3425 678 3489 exprimi
728 3428 800 3476 Hine
819 3432 892 3477 reete
914 3428 1141 3489 interpretentur:
1168 3422 1267 3485 quondo

136 3498 203 3547 bene
219 3498 329 3546 notavit
348 3495 508 3559 Wesseling.
549 3496 600 3544 Est
624 3511 678 3546 vox
727 3513 818 3545 nicrum
828 3513 849 3548 s.
860 3498 983 3546 πετραῖαι
992 3494 1077 3544 hibere
1087 3494 1179 3541 volunt.
1203 3489 1266 3538 vid.

135 3568 292 3626 Homerico,
306 3581 386 3631 quem
400 3565 471 3628 apud
480 3565 625 3613 Homerum
637 3565 678 3613 in·
727 3568 838 3616 Homer.
850 3565 894 3615 Ili.
906 3565 954 3626 IX,
964 3564 1023 3613 2021.
1035 3562 1148 3613 Lucisu.
1158 3561 1267 3609 Timon.

134 3637 258 3686 finitivus
268 3634 592 3700 pierumqneexeipit,vei
601 3649 678 3698 pree·
727 3640 751 3697 §-
766 3636 808 3686 54.
831 3635 959 3697 Dialogg.
979 3634 1125 3682 biortuorr.
1139 3630 1154 3678 7
1176 3629 1267 3693 ibique

135 3706 221 3757 sentis
234 3710 264 3756 et
276 3706 361 3754 futuri
375 3704 417 3753 vei
431 3706 514 3753 etism
527 3704 632 3765 norisii,
647 3709 677 3754 ut
729 3704 859 3755 Solunum
880 3710 908 3754 et
927 3701 1161 3754 Hemsterhusium
1178 3700 1211 3748 T.
1227 3698 1266 3747 11.

135 3776 185 3827 boo
198 3776 274 3833 looo;
293 3773 348 3825 vid.
361 3773 401 3822 lli.
412 3776 445 3833 V,
456 3774 516 3825 482.
528 3773 605 3835 XIII,
616 3773 677 3836 307,
727 3789 790 3839 pag.
806 3774 856 3825 437
867 3789 925 3839 seq.
937 3774 979 3823 ed.
991 3772 1099 3835 Ripout.
1126 3770 1180 3820 Pro
1191 3766 1266 3831 vulg.

136 3862 169 3896 ue
182 3844 275 3910 pluro:
295 3843 329 3892 de
340 3845 400 3907 ipso
411 3843 493 3893 verbo
504 3843 617 3907 eiusque
631 3843 677 3893 de·
727 3839 818 3893 πιέειν
832 3843 894 3892 dedi
908 3844 1000 3903 πιεῖν,
1017 3840 1088 3904 quod
1103 3836 1266 3890 Euststbins

135 3916 273 3965 rivetioue
287 3913 359 3964 conf.
372 3910 549 3963 Doederlein:
565 3913 675 3963 Homer.
727 3918 755 3963 et
781 3912 938 3963 Athenaeus
964 3910 1108 3975 praebent,
1142 3907 1268 3971 quodque

136 3985 257 4035 (iiossnr.
268 3983 290 4032 1.
305 3998 366 4046 pag.
378 3980 409 4031 91
422 3987 449 4032 et
461 3983 618 4032 Buttmann.
630 3984 676 4034 Gr.
728 3997 821 4031 omues
842 3980 905 4030 iibri
926 3985 1000 4029 reete
1018 3982 1112 4027 teuent
1133 3977 1185 4037 IV,
1205 3975 1265 4026 172.

136 4056 198 4105 usui.
218 4054 257 4103 ΙΙ.
276 4067 339 4117 pag.
366 4050 422 4101 188.
456 4052 584 4116 Moxpro
601 4051 674 4115 vulg.
726 4046 1059 4113 Vid.Bredov.peg.327.
1090 4042 1268 4107 Quodsequi·

135 4115 218 4188 χρεὸν
235 4120 299 4172 dedi
313 4115 403 4184 χρεών
422 4121 489 4185 (vid.
506 4125 577 4172 nott.
593 4121 627 4170 sd
643 4123 677 4176 V,
727 4124 772 4169 tur
788 4108 978 4167 έπισκύθισον
993 4122 1047 4166 est:
1067 4114 1183 4179 Scythico
1198 4128 1267 4162 more

135 4192 195 4259 49),
213 4194 335 4255 itemque
349 4190 447 4254 scripsi
460 4181 554 4238 αύτιᾶν
565 4205 614 4253 pro
629 4178 678 4236 αύ-
725 4189 860 4252 infundas,
884 4187 963 4237 bibas.
1001 4185 1117 4248 tetigit,
1140 4186 1266 4232 mouente

135 4259 213 4313 τέοον.
226 4288 260 4298 ·-
276 4260 394 4312 Verbum
407 4250 575 4324 άναβαίνειν
592 4258 625 4310 de
643 4258 676 4306 iis
728 4260 793 4319 Cn,
813 4260 900 4309 biurx.
917 4257 952 4305 sd
970 4253 1072 4318 Ephori
1093 4254 1216 4316 fragium.
1237 4266 1263 4315 p.

136 4331 206 4395 diei,
228 4330 276 4396 qui
299 4347 333 4380 ex
347 4329 430 4381 Asiae
447 4328 559 4378 minoris
580 4344 628 4378 ors
648 4329 677 4376 in
726 4327 787 4378 243.
816 4328 945 4376 Extremo
962 4324 1042 4374 buius
1056 4322 1155 4386 eapitis
1170 4320 1264 4384 verbo,

135 4403 288 4467 superiores
300 4406 383 4463 utque
392 4399 535 4449 interiores
544 4398 627 4448 Asiae
637 4413 679 4447 re-
727 4396 821 4446 eodem
836 4396 883 4446 Cr.
898 4398 1038 4457 monente,
1055 4393 1151 4455 sttigit
1166 4392 1267 4441 Busta-

135 4474 228 4537 gioues
241 4472 295 4520 iter
305 4469 421 4528 fuciunt,
436 4482 544 4518 mouere
555 4470 602 4517 vix
612 4467 678 4516 etti·
726 4465 800 4515 thius
820 4465 854 4516 sd
875 4464 972 4530 Odyss.
989 4464 1011 4516 1.
1029 4479 1092 4529 psg.
1109 4463 1158 4524 29,
1172 4460 1203 4511 ³1
1221 4459 1264 4513 ed.

134 4548 187 4593 net.
217 4536 603 4602 cf‚vss‚3.oibiquen0st.
635 4535 677 4586 Ad
725 4535 811 4585 Busii.
