3100 5175
480 379 843 442 TERPSICHORE.
867 382 903 442 V.
927 392 953 443 2.
971 394 997 446 3.
1287 387 1306 446 b

163 547 387 639 ἡμερούμενος
406 555 547 640 βασιλέϊ
553 574 559 587 ·
598 558 702 624 ταῦτα
729 553 793 644 γάρ
820 561 857 626 oc
879 558 1052 627 ἐντέταλτο
1080 563 1116 629 ἐκ
1143 569 1304 651 Δαρειόν,

164 663 310 746 Θρηΐκην
323 659 629 745 καταστρέφεσθαι.

238 768 399 849 Θρηῑκων
414 761 453 830 δὲ
467 768 570 842 ἔθνος
582 760 740 850 μέγιστόν
753 764 822 831 ε’στι
830 815 840 849 ,
857 762 940 851 μετά
953 792 992 852 γε
1010 761 1150 855 Ἰνδοὺς,
1166 767 1328 837 adoranti

163 965 271 1028 praeter
290 961 418 1012 Indicam
441 962 562 1013 omnium
584 962 711 1029 trequen-
763 978 815 1027 que
828 966 970 1029 opposita,
990 968 1196 1019 utValckeuar.
1211 970 1303 1020 existi·

162 1032 283 1094 tissima,
299 1036 331 1081 ut
346 1031 491 1081 Herodoto
503 1038 578 1082 certe
589 1034 708 1095 videtur,
761 1038 832 1098 mat,
854 1033 925 1085 bunc
942 1051 1049 1101 quoque
1066 1038 1155 1088 locum
1169 1038 1302 1089 adiiciens

160 1104 284 1166 sequitur
293 1101 440 1165 digressio,
450 1101 533 1152 solito
543 1105 580 1153 sit
591 1103 708 1154 brevior.
759 1102 823 1154 aliis
832 1105 921 1169 iisque
933 1106 1034 1169 multis,
1049 1108 1167 1173 „quibus
1179 1123 1257 1159 suum
1267 1110 1302 1159 ab

161 1172 238 1232 Quod
260 1171 387 1235 pluribus
410 1187 444 1220 ex
468 1175 559 1222 causis
584 1173 641 1222 lieri
660 1188 708 1238 po·
758 1171 892 1224 historiae
911 1181 989 1239 patre
1009 1177 1162 1228 dissensum
1181 1178 1302 1243 (Thucy-

161 1241 245 1290 tuisse
273 1241 346 1291 idem
372 1242 504 1291 observat
526 1242 706 1293 Dahlrnuun.:
758 1241 846 1309 didas)
866 1243 989 1297 aemulus
1006 1263 1060 1298 non
1079 1248 1198 1298 noluerit
1219 1249 1301 1312 signi·

161 1312 218 1360 sire
233 1311 306 1375 quod
317 1309 438 1360 Thracia
452 1311 597 1374 maritima,
609 1328 705 1378 exque
757 1311 910 1364 ficetum“:
943 1319 1090 1367 tenendum
1114 1325 1157 1368 est
1180 1318 1300 1368 Herodo-

160 1380 368 1431 htheniensium
389 1381 564 1432 inditionem
581 1392 706 1447 venerat,
758 1387 828 1433 team
851 1383 997 1435 Thraciam
1017 1387 1195 1452 Thucydideti
1216 1390 1299 1439 multo

161 1450 258 1501 melius
269 1452 324 1499 iam
334 1450 450 1501 Graecis
462 1451 632 1504 innotescere
643 1468 705 1503 coe·
756 1452 915 1517 ampliorem
933 1457 1075 1521 magisque
1096 1463 1237 1508 extensam
1255 1474 1300 1508 co·

160 1522 243 1586 perit,
269 1521 331 1570 sive
344 1521 417 1584 quod
437 1521 466 1570 iu
484 1523 706 1573 mediaThracia
755 1523 841 1587 gitari
852 1524 949 1575 debere
961 1527 995 1575 ob
1008 1542 1076 1592 eam,
1092 1542 1173 1592 quam
1186 1527 1219 1577 de
1232 1528 1299 1578 istri

160 1594 222 1655 post
233 1590 315 1639 Darii
330 1589 436 1640 demum
451 1595 573 1656 tempora
586 1593 704 1657 Odrysa·
755 1608 837 1644 cursu
847 1593 947 1644 Noster
956 1595 1061 1659 habuit,
1073 1598 1238 1661 opinionem,
1250 1596 1300 1647 fel-

158 1676 215 1710 rum
231 1675 348 1724 regnum
364 1661 521 1711 exstiterit:
543 1662 577 1712 de
595 1678 648 1728 quo
661 1679 704 1712 ex·

159 1745 261 1795 ponere
283 1731 331 1779 hic
350 1729 460 1795 longum
485 1731 551 1796 luit,
579 1747 704 1797 praescr-

158 1802 205 1850 tim
221 1817 284 1851 cum
301 1801 407 1865 incepti
423 1801 513 1865 operis
524 1804 596 1852 ratio
608 1808 705 1867 sponte

157 1871 320 1935 scriptorem
335 1871 556 1937 insequentibus
577 1888 608 1922 eo
623 1873 706 1923 dedu·

157 1957 217 1991 cere
236 1941 388 1992 videretur.
426 1941 541 1992 Accedit
563 1943 635 2007 quod
649 1943 705 1993 He-

157 2011 270 2062 rodotus
285 2011 442 2061 remotioris
457 2010 593 2062 Thraciae
610 2018 704 2077 partes

158 2082 266 2131 minime
276 2082 337 2145 ipse
348 2079 572 2145 perlustraverat,
588 2098 638 2132 nec
649 2098 703 2133 om-

159 2151 221 2201 nino
244 2151 329 2201 ullam
351 2151 550 2202 accuratiorem
575 2153 703 2203 notitiam

159 2222 277 2282 gentium
307 2219 343 2270 ad
374 2221 477 2271 Istrum
509 2221 701 2286 habitantium,

159 2291 269 2341 Graecis
281 2291 328 2342 rix
343 2292 504 2341 accuratius
519 2294 701 2357 cognitarum,

159 2359 284 2412 habuisse
299 2361 420 2411 videtur.

192 2427 323 2494 Θρηΐκην
338 2425 601 2494 καταστρέφεσθαι]
624 2430 701 2480 Haec

159 2501 239 2551 verba
259 2519 273 2552 c
293 2500 462 2565 glossemate
483 2505 595 2564 recepta
617 2499 701 2550 deleri

159 2570 216 2621 uult
228 2569 342 2623 hiohler.
358 2571 388 2620 in
400 2570 573 2636 Mnemosyn.
588 2572 620 2624 V.
636 2585 699 2636 pag.

158 2642 203 2704 66,
221 2642 268 2692 cui
279 2642 327 2707 qui
342 2641 528 2704 assentiatur,
545 2641 591 2691 vix
609 2657 700 2706 quem-

157 2726 235 2777 quam
248 2711 307 2762 iore
319 2711 460 2761 existimo.

357 2883 425 2934 Car,
444 2881 498 2933 111.

189 2980 325 3050 Θρηΐκιον
341 2980 374 3034 δὲ
390 2977 480 3040 ἔθνος
495 2976 623 3049 μέγιστόν
642 2973 699 3033 ἔστι

158 3072 181 3106 ι.
193 3072 216 3105 τ.
230 3056 265 3122 t]
282 3057 423 3107 Thracum
436 3059 559 3119 gentem,
576 3056 700 3119 exceptis

157 3127 246 3189 ludis,
276 3128 400 3177 omnium
427 3125 572 3175 maximam
599 3124 700 3174 babuit

157 3196 325 3247 Herodotus:
358 3196 404 3262 qui
424 3193 545 3244 Thraces
570 3195 594 3243 si
618 3196 700 3247 unius

157 3269 266 3332 imperio
284 3266 434 3317 concordes
448 3269 621 3329 regerentur,
644 3280 699 3313 om·

156 3341 229 3388 nium
245 3336 351 3387 iudicat
369 3350 428 3386 esse
445 3334 611 3386 firmissimos
628 3334 700 3383 invi-

157 3413 278 3473 ctosque.
316 3407 395 3469 Quae
414 3403 509 3469 procul
526 3405 610 3455 dubio
629 3405 701 3453 Pau·

157 3479 249 3529 maiae
276 3475 495 3527 obversabantur
527 3473 572 3539 (ut
598 3474 700 3524 dudum

157 3548 261 3597 monuit
281 3543 508 3609 Valckenarius),
540 3544 607 3594 baec
632 3544 700 3593 scri·

157 3617 232 3668 beati
243 3618 272 3675 I,
290 3618 317 3669 9.
331 3619 356 3678 5.
371 3617 402 3668 δε
421 3610 544 3682 Θρᾳκῶν
558 3609 615 3663 ταῖν
629 3606 701 3662 πάν-

755 1677 813 1711 sam
827 1678 910 1726 sane,
933 1665 980 1716 sed
1002 1681 1055 1731 qua
1075 1665 1176 1717 iactum
1194 1671 1249 1730 est,
1267 1672 1299 1717 ut

757 1731 904 1782 Thraciam
917 1735 963 1785 ille
974 1736 1060 1786 multo
1074 1736 1203 1796 ulterius,
1216 1752 1298 1803 quam

756 1817 854 1852 revera
877 1804 943 1866 fuit,
970 1808 1183 1870 septentrionem
1202 1822 1298 1858 versus

756 1879 930 1936 promoveret
939 1875 1079 1942 ipsiusque
1089 1877 1219 1942 Scythiae
1233 1891 1299 1941 qaa-

756 1942 862 1991 dratam
875 1942 928 1993 sibi
939 1945 1052 2008 fingeret
1061 1946 1188 2004 formam,
1202 1945 1234 1995 de
1245 1961 1299 2011 qua

756 2010 874 2061 diximus
889 2013 924 2062 ad
937 2014 986 2076 lv,
1003 2015 1044 2067 99.
1073 2016 1115 2068 cf.
1132 2014 1296 2066 Dahlmann.

754 2079 773 2131 l.
786 2080 803 2129 l.
821 2096 884 2146 pag.
895 2083 939 2134 88.
961 2088 989 2133 et
1005 2085 1059 2136 vid.
1073 2084 1208 2136 Niebuhr:
1230 2085 1296 2135 Ver-

754 2149 869 2200 miscbte
882 2152 993 2203 Schrift.
1009 2170 1072 2220 pag.
1087 2156 1145 2206 157.
1160 2154 1220 2206 359.
1246 2155 1296 2204 At-

753 2236 806 2285 que
824 2221 991 2273 occidentem
1012 2241 1106 2276 versus
1121 2241 1230 2290 quoque
1242 2224 1296 2275 No-

752 2295 809 2341 ster
822 2289 896 2341 haud
913 2293 972 2341 ecio
990 2310 1026 2344 an
1037 2294 1182 2344 Thraciam
1202 2298 1295 2344 exten·

753 2376 812 2409 sam
833 2363 998 2427 cogitaverit
1022 2379 1108 2430 usque
1128 2365 1164 2413 ad
1185 2363 1295 2428 Illyriae

752 2446 841 2479 oram:
864 2435 942 2481 cuius
961 2433 1008 2497 qui
1023 2449 1094 2484 nunc
1114 2434 1241 2483 dicuntur
1255 2433 1296 2483 in·

751 2499 829 2549 colae
845 2501 1014 2564 AlbancnseS,
1030 2504 1066 2553 ad
1080 2503 1218 2553 Thraciae
1230 2519 1296 2568 gen·

750 2575 792 2620 tes
818 2571 1025 2637 antiquissimas
1057 2574 1213 2624 referuntur
1243 2573 1295 2623 lin-

750 2656 887 2706 guamque
912 2641 992 2693 edere
1012 2643 1199 2707 perhibentur,
1222 2658 1294 2709 quae

751 2710 787 2759 ad
801 2710 963 2761 Thracicum
977 2711 1099 2777 linguam
1113 2713 1235 2779 proxime
1248 2729 1294 2763 ac·

751 2780 841 2833 cedat.
874 2781 916 2831 Ol.
928 2781 1081 2846 Xylander:
1104 2785 1157 2833 Die
1173 2782 1294 2845 Sprache

750 2850 799 2901 der
820 2849 975 2902 Albanesen
998 2852 1137 2916 (Francos.
1163 2851 1242 2915 1835)
1266 2866 1293 2915 p.

750 2919 819 2981 319,
836 2925 865 2970 et
887 2921 952 2971 vide
968 2936 1075 2986 quoque
1095 2920 1128 2971 de
1142 2919 1294 2971 Thracibus

751 2990 873 3054 antiquis
904 2995 1085 3053 exponentem
1110 2990 1208 3038 Zeuss:
1241 2989 1294 3039 Die

749 3058 909 3108 Deutscben
934 3075 960 3109 u.
986 3058 1029 3107 die
1052 3058 1294 3110 Nacbbarstiimme

751 3143 814 3193 pag.
826 3128 879 3178 259
891 3143 965 3194 seqq.
1005 3129 1115 3191 Teucros
1127 3128 1170 3178 his
1182 3127 1294 3179 Thraci-

748 3197 800 3248 bus
821 3196 884 3247 olim
907 3198 988 3248 valde
1013 3200 1132 3249 extensis
1153 3201 1294 3250 accenseri

749 3267 810 3317 vult
820 3267 955 3319 Uschold:
975 3268 1137 3321 Geschichte
1152 3268 1176 3318 d.
1190 3271 1291 3321 troian.

749 3338 849 3403 Kriegs
867 3354 930 3402 pag.
951 3339 1008 3390 172.
1027 3340 1088 3392 262.
1126 3338 1205 3401 Quod
1226 3355 1292 3390 vero

750 3409 851 3458 Noster
865 3408 890 3459 h.
910 3407 1023 3459 lindos
1042 3425 1091 3475 pro
1104 3410 1223 3458 maximo
1237 3425 1292 3459 om·

750 3477 826 3527 nium
845 3478 944 3542 populo
965 3477 1061 3540 babet,
1084 3479 1213 3529 convenit
1230 3495 1291 3529 cum

750 3548 801 3609 iis,
815 3563 885 3612 qnae
898 3563 982 3611 supra
993 3548 1045 3611 111,
1055 3548 1089 3599 94
1102 3549 1224 3613 scripsit:
1241 3541 1291 3597 Ἰν·

750 3614 810 3665 duiv
830 3630 858 3665 τε
873 3608 986 3681 πλῆθός
1002 3632 1030 3666 τε
1049 3614 1145 3683 πολλῷ
1160 3610 1293 3666 πλεῖστόν

156 3703 210 3736 wv
227 3678 348 3741 οὐδένες
368 3681 484 3739 πλείους
505 3676 559 3732 εἶσὶ
576 3680 633 3732 τῶν
650 3676 700 3731 α’ν-
750 3676 808 3736 ἔστι
829 3680 946 3736 πάντων
964 3683 1021 3735 τῶν
1042 3682 1125 3751 ἡμεῖς
1145 3683 1228 3749 ἴδμεν
1244 3680 1292 3736 ἄν.

156 3750 293 3819 θυόντων,
306 3743 352 3804 ὅτι
366 3745 405 3819 μή
420 3750 530 3816 Κέὶτθὶ,
543 3744 618 3814 πρὸς
630 3740 698 3802 ἄλλο
750 3748 897 3818 baanae,
919 3757 966 3806 ubi
983 3757 1052 3807 alios
1065 3757 1185 3806 eiusdem
1200 3757 1241 3806 rei
1251 3761 1292 3807 tc·

156 3821 240 3884 ἔθνος
255 3820 290 3876 ’ἓν
304 3817 526 3885 ἀντεξετάζοντι.
565 3824 602 3873 At
617 3822 699 3873 aliter
749 3832 806 3877 ates
819 3827 1010 3890 excitavimus,
1025 3827 1123 3893 quibus
1137 3826 1180 3877 vel
1191 3826 1292 3877 addere

155 3899 240 3949 risum
253 3894 426 3960 Thucydidi,
446 3893 548 3958 quill,
565 3891 598 3944 97
613 3892 699 3942 Thra·
749 3897 816 3947 licet
830 3896 944 3947 Diodor.
958 3897 1001 3955 ΙΙ,
1014 3897 1056 3948 35.
1069 3896 1112 3948 38.
1132 3896 1292 3948 Philostrat.

156 3983 213 4018 eam
230 3967 330 4017 scribit
351 3978 467 4030 regnum
485 3962 624 4014 exstitisse
643 3977 699 4012 ma·
749 3968 781 4017 V.
796 3966 1011 4031 Apollon.VI,l.
1040 3965 1213 4016 Conietiam
1222 3968 1294 4017 Las-

155 4039 252 4088 ximum
271 4036 364 4087 reditu
385 4033 501 4097 aliisque
520 4033 632 4097 opibus,
650 4031 698 4083 sed
748 4052 810 4088 sen:
837 4034 1170 4087 IndAlterthumskunde
1185 4036 1209 4085 1.
1226 4050 1290 4100 pag.

157 4101 699 4167 exercitusmultitudinercborequemul·
748 4109 855 4169 2seqq,

158 4185 208 4228 tum
224 4177 338 4241 Scythia
356 4174 490 4234 cessisse3
506 4172 612 4236 *quibus
630 4172 698 4236 ipsis
785 4167 854 4237 μετά
869 4185 899 4236 γε
909 4165 1031 4236 Ἰνδούς]
1044 4171 1150 4223 Vocula
1161 4186 1292 4237 yeanon·

155 4248 337 4300 concordibus
359 4243 463 4295 nullam
487 4246 593 4307 gentem
612 4257 700 4306 neque
749 4244 832 4295 nullis
848 4242 926 4293 libris
945 4242 1037 4300 abest;
1064 4243 1134 4293 mele
1153 4245 1213 4294 met
1231 4246 1291 4308 qui-

152 4321 178 4369 in
191 4321 320 4384 Europa,
342 4329 434 4380 neque
452 4313 480 4362 in
493 4312 560 4362 Asia
571 4314 700 4364 resistere
750 4313 810 4364 dem
822 4313 968 4365 sententia.
994 4313 1048 4363 Pro
1057 4303 1173 4376 ἄρχοιτο
1186 4313 1213 4362 ἰο
1224 4313 1291 4363 San-

150 4406 228 4456 poese
252 4388 347 4440 addit.
392 4384 471 4446 Quae
495 4398 556 4432 cum
577 4382 701 4434 Herodo·
751 4383 834 4435 croiti
849 4400 881 4434 ac
891 4383 1006 4433 vindob.
1016 4383 1085 4433 libro
1097 4384 1235 4433 invenitur
1245 4372 1291 4441 ἆρ-

150 4464 198 4513 teis
212 4456 363 4512 contraria
376 4453 466 4506 videri
480 4452 602 4519 possint,
620 4452 700 4504 adeo·
749 4452 849 4520 χοεάτο
862 4452 970 4520 (ionum
984 4469 1058 4505 more
1071 4469 1119 4518 pro
1133 4443 1290 4516 ἅρχοιντο),
