3100 5175
475 424 844 493 TERPSIOHORE.
868 427 907 490 V.
926 433 968 492 67.
1224 417 1281 490 121

144 606 359 692 Κλεισθένης
386 598 452 693 γὰρ
481 596 655 693 Ἀργείοισι
681 601 869 693 πολεμήσας
894 604 991 673 τοῦτο
1016 599 1079 690 μὲν
1108 598 1287 695 ῥαψῳδοὺς

145 799 299 862 σθένεος
325 794 501 869 ἄρχοντος
524 795 695 855 retinet·
745 809 822 866 tura,
848 804 996 856 adcantus
1011 805 1118 871 quidem
1134 804 1288 856 similitudi·
1345 797 1348 802 ’

146 889 208 925 νον
223 873 431 932 τεθνεῶτος
445 867 484 923 ἔτι
498 863 547 924 ἐπ’
558 867 620 925 ἔτεα
632 865 695 941 ἕξὴ-
746 891 806 926 nem
825 874 969 926 accederet
984 876 1127 938 recitatio,
1149 876 1197 929 sed
1212 877 1287 929 vocis

146 958 241 996 νοντα.
745 944 932 997 modulatione
952 949 1060 996 tautum
1081 961 1176 998 arere
1193 953 1286 1006 cantu,

153 1075 161 1095 ‚
188 1005 354 1080 δαψῳδῠῦς
378 1003 483 1062 ἔπαυσε
506 1003 537 1062 ἒν
567 1008 694 1063 Σιιιναῖνι
745 1021 878 1081 quantum
900 1019 980 1080 gestu
997 1031 1015 1065 a
1034 1031 1100 1066 vera
1123 1016 1286 1067 histrionum

143 1079 350 1148 αγωιίζεσθαι]
375 1083 393 1132 1.
415 1097 438 1135 e.
458 1088 534 1135 uetuit
551 1082 694 1146 rhapsodos
745 1086 868 1148 actione,
890 1087 1009 1136 abesset.
1038 1086 1126 1151 Atque
1141 1087 1168 1136 in
1183 1102 1215 1138 eo
1231 1101 1286 1138 cer·

143 1153 252 1220 Sicyone
271 1155 410 1203 carminum
424 1153 609 1204 Ilonrericormn
628 1155 693 1203 reri·
744 1162 837 1207 tamen
861 1155 947 1207 ruisse
974 1156 1127 1206 institutum
1154 1156 1287 1222 ludosque

144 1224 283 1275 tutioribus
300 1223 402 1285 publice
415 1224 534 1274 institutis
549 1226 692 1274 decertare.
744 1224 878 1277 solemnes
894 1241 927 1276 ec
945 1224 1083 1289 publicos,
1107 1227 1176 1276 satie
1190 1227 1288 1277 testari

145 1294 187 1344 De
198 1299 345 1345 structura
356 1291 500 1355 infinitivi,
521 1295 568 1358 qui
581 1292 693 1342 additur
743 1295 852 1346 videtur
866 1295 953 1359 ipsum
973 1294 1084 1368 verbum
1098 1286 1288 1359 ἀγωνίζεσθαι

145 1364 229 1414 serbo
248 1357 375 1420 παύειν,
404 1365 436 1412 ut
455 1363 522 1426 vll,
540 1364 590 1424 54,
619 1360 691 1413 coni.
744 1363 1040 1417 aNostroadhibitum.
1061 1364 1288 1431 Aliederhapso·

145 1433 286 1486 Kuebner.
299 1431 345 1482 Gr.
357 1432 403 1483 Gr.
416 1432 440 1495 5.
453 1431 512 1483 660.
525 1437 582 1483 not.
597 1432 622 1481 2.
651 1432 694 1481 De
744 1437 786 1488 dis
800 1450 871 1484 nnnc
889 1434 984 1484 lubens
1004 1439 1130 1498 transeo,
1150 1452 1219 1502 quae
1235 1436 1288 1486 huc

145 1492 692 1567 verbosiproriieobardisputatNitascb.
744 1506 834 1556 minus
862 1503 982 1565 iaciant,
1014 1504 1061 1554 ubi
1090 1520 1144 1555 nou
1170 1510 1226 1555 tam
1254 1504 1288 1554 de

145 1573 187 1624 De
197 1573 264 1624 bist.
280 1572 395 1622 Homer.
408 1571 447 1622 11.
462 1588 490 1636 p.
505 1572 553 1624 113
564 1586 633 1636 ενα,
647 1569 694 1635 qui
745 1573 941 1639 rhapsodorum
951 1574 1082 1636 historia,
1100 1589 1179 1640 quarn
1192 1576 1225 1625 de
1234 1573 1289 1625 loci

146 1643 216 1710 quod
232 1643 301 1692 huic
315 1642 401 1693 verbo
415 1642 527 1692 eandem
541 1641 598 1692 iere
612 1639 695 1705 sigui-
746 1644 895 1695 Herodotei
904 1644 1131 1707 interpretatione
1138 1646 1235 1710 egitur.
1245 1645 1287 1694 Tu

144 1713 303 1763 ficationem
323 1711 410 1760 tribui
432 1711 491 1761 vult
512 1717 595 1777 etque
612 1708 695 1760 verbo
746 1714 818 1765 coni.
830 1717 940 1777 praeter
952 1711 1169 1764 Valckenariana
1183 1714 1216 1764 ad
1230 1714 1255 1763 b.
1269 1713 1287 1763 Ι.

146 1773 347 1832 ἐπιδεικνύναι
371 1779 449 1844 (artis
477 1786 601 1844 specimen
625 1778 697 1831 emhi-
746 1781 1099 1847 Woli.Prolegg.Homerr.
1115 1783 1288 1848 pag.98.140

146 1850 696 1918 bere,,‚debater·“)‚cumreveraconcer·
748 1858 775 1903 et
795 1851 941 1902 Heinrich:
963 1852 1112 1917 Appendic.
1131 1855 1164 1903 ad
1180 1855 1288 1917 Epime-

147 1925 218 1973 tatio
232 1922 326 1972 locum
340 1936 395 1970 uon
411 1919 538 1971 babuerit
550 1933 697 1983 omnesque

148 1995 331 2042 communiter
350 1989 478 2039 dieantur
501 1981 696 2038 ἐπιδεικνύναι

147 2061 190 2113 vel
208 2052 433 2110 ἐπιδείκνυσθαι
454 2066 481 2109 et
498 2053 695 2123 ἀγωνίζεσθαι,

149 2133 193 2198 qui
208 2137 269 2182 arte
284 2128 453 2180 contendant
466 2131 592 2193 artisque
608 2127 695 2193 speci-

148 2205 221 2252 mina
234 2200 388 2252 exhibeant
401 2196 445 2262 (ut
457 2197 482 2246 b.
494 2199 511 2250 l.
527 2197 657 2262 rhapsodi
667 2199 696 2246 in

149 2272 227 2323 iestis
240 2267 440 2331 Graecorum),
456 2283 552 2319 vereor
562 2274 592 2318 ut
602 2282 696 2318 assen-

149 2343 193 2391 tiri
205 2341 327 2407 possim,
342 2340 366 2388 si
380 2338 488 2403 quidem
502 2354 594 2389 verum
607 2341 696 2388 certa·

149 2426 207 2462 men
226 2411 302 2460 inter
320 2408 474 2473 rhapsodos
492 2408 591 2472 fuisse,
613 2407 697 2471 idque

150 2483 328 2531 coniunctum
344 2493 406 2528 cum
426 2477 489 2527 aliis
504 2477 698 2528 certaminibus

149 2551 301 2617 gymnicis,
320 2562 402 2614 »quae
427 2561 514 2612 aeque
539 2548 575 2599 ad
596 2547 696 2598 testum

150 2620 397 2673 concelebrandum
422 2619 573 2683 pertinent,
602 2616 698 2681 negari

149 2691 194 2740 vix
212 2692 330 2756 poterit.
361 2689 416 2749 Qui
429 2703 494 2738 vero
510 2688 562 2739 boc
579 2687 639 2738 loco
656 2685 696 2735 dl-

150 2767 252 2811 cuutur
261 2752 398 2825 δαψῳδοὶ
409 2797 416 2821 ,
426 2763 563 2823 utcunque
573 2757 606 2808 de
615 2756 696 2805 huius

150 2832 226 2881 vocis
242 2830 352 2894 origine
364 2829 483 2887 statuis,
502 2828 611 2877 minime
627 2823 696 2875 tales

151 2917 209 2951 esse
232 2903 364 2964 possunt,
387 2897 434 2963 qui
457 2898 580 2947 carmine
599 2898 697 2959 suopte

150 2971 263 3035 iugenio
288 2969 323 3019 fin
346 2974 395 3018 ant
417 2983 449 3017 ac
473 2970 610 3032 pangant,
635 2980 697 3016 cum

151 3042 211 3105 ipss
234 3054 290 3089 vox
315 2985 467 3104 δῖαψῳδίας
492 3035 645 3101 aequabilis
670 3038 698 3083 et

129 3104 133 3113 '
152 3109 302 3161 continuae
315 3124 403 3174 neque
417 3107 452 3156 eb
471 3105 527 3155 alio
541 3103 697 3170 interpella-

153 3187 196 3230 tae
209 3179 389 3230 recitationis
404 3175 533 3226 indicium
544 3176 645 3225 habere
658 3172 697 3223 ri-

153 3251 250 3300 deatur
263 3264 298 3298 ae
312 3249 376 3299 dein
393 3246 541 3311 praecipue
559 3246 698 3309 epicorum

152 3334 297 3381 uersuum,
329 3317 442 3367 Homeri
466 3316 589 3379 inprimis
614 3318 698 3377 atque

152 3389 284 3450 Hesiodi,
315 3385 473 3437 recitationi
502 3386 539 3435 sit
563 3383 696 3435 adhibite.

155 3460 196 3509 Τιι
207 3458 263 3510 rid.
275 3455 400 3508 Nitrscb.
412 3454 539 3519 Prolegg.
552 3455 579 3504 in
589 3453 695 3503 Platon.

155 3529 212 3579 lon.
226 3543 289 3593 cap.
306 3527 342 3576 11.
357 3541 418 3590 pag.
432 3528 448 3574 4
466 3540 557 3589 seqq,
579 3524 620 3573 De
634 3522 698 3573 hist.

154 3599 264 3650 Homer.
280 3597 319 3649 ll.
336 3611 362 3660 p.
382 3596 429 3645 114
444 3610 518 3658 seqq.
537 3594 584 3645 132
600 3608 656 3657 seq.
672 3595 700 3641 et

156 3684 225 3732 quse
249 3669 311 3732 ipse
341 3665 374 3715 de
403 3663 545 3728 rhapsodis
572 3662 699 3723 disserui,

155 3737 288 3788 adhibitis
307 3740 431 3785 veterum
454 3733 633 3795 testimoniis,
656 3731 698 3780 in:

156 3807 239 3873 Pauly
251 3802 516 3869 Reelencyclopaesh
532 3801 580 3862 Vl,
598 3804 619 3850 l.
635 3817 696 3866 pag.

156 3876 205 3928 396
227 3893 303 3941 seq,
329 3875 422 3937 ibique
441 3874 572 3923 Kreuser:
590 3871 700 3920 Home·

156 3947 242 3998 rische
251 3943 422 4009 Rhapsoden
433 3958 495 4007 pag.
509 3941 559 3993 llil
569 3956 625 4005 seq·
638 3940 699 3991 2911.

747 1923 804 1976 nid,
821 1921 956 1987 [inprimis
969 1936 1032 1986 pag.
1048 1920 1125 1986 157],
1145 1921 1289 1985 utrumqrie

747 2009 764 2042 a
778 1991 914 2041 Creuzero
930 1991 957 2040 iu
969 1989 1131 2041 Commentt.
1143 1992 1286 2042 Herodoti.

746 2079 772 2127 p.
791 2062 841 2111 ⁶217
858 2060 980 2109 allatum.
1012 2061 1053 2109 Eo
1070 2061 1155 2126 magis
1171 2078 1237 2112 saue
1250 2065 1289 2110 te-

747 2144 860 2181 neamus
874 2129 1006 2179 Herodoti
1024 2130 1208 2182 testimonium
1228 2146 1288 2195 gra·

746 2201 887 2253 vissimum
911 2199 977 2249 illud
997 2200 1106 2263 quidem
1128 2201 1162 2249 ad
1183 2217 1288 2250 omnem

739 2270 897 2321 ⁴carminum
910 2269 1116 2320 Homericorum
1130 2270 1287 2321 historiam:

747 2339 820 2405 qnod
847 2340 872 2389 si
894 2340 1031 2404 cognitum
1060 2340 1158 2391 inisset
1179 2339 1288 2400 Wolfio,

747 2411 793 2459 vix
810 2424 843 2459 ea
861 2410 1019 2473 scripsisset
1036 2409 1158 2476 Prolcgg.
1176 2411 1287 2462 Homer.

748 2494 811 2544 pag.
821 2478 904 2528 CXL:
922 2480 1038 2543 „ltaque
1047 2479 1159 2531 Homeri
1169 2480 1290 2531 carmine

748 2551 832 2599 etiam
846 2553 911 2600 aute
924 2548 1049 2600 Solonem
1063 2551 1174 2600 recitari
1189 2564 1289 2601 morem

747 2620 833 2669 fuisse
848 2617 891 2667 vel
906 2623 959 2670 riae
971 2622 1109 2669 testimonio
1119 2622 1211 2670 veteris
1225 2620 1289 2671 scri-
1352 2634 1362 2649 ¹

746 2692 828 2752 proris
841 2687 993 2738 crederes.“
1020 2690 1144 2753 Namque
1155 2689 1290 2739 Herodoti

748 2758 908 2809 testimonio
921 2760 990 2809 setis
1007 2758 1179 2809 manifestum
1191 2758 1232 2821 tit,
1246 2756 1290 2809 rel

747 2832 812 2877 ente
834 2827 972 2878 Pisistrati
993 2832 1127 2890 aetatem,
1152 2829 1186 2878 ad
1210 2843 1289 2893 quam

748 2897 951 2948 Homericorum
979 2898 1129 2947 carminum
1158 2896 1291 2962 composi-

747 2969 850 3018 tionem
865 2974 930 3017 sunt
946 2968 992 3031 qui
1009 2967 1152 3026 reficiant,
1178 2966 1291 3030 rhapso-

748 3038 797 3087 dos
815 3035 916 3091 tuisse,
938 3038 985 3099 qui
1003 3036 1125 3084 carmina
1146 3035 1292 3085 Homerica

748 3105 792 3155 vel
810 3108 884 3156 certe
897 3104 1026 3163 Iliadem,
1045 3119 1124 3166 quarn
1142 3103 1168 3156 h.
1185 3103 1202 3154 l.
1216 3103 1290 3167 tangi

747 3171 880 3226 credibile
907 3180 949 3225 est
977 3173 1023 3236 (ci.
1043 3174 1167 3227 Nitzsch.
1189 3175 1292 3238 Sagen-

748 3248 825 3311 poiis.
842 3243 868 3293 d.
886 3244 993 3294 Griech.
1011 3260 1038 3309 p.
1060 3243 1120 3296 305.
1137 3243 1218 3307 310),
1243 3258 1292 3307 pu·

749 3315 821 3366 blice
846 3315 1012 3373 recitantes,
1044 3312 1079 3363 ad
1102 3313 1291 3377 Sicyoniorum

750 3398 859 3450 quoque
869 3383 949 3435 ludos
966 3384 1139 3449 pervenerint
1152 3385 1210 3434 sive
1229 3381 1292 3432 aliis

751 3471 784 3505 ex
795 3453 878 3516 loeis,
894 3454 967 3517 sive,
982 3455 1053 3517 quod
1066 3452 1170 3513 malim,
1184 3468 1217 3502 ex
1230 3454 1292 3518 ipsa

750 3525 912 3587 Argivorum
933 3528 1006 3573 terra
1028 3523 1080 3574 huc
1102 3522 1233 3587 profecti,
1265 3522 1292 3571 in

753 3608 883 3659 quassus
894 3595 1044 3659 praecipua
1054 3593 1132 3644 sedes
1145 3592 1293 3656 rhapsodo·

751 3679 825 3722 rum3
838 3663 866 3712 in
875 3680 955 3729 quam
964 3665 1046 3714 etiem
1056 3668 1166 3723 terram,
1176 3663 1292 3726 Sicyone

751 3732 846 3784 cedere
864 3736 969 3793 coacti,
990 3748 1019 3783 se
1032 3734 1167 3797 recepisse
1180 3746 1293 3795 eamque

750 3804 808 3853 suis
837 3804 1003 3853 carminibus
1035 3802 1079 3853 vel
1107 3801 1194 3865 magis
1223 3800 1292 3850 cele·

749 3873 846 3922 bresee
862 3873 901 3922 illi
922 3872 1059 3924 videntur.
1092 3871 1153 3920 Vid.
1168 3869 1292 3920 Nitzsch.

750 3944 794 3993 De
809 3941 905 3992 histor.
923 3944 1033 3992 Homer.
1049 3941 1070 3989 1.
1091 3940 1218 4004 pag.154
1235 3955 1291 4003 seq.

157 4018 250 4082 ltaque
283 4015 337 4064 hoc
371 4012 432 4063 loco
463 4015 576 4061 auctore
606 4010 699 4060 eodem
750 4014 877 4063 Estsane
889 4011 957 4061 haec
968 4012 1056 4075 prima
1068 4008 1295 4059 etvetnstissima

156 4086 297 4136 Nitzschio
311 4080 698 4149 (cottuswmsfflrolepg.
752 4087 781 4132 et
803 4081 999 4145 rhapsodorum
1023 4084 1051 4129 et
1071 4078 1220 4128 carminum
1240 4078 1294 4126 Ho-

158 4155 192 4205 ad
202 4157 312 4207 Homer.
333 4168 397 4217 pag.
413 4150 514 4201 XCVII
533 4148 620 4215 seqq.)
638 4150 701 4198 rba·
752 4150 912 4200 mericorum
929 4150 956 4198 in
973 4147 1106 4211 agonibus
1121 4148 1295 4199 recitatorum

157 4227 252 4290 prodes
269 4223 452 4287 intelligimus
472 4236 534 4281 cos,
553 4219 646 4283 quiin
663 4220 701 4270 se·
754 4220 871 4278 menti03
896 4219 932 4269 ad
953 4233 1033 4282 quam
1051 4216 1201 4275 accedunt,
1227 4232 1295 4282 quse

159 4297 204 4344 stis
214 4294 385 4347 solemnibus
397 4306 446 4355 pro
457 4305 528 4339 more
539 4293 570 4338 ut
580 4288 649 4347 alia,
663 4290 702 4338 ita
754 4288 788 4338 de
808 4288 890 4337 simili
908 4287 1058 4339 certamine
1079 4291 1174 4338 narrat
1189 4287 1297 4353 Thucy-

159 4365 265 4418 Homeri
289 4363 419 4428 inprimis
441 4359 564 4410 carmina
592 4357 702 4423 publice
754 4357 986 4413 dides111,10‹t;
1006 4357 1061 4407 alia
1080 4357 1160 4421 attigi
1177 4358 1297 4408 iocosu-

159 4436 312 4487 recitabant
322 4435 365 4483 ita
374 4429 500 4497 quidem,
512 4432 557 4487 ut,
571 4433 702 4493 quantum
753 4444 804 4494 pra
814 4427 833 4477 1.
850 4427 1073 4491 (llealencyelop.
1093 4443 1120 4493 p.
1134 4429 1212 4494 stop
1238 4428 1297 4492 qni·

160 4519 324 4558 numerorum
352 4500 528 4569 po'e'ticorum
552 4499 637 4549 ferret
656 4513 703 4547 na·
754 4500 805 4548 bus
824 4514 896 4549 nunc
912 4497 977 4548 addi
995 4497 1091 4564 velim,
1116 4514 1186 4563 quae
1204 4497 1298 4550 retulit
