3100 5175
293 352 561 446 axuuasus
586 385 611 447 v
634 384 699 443 ao
722 340 977 446 nnaoooa.
1003 384 1055 455 vr,
1077 393 1111 449 o
1212 382 1273 445 au

508 789 830 868 EXCURSUS
857 792 892 866 V

358 958 443 1021 ao
489 959 836 1025 aaronem
882 958 947 1040 vr,
993 960 1043 1021 aa.

545 1110 601 1178 aa
624 1119 857 1182 asternaco,

288 1268 353 1347 (Ex
381 1273 556 1330 Creuzeri
580 1272 735 1330 t'orrrraentt
767 1272 909 1327 Herodoti.
936 1289 1005 1344 pap.
1037 1270 1115 1347 242.)

219 1578 394 1643 „Ferebatur
415 1577 515 1647 triplex
537 1578 607 1628 sama
632 1577 666 1629 de
689 1585 750 1630 ortu
767 1577 915 1629 Demarati.
945 1576 1036 1629 Prima
1057 1577 1199 1647 alteraque
1220 1596 1266 1630 ex-

128 1661 226 1730 pedita
241 1668 293 1724 est,
311 1662 365 1732 qud
381 1662 490 1731 quidem
500 1662 543 1715 vel
557 1662 695 1714 Aristonis
712 1663 787 1730 regis
803 1662 845 1714 vel
862 1663 1004 1715 Astrabaci
1021 1663 1111 1715 beroia
1123 1663 1267 1715 dicebatur

128 1746 217 1799 filius.
262 1746 374 1799 Tertiae
391 1749 477 1800 famae
493 1747 623 1815 originem
639 1746 765 1799 latentem
781 1749 946 1816 aperiamus.
982 1747 1122 1799 Aristonis
1137 1748 1266 1799 dubitau-

127 1840 186 1882 tem
213 1832 329 1884 animum
359 1841 555 1902 nutantemque
581 1833 791 1885 confirmaverat
818 1833 905 1884 oratio
940 1833 1034 1885 uxoris
1060 1841 1087 1884 et
1114 1840 1205 1885 vatum
1232 1832 1265 1883 de

127 1916 284 1968 Astrabaco
301 1917 383 1969 heroii
400 1919 578 1969 narrantium.
610 1916 796 1969 inclinaverat
816 1934 915 1969 rursus
933 1918 1064 1987 temporis
1087 1917 1170 1984 ratio,
1192 1918 1263 1970 utin

126 2001 304 2070 Ephororum
320 2002 388 2055 adeo
404 2020 541 2055 consessu
562 2003 693 2054 mensium
711 2019 822 2055 rrutnero
837 2002 906 2054 inito
922 2003 1016 2054 Aristo
1037 2012 1165 2069 negaret,
1186 2018 1265 2054 suum

127 2084 216 2137 lilium
233 2103 296 2138 ease
310 2086 494 2142 Demaratum.
531 2090 567 2139 At
582 2105 648 2139 vero
670 2088 730 2140 eius
746 2087 812 2138 dicti
833 2104 894 2138 eum
915 2087 1065 2155 poenituit,
1086 2096 1265 2156 posteaquam

126 2170 288 2223 adoleverat
311 2172 455 2240 puerulus.
497 2173 586 2235 Quam
607 2173 818 2224 inconstantiam
838 2171 967 2224 credibile
991 2180 1035 2224 est
1055 2188 1115 2224 eum
1131 2188 1264 2225 excusare

128 2254 253 2307 voluisse
277 2256 475 2325 Spartanorum
498 2256 673 2326 optimatibus
695 2274 727 2308 ac
748 2256 865 2325 proinde
880 2258 954 2309 celte
970 2257 998 2309 in
1015 2274 1107 2310 aurem
1134 2273 1264 2309 narrasse

125 2338 203 2392 illum
218 2341 404 2394 interventum
421 2342 562 2394 Astrabaoi
578 2341 679 2408 herois,
695 2358 821 2411 quaeque
844 2341 908 2393 iude
925 2349 1084 2395 evenerant.
1122 2343 1212 2411 Atque
1230 2359 1263 2393 ex

125 2424 180 2476 hoc
202 2426 264 2495 ipsa
292 2427 399 2480 nomine
426 2430 564 2481 Astraboei
588 2427 688 2479 inimici
708 2425 854 2478 Demarato
881 2426 1001 2479 homines
1027 2428 1193 2479 effluxerant
1213 2421 1263 2480 τὸν

124 2503 300 2581 ὀνοφορβόν,
320 2530 429 2565 servum
447 2515 607 2592 οοίκαντίακρΙ
621 2520 749 2581 tanquam
765 2512 855 2581 ipsius
870 2522 983 2581 patrem.
1013 2513 1082 2563 Nam
1098 2514 1145 2581 qui
1157 2505 1262 2579 Ἀστρά-

125 2596 216 2667 βακον
236 2596 361 2650 audierat
381 2600 571 2667 pronuntiari,
595 2598 620 2651 ei
636 2614 751 2669 pronum
774 2607 847 2662 erat,
869 2598 903 2651 de
923 2591 1085 2669 ἆστροὶβῃ*)
1106 2599 1166 2650 sive
1182 2598 1261 2649 asino

124 2683 265 2735 clitellario
280 2683 402 2750 cogitare
423 2685 547 2754 adeoque
565 2685 598 2736 de
615 2703 745 2755 agosone,
762 2683 872 2752 quando
896 2684 972 2734 vocis
988 2683 1111 2735 clausula
1139 2714 1173 2722 -
1194 2700 1262 2744 ακος

124 2784 180 2818 non
198 2766 280 2835 longe
294 2767 449 2820 discederet
467 2787 482 2820 a
499 2769 595 2821 vocula
611 2763 689 2835 ἆγός.
733 2769 778 2820 Ne
792 2767 893 2819 multa:
915 2767 1041 2820 luserant
1063 2769 1091 2819 in
1115 2767 1260 2819 Astrabaci

126 2851 234 2903 nomine
246 2852 321 2919 regis
333 2853 495 2922 adversarii,
508 2871 563 2923 quo
571 2854 724 2920 graviorem
733 2852 1261 2921 notaminurerentcontemptioremqne

124 2936 275 2989 redderent
290 2937 401 3006 populo.
447 2939 545 3007 Neque
561 2955 627 2990 vero
640 2937 726 2989 solum
739 2936 779 2990 illi
799 2937 923 2989 Lacones
941 2946 1008 2989 tunc
1024 2937 1153 3006 temporis
1176 2938 1203 2989 in
1227 2955 1260 2989 eo

126 3021 233 3073 nomine
257 3020 358 3073 lusisse
379 3023 493 3091 potandi
516 3031 597 3074 sunt:
620 3039 730 3088 verum,
756 3029 788 3074 at
809 3022 840 3073 lit
868 3022 896 3073 in
923 3020 1104 3089 religionibus
1126 3022 1258 3092 antiquis,

124 3113 235 3158 veteres
251 3106 372 3159 homines
388 3107 422 3158 ab
439 3107 518 3159 initio
535 3118 618 3178 atque
634 3108 776 3160 universe.
812 3107 880 3158 Nam
896 3123 966 3177 quae
981 3107 1120 3178 scriptura
1142 3107 1259 3158 nominis

123 3189 151 3241 in
168 3190 273 3260 aliquot
287 3191 429 3245 codicibus
444 3201 535 3245 exstat
545 3187 737 3264 Ἀστροβάκου
753 3201 781 3244 et
798 3186 1000 3264 Ἀστρόβακος,
1022 3211 1055 3245 ea
1078 3203 1259 3245 astronomum

122 3275 254 3327 declarat.
300 3276 400 3329 Suidas
429 3277 490 3329 Vol.
515 3278 538 3329 l.
565 3297 591 3347 p.
618 3281 670 3332 360
695 3278 778 3330 Kust.
803 3278 903 3329 Zonar.
930 3277 998 3329 Lex.
1026 3278 1076 3329 Gr.
1104 3294 1167 3346 pag.
1193 3280 1259 3332 313:

116 3352 297 3433 Ἀστρόβακος
311 3354 326 3414 ὁ
342 3356 519 3431 α’στρόνομος.
543 3363 642 3426 Qualis
655 3381 720 3415 vero
736 3364 786 3415 boc
798 3363 824 3414 in
838 3362 945 3415 nomine
959 3363 1126 3415 astronomia
1142 3362 1258 3430 cogitari

122 3446 237 3513 debeat,
254 3455 368 3499 nonest
385 3448 458 3516 qaod
475 3466 591 3517 operose
606 3449 730 3514 doceam,
748 3456 776 3500 et
791 3447 891 3499 Suidas
907 3447 1039 3500 continuo
1056 3448 1137 3500 docet
1153 3447 1179 3498 in
1196 3465 1258 3500 voc.

121 3524 299 3602 ἀστρονομία,
316 3531 362 3583 nbi
378 3527 556 3601 ἀστρολογίας
571 3536 686 3601 μαγείας
702 3535 901 3605 Magoramque
917 3549 949 3584 ac
961 3531 1109 3584 Persarum
1126 3532 1257 3600 (Magog)

121 3616 284 3669 mentionem
299 3617 374 3670 iacit.
410 3619 489 3681 Quae
505 3636 565 3672 eum
580 3619 619 3671 ita
630 3620 696 3686 sint,
712 3619 799 3672 altera
814 3618 915 3671 heroici
932 3617 1050 3670 nominis
1066 3619 1152 3669 torma
1168 3618 1256 3670 amno-

121 3721 180 3755 rum
195 3703 358 3754 mentionem
380 3703 474 3756 habet:
498 3714 629 3758 astrorum
646 3708 859 3777 astrologiaeque
878 3703 974 3755 altera.
1019 3702 1165 3755 Disiancta
1191 3703 1257 3754 haec

121 3805 153 3839 ac
168 3786 326 3839 differentia
340 3788 457 3857 iungere
473 3807 504 3840 ac
519 3789 647 3859 copulare
667 3790 745 3843 facile
763 3790 871 3860 possis,
897 3788 921 3840 si
940 3788 1086 3841 admoneas
1107 3781 1215 3856 φάτνης
1230 3797 1259 3840 et

120 3866 212 3939 ὅσον,
232 3876 369 3927 stellarum
385 3874 411 3926 in
425 3881 643 3928 astronomorum
655 3883 778 3929 veterum
793 3875 871 3928 libris
885 3873 1092 3926 celebratarum.
1115 3874 1176 3941 Ego
1191 3891 1258 3926 vero

136 4022 338 4033 ——-—-

192 4109 220 4174 *)
236 4111 357 4161 Itelrker:
369 4109 490 4162 Auecdd.
503 4111 525 4160 1.
538 4127 563 4175 p.
574 4113 639 4162 455:
649 4101 880 4177 'Aorpathloirq3·
889 4101 1040 4175 ὀκηλάτης,
1051 4109 1107 4159 vid.
1120 4108 1184 4159 ibid.
1196 4124 1258 4175 pag.

121 4182 172 4230 454
191 4174 370 4248 ίοᾶστροὶβη.
409 4184 498 4247 Atque
514 4181 581 4232 haec
601 4180 699 4232 vocula
720 4182 793 4245 apud
820 4187 925 4232 veteres
948 4181 1137 4231 declaraverat
1162 4184 1256 4230 asinum

121 4255 256 4315 malamque
276 4253 431 4302 clitellariam
457 4268 488 4301 ae
511 4250 624 4315 proinde
656 4251 772 4316 quodvis
797 4252 945 4302 iumentum
969 4252 1136 4314 onerarium,
1159 4255 1256 4314 postea

123 4337 230 4386 quoque
249 4321 343 4373 sellam
356 4321 527 4386 clitellaeque
546 4323 630 4386 ipsas.
661 4322 722 4372 Vid.
738 4323 842 4371 Moerin
858 4323 950 4386 ibique
968 4323 1092 4373 Piereon.
1108 4337 1135 4386 p.
1148 4321 1182 4371 57
1197 4337 1255 4385 seq.

122 4391 242 4454 Hesyoh.
259 4390 281 4444 1.
296 4408 323 4457 p.
339 4393 400 4442 385.
414 4392 516 4443 Albert.
534 4390 651 4457 Bergler.
666 4397 693 4441 et
703 4393 830 4457 Wagner.
844 4393 879 4441 ad
894 4391 1014 4457 Aleiphr.
1030 4393 1066 4451 ΙΙ,
1080 4392 1105 4443 3.
1123 4407 1148 4456 p.
1163 4391 1214 4442 322
1228 4397 1257 4441 ot

122 4461 221 4512 Zonar.
240 4461 306 4512 Lex.
322 4463 368 4512 Gr.
382 4478 408 4526 p.
424 4461 484 4515 314,
498 4461 558 4512 321.

157 4568 323 4610 aaaoooa.
344 4568 394 4610 ru.
1018 4546 1059 4608 52
