3100 5175
488 418 761 481 POLYMNIA.
785 419 856 482 VII.
881 428 942 484 213.
1222 421 1282 481 767

146 591 279 679 μένων,
306 587 471 681 άργάηιον
494 593 720 683 ἐπεκηρύχθη.
760 592 878 686 χρόνῳ·
892 592 929 661 δὲ
950 588 1109 679 ὕστερον,
1136 595 1283 679 κατῆλθε

147 693 213 782 γάρ
233 698 267 776 ἐς
284 692 512 784 Ἀντικύρην,..
524 694 676 766 άπέθανε
694 693 761 767 ὑπὸ
784 695 997 784 Ἀθηνάδεω,
1022 692 1145 783 ἀνδρὸς
1164 701 1283 781 Τρηχι-

147 806 236 867 νίου.
271 795 289 867 ὁ
311 800 348 869 δὲ
364 798 553 888 Ἀθηνάδης
574 790 861 881 obsecundaretur
884 800 947 887 μὲν
963 797 1140 886 Ἐπιάλτην
1161 795 1206 867 δι’
1223 795 1282 865 άλ-

147 911 213 991 λην
232 908 360 991 αἰτίην,
385 901 448 992 τὴν
469 902 535 991 ἐγώ
554 907 592 974 ἐν
610 920 697 974 τοῖσι
718 901 841 975 ὄπισθε
861 903 991 991 λόγοισι
1011 905 1182 992 σημανέω·
1216 904 1282 970 trr-

148 1069 200 1120 bus
216 1072 339 1136 utrisque
353 1070 582 1137 Amphictyonum
600 1073 692 1122 conci·
742 1071 877 1124 Herodoti
885 1070 947 1141 loco
958 1070 1067 1134 probari
1077 1068 1175 1139 possit,
1191 1068 1282 1133 inquo

147 1138 213 1189 lium
227 1141 387 1192 constitisse
396 1142 538 1201 norimua3
557 1142 605 1193 sed
616 1142 692 1193 vide·
742 1158 803 1193 mea
812 1159 845 1193 ex
855 1141 994 1193 sententia
1004 1141 1096 1206 agitur
1106 1140 1139 1190 de
1151 1154 1196 1201 re,
1214 1153 1283 1204 quae

148 1218 193 1260 tur
205 1211 233 1259 id
245 1211 317 1276 quod
329 1210 382 1261 hoc
392 1212 451 1262 loco
463 1215 591 1262 narratur
601 1211 691 1264 decre·
740 1212 884 1279 Pylagoris
906 1210 973 1263 solis
1000 1210 1146 1260 tractanda
1172 1209 1283 1260 videtur

147 1284 205 1329 turn
220 1279 253 1330 de
267 1280 395 1345 Ephialte
413 1282 448 1332 ad
467 1298 500 1334 ea
514 1282 690 1346 pertinuisse,
740 1286 890 1347 permissa,
912 1295 974 1332 cum
991 1279 1026 1331 ad
1044 1296 1088 1332 res
1100 1295 1194 1331 sacras
1206 1278 1281 1329 nullo

148 1349 422 1415 quaePylagorarnm
437 1366 451 1400 e
464 1351 579 1417 singulis
593 1353 691 1407 civita·
742 1351 821 1403 modo
844 1352 1001 1416 pertineret.
1019 1376 1053 1386 —-
1075 1350 1115 1400 Ac
1130 1347 1281 1417 ηΠνλαίην,

146 1420 221 1469 tibus
252 1419 418 1472 delectorum
448 1437 530 1473 curae
557 1423 691 1488 permissa
741 1437 881 1487 quaeror
898 1424 1012 1487 primum
1032 1420 1140 1485 quidem
1155 1419 1283 1484 adelaa

148 1495 242 1549 eraut,
261 1505 322 1540 cum
339 1491 374 1541 ad
387 1491 630 1543 Hieromnemones
650 1508 691 1543 re·
741 1507 763 1545 a.
776 1490 972 1557 Thermopylas
981 1492 1099 1555 pertinet
1109 1491 1219 1556 (quippe
1230 1504 1281 1554 quo

146 1575 206 1610 rum
226 1574 366 1611 sacrarum
384 1575 450 1611 cura
469 1563 562 1627 potius
575 1562 692 1627 pertine·
739 1561 801 1613 loco
810 1563 936 1628 primitus
945 1574 999 1610 uno
1012 1575 1162 1610 convenere
1173 1560 1283 1623 Amphi·

147 1634 204 1681 ret:
229 1629 285 1680 vid.
300 1630 386 1680 allata
398 1646 415 1680 a
426 1630 455 1681 O.
472 1632 517 1681 Fr.
533 1632 691 1682 Hermanno
740 1632 867 1697 ctyones)
891 1636 919 1681 et
935 1630 971 1681 ad
986 1636 1137 1681 conventus
1155 1628 1282 1692 Pylaeus,

146 1699 330 1753 l.1.nor.11
354 1716 428 1766 seq.,
457 1702 510 1751 uisi
533 1702 612 1752 malis
637 1707 693 1751 sta·
741 1710 846 1768 postea,
858 1698 1028 1765 ubiDelphis
1038 1702 1209 1765 potissimum
1220 1715 1284 1750 con·

148 1775 226 1820 tuere
237 1784 298 1820 cum
305 1770 445 1837 Vosmelio
456 1771 484 1820 in
492 1778 692 1837 programmate
741 1777 852 1823 ventum
866 1770 906 1820 illi
916 1770 1079 1832 habuerunt,
1092 1770 1191 1820 latiore
1201 1784 1282 1819 sensu
1329 1788 1331 1791 ’

146 1839 323 1891 Francolurt.
339 1841 405 1890 anni
417 1841 492 1893 1841.
503 1857 565 1907 pag.
580 1843 624 1902 17,
640 1842 693 1907 Py·
744 1841 778 1892 de
798 1841 895 1907 quovis
915 1834 1051 1891 conuentu
1071 1839 1282 1905 Amphictyouio

146 1909 304 1975 legeras-um
314 1911 423 1961 nornine
432 1910 622 1976 comprehendi
631 1913 694 1962 Hie·
743 1912 797 1962 dici
819 1914 878 1962 sive
889 1909 989 1976 Pylaeo
1008 1909 1091 1974 (cous.
1105 1911 1206 1961 Herod.
1218 1908 1282 1971 Vll,

146 1993 336 2030 romuemones
360 1995 447 2046 aeque
471 1986 552 2046 atque
578 1981 692 2031 subinde
722 1977 1110 2046 ⁴‘200)sireDslphico,baud
1120 1982 1283 2046 paucicom·

146 2050 402 2100 Hieromnemonum
415 2048 692 2116 nominePylagoras.
741 2050 860 2117 probant
883 2049 935 2100 loci
955 2050 990 2100 ab
1010 2049 1103 2100 eodem
1123 2052 1283 2101 'l'ittmcnuo

146 2119 231 2188 Quod,
242 2123 274 2168 ut
287 2121 396 2170 omniuo
412 2119 471 2171 fieri
486 2122 607 2185 potuisse
619 2120 691 2170 hand
741 2120 852 2172 collecti
867 2119 885 2171 L
902 2118 920 2170 l.
934 2135 995 2184 cap.
1007 2121 1040 2170 V.
1054 2123 1077 2181 §-
1090 2122 1116 2169 4.
1130 2136 1156 2186 p.
1171 2121 1214 2171 78.
1240 2119 1282 2170 Ad

146 2204 229 2255 nego,
245 2189 273 2238 in
285 2188 356 2239 hunc
370 2195 462 2241 tamen
475 2189 578 2253 locum,
595 2191 624 2239 in
636 2206 690 2255 quo
740 2190 868 2242 hocvero
880 2189 1027 2241 concilium
1040 2205 1100 2240 cum
1110 2204 1213 2241 summa
1222 2205 1282 2254 per-

147 2258 244 2309 addita
259 2259 386 2325 leguntur
404 2260 503 2310 rerba:
526 2257 584 2309 τῶν
597 2250 692 2325 'quu
740 2262 841 2313 tineret
858 2275 924 2311 cura
940 2274 1028 2309 rerum
1053 2259 1221 2325 publicarum
1242 2266 1284 2310 to·

146 2322 278 2377 κανόνων
296 2318 325 2386 ἔς
341 2322 395 2393 τὴν
413 2326 544 2394 Πυλαίην
565 2329 691 2394 roblayo·
740 2332 797 2381 tius
808 2330 938 2381 Graeciae
953 2346 969 2379 a
981 2332 1118 2380 communi
1130 2330 1208 2381 hoste
1223 2330 1283 2379 vin-

146 2390 257 2462 μένων,
278 2401 326 2449 vix
344 2400 441 2450 cadere
457 2400 484 2449 id
501 2416 582 2465 posse
594 2399 689 2461 cred03
740 2401 876 2451 dicandae
887 2406 915 2451 et
925 2400 1066 2464 tutandae,
1076 2401 1200 2466 sequitur
1210 2398 1282 2463 inde,

147 2469 242 2534 itaque
263 2468 353 2518 malim
369 2469 519 2521 Hermanni
535 2472 615 2537 sequi
632 2485 691 2521 sen·
741 2486 804 2532 eoa,
825 2471 873 2536 qui
892 2470 926 2520 de
944 2468 1061 2521 Graecia
1080 2470 1147 2520 bene
1170 2471 1283 2520 meruis-

146 2540 264 2590 tentiam
275 2536 480 2606 Pylagorcsque
494 2539 567 2592 solos
584 2539 630 2591 bic
645 2555 693 2591 no·
740 2546 812 2604 aeut,
829 2539 934 2607 publice
947 2554 964 2589 a
973 2539 1118 2606 Pylagoris
1131 2539 1282 2593 collaudari

147 2609 248 2659 minari
261 2624 278 2659 a
290 2614 384 2660 nostro
399 2612 532 2676 scriptore
544 2612 573 2661 in
588 2610 691 2661 talibus
740 2613 925 2677 praemiisque
937 2613 1028 2660 ornari
1038 2612 1160 2675 potuisse
1169 2610 1217 2676 (cf.
1227 2611 1283 2659 He·

147 2678 229 2730 valde
257 2683 388 2729 accurato
415 2681 540 2732 existimo
566 2695 627 2731 cam
656 2681 690 2731 ob
741 2683 800 2732 rod.
812 2679 971 2744 vr1‚228);
991 2683 1040 2745 qui
1055 2695 1120 2731 rero
1133 2680 1283 2730 communia

148 2763 275 2818 causam,
296 2748 369 2814 quod
384 2749 485 2802 haecce
503 2767 546 2801 rea
564 2752 600 2802 ad
613 2749 692 2815 Pyla·
742 2752 907 2803 Graecorum
922 2749 1020 2801 salutis
1032 2752 1186 2816 proditores
1199 2750 1283 2802 exsti·

148 2834 276 2885 gerarum
300 2819 393 2869 munia
415 2821 572 2885 pertinebat
596 2835 691 2871 eorun-
744 2821 860 2884 tierent,
880 2820 915 2869 iis
931 2834 1047 2885 poenam
1058 2821 1094 2870 ab
1107 2820 1283 2886 Amphictyo·

148 2889 265 2954 demque
284 2904 366 2940 curae
384 2891 530 2956 praecipue
545 2896 605 2940 erat
620 2903 692 2939 com·
741 2906 806 2941 num
818 2888 934 2941 coneilio
943 2889 1092 2954 irrogatam
1105 2890 1201 2941 tuisse,
1220 2890 1283 2940 Plu·

147 2961 243 3018 miasa,
258 2959 406 3024 eodemque
421 2959 521 3023 refero,
535 2960 606 3026 quod
619 2958 691 3024 apud
741 2975 773 3010 ra
795 2960 872 3010 dabit
886 2959 1037 3009 'l‘ittmanu
1053 2959 1071 3010 l.
1088 2959 1107 3012 l.
1124 2976 1184 3025 cap.
1200 2962 1235 3021 ,V.
1255 2963 1280 3022 ξ.

146 3027 315 3093 Hesychium
331 3036 414 3093 atque
430 3030 586 3095 Etymolog.
599 3032 691 3093 Magn.
740 3029 766 3081 6.
784 3032 816 3091 7,
835 3030 880 3094 qui
896 3027 958 3078 hinc
973 3032 1129 3095 suspicatur
1145 3045 1207 3095 pag.
1223 3030 1281 3092 121,

147 3092 692 3163 Pylagoreesignificanturulrrooeosoi-
741 3099 886 3151 concilium
909 3098 997 3161 istud,
1027 3100 1099 3164 quod
1128 3102 1156 3149 in
1177 3098 1281 3150 lsthmo

147 3180 194 3225 τες
206 3166 258 3232 τῆς
271 3165 410 3226 Πνλαιάς,
440 3169 592 3234 Inquisivit
605 3182 692 3234 nuper
741 3174 938 3234 congregatum
951 3168 984 3218 de
1000 3170 1136 3220 communi
1151 3169 1282 3220 Graeciae

148 3237 460 3290 eandeminmeteriam
473 3237 619 3305 Raugabe:
637 3241 691 3288 An·
742 3238 832 3291 salute
856 3254 888 3289 ac
909 3237 942 3290 de
964 3241 1085 3298 ratione,
1110 3254 1165 3306 qua
1184 3239 1282 3289 bellum

148 3308 240 3372 liquit.
259 3306 394 3374 Helleniq.
418 3309 455 3360 11.
474 3325 538 3374 pag.
557 3310 608 3361 stt
624 3324 691 3372 seq,
740 3313 880 3376 gereretur
902 3309 1056 3375 Persaeque
1088 3309 1282 3375 repellerentur

148 3378 279 3443 quicum
302 3379 330 3428 iu
352 3379 592 3444 inscriptionibus,
621 3393 690 3443 quae
740 3378 789 3445 (es.
803 3378 872 3440 Vll,
889 3379 938 3429 145
951 3378 1042 3444 ibique
1057 3379 1155 3445 nott.),
1181 3379 1282 3430 delibe-

148 3448 260 3498 decreta
278 3451 432 3510 continent,
455 3450 689 3500 Hieromnemoni-
739 3450 836 3509 rabat,
857 3447 1095 3514 Amphictyonium
1111 3450 1196 3501 fuisse
1216 3450 1283 3499 mul·

149 3517 201 3567 bus
226 3519 389 3583 praecipuus
413 3518 490 3570 locus
513 3518 690 3580 concedatur,
740 3519 1014 3584 ctamqueabeodem
1028 3520 1188 3571 coucilioiis
1199 3521 1283 3571 Grae·

148 3593 325 3653 veterumque
349 3590 512 3654 scriptorum
533 3589 692 3639 testimonia
741 3591 781 3641 cia
795 3604 856 3641 esse
874 3590 1021 3650 inflictam,
1036 3591 1061 3639 si
1075 3591 1122 3655 qui
1134 3589 1168 3640 ad
1183 3591 1282 3641 Persa-

148 3656 242 3709 valde'
256 3658 403 3722 fluctuent,
431 3658 511 3710 modo
531 3660 694 3710 Hieromne·
741 3675 799 3710 rum
814 3664 906 3724 partes
927 3674 957 3710 se
975 3662 1191 3723 convertissent,
1205 3666 1283 3721 ,teste
1375 3689 1383 3702 ψ

148 3727 287 3790 monibus,
313 3728 393 3779 modo
408 3728 552 3794 Pylagoris
576 3730 690 3794 primum
740 3728 924 3792 Herodvllf,
940 3727 999 3780 132.
1030 3730 1077 3781 Gr.
1092 3729 1211 3781 conferri
1223 3730 1283 3782 vult

147 3796 236 3847 locum
252 3798 418 3860 tribuentia,
438 3815 495 3849 rem
509 3799 549 3849 ita
565 3799 693 3863 componi
741 3802 880 3851 Letronne
899 3799 941 3849 iu:
960 3798 1104 3850 Memoires
1126 3800 1159 3850 de
1175 3800 1281 3851 l’Acad.

149 3881 230 3932 posse
240 3871 333 3934 putat,
345 3874 376 3918 ut
385 3868 627 3919 Hieromnemonea
638 3870 692 3933 ipsi
743 3869 790 3921 des
805 3869 933 3933 inscript.
946 3869 979 3919 Τ.
988 3869 1027 3919 v1
1039 3867 1114 3933 (ann.
1125 3871 1204 3934 1822)
1218 3886 1281 3937 pag.

148 3938 292 3987 civitatum
317 3939 402 4003 legati
428 3937 476 4002 (les
499 3939 691 4004 representans)
744 3942 794 3992 252
812 3955 915 4004 seq.-
933 3939 975 3988 De
992 3939 1116 4006 Anticyra
1134 3941 1192 3991 vid.
1212 3949 1282 3991 nott.

147 4006 302 4057 habeantur
327 4008 491 4074 conciliique
517 4008 692 4074 Amphictyo·
743 4011 779 4060 ad
792 4010 855 4068 Vll,
873 4007 928 4059 198.
952 4009 1011 4070 ¹Pro
1023 4003 1282 4076 rulg.'Emu'lreue

149 4092 212 4127 uum
237 4077 392 4143 praesides,
420 4078 573 4144 Pylagorae
596 4085 692 4129 contra
742 4078 1282 4146 Saucrottllibroalteroquerecepicum

150 4149 296 4197 civitatum
317 4149 507 4212 procuratores
531 4148 582 4211 (les
599 4162 694 4210 procu·
743 4148 885 4200 Dietschio
893 4140 1063 4213 Ἐπιάλτην,
1078 4165 1148 4215 quae
1160 4167 1225 4202 vera
1236 4168 1286 4204 ac·

78 4253 83 4268 .
150 4216 236 4279 reuss)
247 4216 360 4272 suerint.
371 4219 419 4282 qui
429 4233 521 4268 coram
532 4217 693 4268 Hieromne·
743 4219 862 4270 cusatiri
881 4218 990 4269 ridetur
1013 4235 1073 4270 esse
1100 4221 1187 4271 forma
1210 4222 1284 4287 apud

152 4302 259 4337 monum
278 4285 397 4339 concilio
411 4303 455 4338 res
469 4303 577 4338 suorum
595 4289 693 4339 civita·
742 4288 923 4344 Herodotum:
942 4289 998 4339 vid.
1011 4289 1127 4340 Bredov.
1143 4307 1207 4357 paq.
1221 4292 1282 4346 229.

149 4363 208 4407 tum
227 4357 456 4423 disceptaverint.
492 4360 569 4421 Quae
583 4359 691 4423 quidem
742 4360 866 4410 Eandem
878 4358 991 4409 sormam
1010 4360 1119 4412 restitui
1136 4363 1209 4412 iutra
1222 4363 1284 4424 Vll,

150 4427 288 4478 sententia
308 4427 432 4493 pluribus
454 4429 545 4479 verbis
567 4431 693 4493 exposita
742 4429 803 4481 218.

150 4497 241 4549 ariro
251 4497 335 4550 docto
347 4514 443 4551 vereor
459 4497 583 4564 equidem
599 4497 692 4550 uthoe
776 4490 831 4565 τὴν
850 4489 901 4565 ἐγώ
922 4489 953 4548 ἐν
967 4500 1041 4551 τοῖσι
1058 4488 1163 4552 ὄπισθε
1174 4494 1283 4569 λόγοισι
