3100 5175
249 412 311 478 261
684 407 948 472 HERODOTI

251 620 307 675 ιιες
321 589 383 679 τὴν
397 586 613 676 Χερσόνησον
628 584 769 675 ταύτην·
794 574 886 652 οὗτοι
902 575 950 653 ὧν
965 585 999 651 ol
1010 581 1177 669 Δόλογκοι
1192 582 1386 660 πιεσθέντες

252 699 387 787 πολέμῳ
408 691 475 764 ὑπὸ
499 690 688 773 Ἀψινθίων
710 692 743 769 ἐς
767 685 925 774 Δελφοὺς
945 692 1098 774 ἔπεμψαν
1120 684 1196 763 τοὺς
1219 689 1386 772 βασιλέας,

253 802 330 889 περὶ
351 804 411 867 τοῦ
432 799 578 884 πολέμου
593 796 829 882 χρησομένους.
857 786 929 878 ἡδὲ
944 797 1061 877 Πυθίη
1075 813 1136 877 σφι
1152 785 1280 872 ἀνεῖλε,
1303 795 1386 856 οἰκι-

253 902 336 992 στὴν
350 900 536 988 ἐπάγεσθαι
555 899 608 967 ἐπὶ
621 896 683 985 τὴν
701 897 812 984 χώρην
832 899 969 978 τοῦτον,
989 888 1025 972 ὃς
1045 890 1088 962 ἄν
1109 914 1215 976 σφεας
1230 890 1389 971 ἀπιόντας

255 1011 291 1076 ἐκ
305 1011 366 1075 τοῦ
380 1009 455 1091 leod
470 1007 599 1088 πρῶτος
619 1002 673 1070 ἐπὶ
688 1005 793 1082 ξείνια
811 1001 944 1085 καλέσῃ.
982 994 1099 1075 Ἰόνιος
1118 995 1154 1064 dl
1170 1001 1204 1064 ol
1215 995 1440 1081 Δόλογκοι453

254 1108 316 1199 τὴν
331 1107 407 1196 ἱρὴν
427 1103 508 1176 ὁδὸν
529 1103 584 1173 διὰ
599 1107 747 1173 Φωκέων
766 1130 802 1171 sa
824 1104 878 1172 sul
894 1106 1051 1170 Βοιωτῶν
1071 1097 1186 1188 ἧσσαν,
1208 1107 1267 1169 καί
1284 1119 1390 1185 σφεας

255 1342 349 1394 biliter
369 1345 488 1396 statuas.
501 1339 661 1403 praesertim
683 1354 744 1389 cum
770 1338 800 1387 in
849 1335 928 1388 XIII.
942 1349 1004 1399 pag.
1018 1334 1108 1385 MMF.
1130 1334 1207 1385 Haeo
1219 1350 1252 1384 ea
1266 1333 1392 1396 fortasse,

257 1410 361 1463 scholio
375 1409 486 1461 Aristid.
503 1408 577 1473 (pag.
589 1409 640 1458 ’266
654 1409 694 1457 ed.
706 1411 800 1458 From·
852 1406 905 1471 qud
919 1404 1099 1454 Athenienses
1113 1419 1192 1454 sacra
1209 1410 1237 1454 et
1249 1403 1392 1468 Pythicam

258 1480 332 1544 mel.)
344 1478 495 1543 Apsinthiis
507 1494 539 1527 ea
550 1479 715 1540 tribuantur,
730 1492 801 1543 quae
850 1490 975 1540 pompam
991 1473 1112 1537 ltelphos
1123 1474 1279 1534 mittebant,
1294 1489 1393 1523 merno-

258 1553 292 1601 de
306 1549 438 1599 Doloncis
455 1548 528 1612 apud
544 1548 710 1597 Herodotum
725 1562 801 1597 enar-
852 1551 913 1594 rata
926 1561 942 1592 a
955 1545 1082 1594 strabon.
1098 1545 1146 1594 lx.
1166 1559 1191 1608 p.
1209 1543 1291 1594 6160
1303 1560 1326 1592 s.
1342 1544 1394 1592 422

259 1626 362 1670 rantur.
406 1618 447 1667 Cf.
470 1619 611 1667 Gatterer:
635 1619 677 1666 De
700 1615 801 1667 Herod.
852 1613 1121 1677 C.“Wesselinp.
1153 1614 1395 1663 Deviasatisco-

260 1690 359 1739 Thrac.
372 1702 437 1751 pag.
449 1687 482 1736 46
495 1702 561 1751 seq.¹
574 1688 715 1736 Mannert:
733 1687 803 1736 Geo-
851 1685 929 1746 gnita
943 1686 970 1732 et
984 1683 1094 1746 celebri,
1106 1697 1185 1747 quam
1198 1683 1319 1747 Delphos
1333 1698 1395 1732 con·

260 1757 354 1824 graph.
368 1757 430 1806 Vll.
444 1772 506 1821 pag.
531 1758 579 1806 iss
593 1772 648 1821 seq.
682 1757 742 1817 Quo
757 1771 800 1804 eo·
853 1753 996 1802 tendentes
1010 1752 1108 1802 vadere
1122 1751 1259 1812 solebant,
1279 1751 1334 1802 h.l.
1349 1753 1395 1815 agi

261 1829 321 1878 dem
342 1831 453 1890 spectat
470 1825 577 1875 Cornel.
596 1827 663 1888 Nep.
686 1824 803 1874 Miltiad.
853 1823 896 1871 vol
918 1821 1051 1871 articulus
1073 1822 1244 1885 praepositus
1262 1823 1331 1872 satis
1352 1821 1397 1869 dc·

263 1899 386 1961 l,cuius
403 1894 525 1944 narratio
549 1894 584 1943 ab
597 1895 760 1944 llerodoteis
778 1894 804 1942 in
852 1892 959 1942 clarore
982 1891 1097 1940 videtur.
1136 1892 1211 1941 Haec
1234 1892 1317 1955 igitur
1341 1893 1395 1950 ria,

261 1965 425 2032 quibusdam
439 1964 585 2027 discrepat,
597 1964 737 2028 dequibus
748 1963 803 2011 vid.
855 1961 1032 2024 scriptoribus
1046 1976 1129 2024 supra
1146 1959 1265 2010 laudatis
1282 1977 1397 2010 comme-

261 2037 415 2098 interprett.
433 2049 494 2098 pag.
514 2034 543 2083 16
557 2048 632 2096 seqq.
646 2033 687 2082 ed.
701 2032 803 2083 Bardil.
855 2036 977 2088 morata,
996 2030 1059 2080 inde
1076 2029 1110 2079 ab
1125 2030 1238 2080 Athenis
1257 2033 1396 2093 „primum

262 2102 557 2154 Add.Marcellin.Vit.
573 2102 694 2166 Thucyd.
711 2103 805 2166 ibique
856 2106 1006 2164 „superata
1030 2099 1158 2149 Eleusine
1182 2100 1210 2149 in
1235 2100 1330 2151 falices
1354 2099 1398 2148 Ci-

263 2175 357 2236 Poppo
375 2187 438 2235 pag.
454 2171 503 2220 314
518 2177 545 2220 et
560 2170 678 2221 Vosmet.
696 2172 723 2221 in
739 2172 807 2220 seri·
854 2170 1012 2234 „thaeronis
1038 2169 1196 2220 insinuabat
1215 2169 1398 2233 Plataeasque

264 2240 503 2307 ptionecholone
514 2256 539 2303 p.
551 2239 804 2299 ltt‚ubiMiltiaderu
856 2240 1048 2304 ‚,attingebat,
1066 2238 1128 2287 hinc
1143 2240 1177 2289 ad
1194 2238 1304 2289 Thebas
1324 2244 1351 2288 et
1372 2240 1398 2287 in

264 2311 308 2371 11,
324 2308 434 2373 Cypseli
456 2308 548 2370 tilium,
566 2308 684 2359 collocat
697 2310 804 2373 Olymp.
857 2324 970 2373 „agrum
982 2308 1157 2370 Haliartium,
1172 2308 1398 2359 indeLebadeam

264 2379 354 2438 LV,1
378 2392 400 2428 s.
415 2376 466 2427 560
483 2377 621 2427 anteChr.
646 2396 670 2428 n.
691 2394 805 2443 eumque
858 2387 904 2441 „et
919 2378 1104 2429 Chaeroneam
1124 2394 1157 2427 σο
1171 2378 1339 2428 Phanoteam
1359 2379 1399 2426 di-

266 2447 334 2497 iaeit
350 2443 514 2494 avunculum
528 2446 660 2495 Miltiadis
682 2448 738 2506 ΙΙΙ,
759 2450 806 2510 qrri
858 2447 1027 2510 ,sigebotum
1041 2453 1177 2511 postremo
1191 2463 1238 2511 per
1253 2448 1399 2497 Daulidem

266 2515 430 2565 hiarathone
444 2513 524 2574 vicit,
540 2515 563 2562 si
580 2516 687 2575 quidem
700 2515 743 2564 hic
757 2517 806 2565 tili·
860 2516 1001 2581 ..Delphos
1012 2517 1241 2567 serlemittebat.“
1260 2519 1330 2566 Sunt
1341 2533 1399 2567 rer·

266 2603 298 2638 us
319 2584 374 2635 tuit
391 2583 512 2633 Cimonis
531 2581 587 2647 (qui
603 2583 733 2634 Miltiadis
754 2586 807 2635 fuit
858 2586 893 2636 ba
906 2588 1009 2651 l‘ngeri
1027 2586 1174 2651 (Parados.
1196 2588 1280 2637 Theb.
1306 2604 1333 2652 p.
1349 2589 1400 2637 ‘280

266 2654 362 2719 irater)
382 2669 414 2703 ae
431 2669 514 2717 nepos
533 2652 696 2715 Stesagoras
710 2662 737 2702 et
752 2656 806 2704 ira·
859 2656 964 2721 seqq),
992 2658 1036 2721 qni
1060 2657 1129 2707 haee
1148 2656 1257 2723 ringula
1278 2664 1400 2709 veterum

268 2733 310 2776 ter
329 2727 415 2774 minor
433 2729 501 2773 natu
516 2724 680 2787 Stesagoras
700 2724 740 2784 ΙΙ,
762 2726 808 2788 qui
859 2727 1021 2789 scriptorum
1037 2727 1202 2777 testimoniis
1213 2728 1402 2791 comprobarit

267 2801 331 2861 post
349 2794 500 2843 Miltiadem
520 2792 548 2842 11
565 2793 735 2855 tyrannidem
749 2808 808 2843 sus·
860 2795 940 2858 idque
954 2797 1220 2858 praetereaaddidit:
1242 2797 1334 2861 „quod
1350 2798 1401 2846 iter

268 2865 341 2929 cepit
362 2877 489 2926 eamque,
511 2877 571 2911 eum
591 2862 648 2911 sine
662 2862 718 2911 ulla
734 2861 809 2927 prole
861 2864 1040 2914 Athenienses
1054 2866 1249 2929 praedicabant
1263 2882 1280 2914 a
1294 2866 1400 2916 Theseo

268 2939 390 2985 mortuns
411 2937 497 2992 esset,
513 2930 632 2981 Miltiadi
644 2932 700 2992 lli,
721 2932 810 2992 fratri,
860 2938 992 2983 munitum
1002 2938 1145 2999 tutumque
1156 2952 1172 2984 a
1182 2935 1334 2985 latronibus
1344 2936 1401 2985 red-

268 3004 389 3068 raliquit.
416 3001 495 3051 Cerri.
514 3000 648 3065 Lycophr.
664 3001 810 3051 Alexandr.
862 3003 963 3059 ditum,
987 3004 1086 3066 quibus
1106 3007 1222 3055 maxime
1239 3004 1402 3056 Eleutherna

268 3074 320 3125 533
332 3073 424 3136 ibique
438 3070 603 3120 Bachmann.
617 3086 678 3134 pag.
695 3073 753 3122 les.
777 3072 808 3119 ln
863 3078 890 3120 et
902 3072 963 3122 locs
973 3072 1164 3125 Cithaeronem
1178 3076 1334 3124 adiacentia
1348 3078 1401 3125 iarn

270 3155 419 3205 temporum
436 3139 589 3188 rationibus
610 3140 822 3206 constituendis
861 3142 925 3190 olim
942 3141 975 3190 sb
990 3141 1099 3192 heroum
1117 3159 1204 3208 usque
1224 3151 1316 3194 aetate
1333 3144 1403 3196 iufe-

269 3227 328 3262 cum
337 3207 475 3260 Vosmelio
486 3207 809 3259 l.l.eonsentitFischer:
862 3215 905 3259 sta
923 3216 1000 3259 erant
1015 3216 1041 3261 et
1054 3215 1238 3275 periculosa.“
1268 3216 1290 3264 A
1303 3215 1403 3277 quibus

269 3280 368 3330 Griech
386 3276 497 3329 Zeittaf.
511 3293 573 3341 pag.
587 3278 643 3337 136,
655 3280 738 3340 quiet
751 3280 811 3341 ipse
862 3279 990 3328 dissentit
1009 3281 1133 3331 Curtius:
1156 3284 1224 3332 Voin
1236 3285 1359 3348 Wegbau
1377 3302 1402 3348 p.

269 3363 342 3398 anuo
358 3348 410 3399 566
424 3350 487 3396 ante
504 3345 565 3393 Chr.
583 3361 608 3396 n.
622 3345 739 3396 collocat
753 3347 812 3396 Mil·
862 3351 895 3397 27
916 3346 1106 3411 (Denhschrit't
1125 3351 1151 3400 d.
1173 3353 1295 3404 Berliuer
1313 3353 1402 3405 Alrnd.

270 3417 387 3478 tiadsm,
401 3413 510 3479 Cypseli
525 3413 624 3473 filium3
643 3431 744 3465 annum
759 3417 812 3467 556
866 3417 941 3466 1854.
957 3433 983 3480 p.
1001 3419 1076 3481 235);
1095 3424 1267 3485 nequeenim
1284 3422 1336 3472 hac
1349 3424 1402 3483 vin,

269 3489 400 3552 posuerat
412 3482 524 3535 Schultz
536 3483 565 3532 in
578 3485 708 3549 Apparet.
721 3486 810 3536 critic.
862 3502 934 3550 quae
951 3486 1103 3538 Eleusinem
1119 3493 1288 3556 attingebat,
1302 3492 1403 3542 Dolon-

271 3555 520 3619 Spec.11,pag.'2.
862 3572 910 3606 eos
933 3557 1072 3621 proiectos
1092 3574 1151 3610 esse
1169 3568 1263 3624 putat,
1282 3562 1329 3613 sed
1350 3562 1405 3611 elis

304 3616 373 3680 τοὺς
388 3616 530 3687 βασιλέας]
562 3621 606 3671 lla
623 3621 685 3671 dedi
700 3637 747 3686 pru
763 3619 813 3687 βα·
863 3626 980 3689 quadam
994 3627 1048 3689 via,
1062 3643 1132 3691 quae
1145 3646 1191 3694 per
1206 3633 1360 3695 'Panagrarn
1377 3637 1405 3681 et

271 3689 377 3757 σιλῆας.
408 3690 502 3742 Plures
523 3689 704 3740 Doloncornm
727 3692 812 3742 tuisse

270 3768 375 3827 gentes,
389 3777 459 3827 quae
471 3758 593 3823 singulae
606 3776 671 3811 suos
688 3762 813 3811 miserint

271 3847 348 3898 reges
359 3831 494 3896 Delphos,
514 3845 600 3892 ponas
620 3846 732 3881 neeesse
750 3832 811 3893 erit,

270 3902 324 3952 nisi
336 3892 404 3958 τούς
416 3893 547 3967 pecator
564 3901 673 3949 omnino
690 3902 812 3963 accipias

268 3972 397 4035 principes
408 3972 525 4023 ciuitatis.
538 3972 669 4029 primores.
695 3970 736 4019 Cf.
751 3970 813 4032 VII,

273 4041 323 4093 165
336 4047 364 4092 et
376 4041 486 4093 Homer.
500 4038 598 4102 Odyss.
614 4040 643 4101 I,
657 4039 719 4091 364.
734 4040 812 4102 Vlll,

270 4112 314 4163 41.
329 4110 382 4163 366
399 4116 427 4160 et
444 4110 500 4161 vid.
516 4109 552 4158 ad
569 4109 625 4161 hl.
645 4111 746 4163 Ameis.
780 4110 812 4159 ln

271 4196 348 4245 seqq.
361 4181 396 4230 ad
413 4172 458 4229 int
471 4174 562 4240 ξείνια
575 4178 611 4229 ef.
625 4182 656 4240 V,
675 4180 707 4229 18
720 4181 813 4244 ibique

271 4253 341 4301 nott.
358 4249 442 4308 etVI,
456 4251 499 4300 35.

305 4309 358 4381 τὴν
371 4310 439 4381 ἱρὴν
452 4310 533 4384 ὁδὸν]
557 4317 759 4379 „Celeberrima
771 4334 814 4367 aa·

271 4401 317 4435 cra
329 4390 378 4444 oia,
392 4401 461 4449 quae
475 4387 587 4436 Athenis
598 4386 753 4437 Eleusinem
765 4387 813 4436 du·

272 4456 367 4518 eebst,
390 4454 419 4504 in
434 4456 555 4506 Pausan.
572 4457 600 4518 l,
613 4456 647 4505 36
667 4461 695 4506 et
712 4455 811 4508 Athen.

863 3697 946 3758 Asopi
956 3695 1052 3745 vallem
1067 3698 1094 3745 in
1104 3699 1261 3762 Tetrapolis
1275 3702 1405 3751 ducebat:

863 3764 935 3813 unde
962 3781 1008 3814 eos
1034 3766 1155 3817 Athenas
1178 3786 1207 3818 se
1237 3774 1406 3822 convertisse

864 3834 967 3882 vult-
987 3825 1175 3895 ἕκτραπονται
1193 3831 1236 3887 ἐπ’
1252 3834 1405 3904 Ἀθηνέων.

864 3903 931 3954 Mihi
944 3903 1032 3954 altera
1045 3909 1183 3957 sententia
1194 3909 1284 3973 placet
1296 3915 1407 3977 propter

864 3973 926 4049 ipsa
939 3974 1071 4023 Herodoti
1084 3978 1169 4027 verba
1191 3972 1254 4042 τὴν
1276 3973 1361 4044 ἱρὴν
1377 3970 1407 4027 ὁ-

864 4040 905 4089 do
916 4057 945 4101 v,
960 4059 1030 4108 quae
1039 4046 1085 4094 vix
1096 4045 1177 4096 aliam
1187 4048 1405 4112 quandamviarn

864 4112 1018 4175 significare
1032 4119 1168 4177 poterunt.
1185 4145 1216 4153 -
1232 4119 1274 4168 Ad
1288 4124 1408 4169 structu-

865 4196 937 4230 ram:
957 4171 1066 4245 ἤϊσαν
1086 4176 1408 4251 κα1-ἔιιτροὶπον-

864 4265 921 4298 ται
943 4252 980 4301 ei.
995 4258 1064 4329 nott.
1078 4254 1112 4303 ad
1125 4256 1162 4317 V,
1177 4257 1224 4313 553
1243 4259 1318 4308 etad
1332 4258 1408 4309 loeu-

864 4323 979 4371 tionem:
1006 4315 1096 4378 ἰοντες
1121 4353 1150 4363 -
1172 4315 1259 4387 ἤϊσαν
1278 4326 1408 4378 Kuehuer

864 4390 910 4439 tir.
929 4390 975 4439 Gr.
997 4394 1021 4454 §.
1040 4392 1100 4442 675.
1124 4398 1181 4444 not.
1201 4395 1218 4447 3
1236 4399 1262 4446 et
1281 4401 1351 4449 nott.
1372 4397 1408 4446 ad

863 4457 901 4507 VI
906 4494 912 4520 ,
924 4457 967 4511 30.
