3100 5175
270 399 311 462 96
700 395 972 460 HERODOTI

270 595 378 654 τινες·
404 571 485 663 μετὰ
506 575 542 644 δὲ
555 572 678 664 χρόνον
693 579 935 663 προβαίνοντος
957 568 1025 660 ἅμα
1045 576 1087 660 τῇ
1105 574 1205 660 φωνῇ
1223 570 1408 659 μετέβαλον

271 772 444 835 adduxisset,
466 771 560 823 literas
584 771 715 823 didicisse
739 771 814 824 vide·
864 788 977 838 rumque
989 772 1094 822 censeri
1108 777 1246 820 auctorem
1262 768 1408 832 illenegat,

271 843 388 904 bantur,
409 842 570 907 Dionysium
589 842 712 906 inprimis
730 846 813 907 sique
865 858 927 892 cum
938 844 1033 893 Ionum
1042 841 1134 906 potius
1146 840 1307 890 commercio
1317 838 1408 888 litera·

270 913 462 974 Hecataeum,
495 919 639 975 utrumqne
666 910 813 973 Milesium,
864 928 923 962 rum
935 912 1100 962 Punicarum
1112 910 1296 975 coguitionem
1311 906 1410 958 Graeci

271 982 318 1046 qni
337 997 354 1031 a
370 983 466 1033 Danao
485 987 550 1031 ante
567 980 699 1031 Cadmum
717 978 814 1030 literas
865 982 1019 1033 debuerint.
1045 984 1081 1030 ht
1094 979 1138 1030 vel
1155 985 1219 1029 ante
1236 981 1317 1028 Iones
1337 993 1409 1027 com-

271 1050 372 1100 allatas
395 1052 481 1100 fuisse
502 1050 688 1112 tradiderant,
707 1050 817 1099 Phoeni·
866 1054 966 1101 morcio
979 1053 1106 1101 florentes
1124 1050 1220 1100 literae
1236 1047 1348 1098 Graecis
1364 1063 1409 1096 co·

270 1125 325 1170 cius
336 1125 363 1170 et
372 1121 445 1184 ipsas
458 1120 546 1171 dictas
560 1119 730 1181 aPhoeuice,
743 1121 815 1184 Age·
866 1122 959 1186 gnitae
972 1120 1092 1171 fuerunt.
1119 1120 1218 1183 ltaque
1232 1120 1261 1166 in
1273 1115 1409 1167 Herodoti

272 1190 345 1240 noris
369 1189 433 1241 filio.
469 1189 494 1237 A
523 1189 621 1254 quibus
649 1189 815 1240 dissentiens
866 1192 1024 1240 narratione
1053 1186 1301 1254 acquiescendum,
1328 1201 1410 1250 quarn

270 1259 427 1310 Herodotus
438 1258 554 1308 nominis
563 1273 670 1322 qnoque
680 1259 814 1309 rationem
866 1261 939 1310 omni
960 1261 1011 1310 tide
1026 1258 1138 1322 diguam
1158 1259 1254 1307 merito
1271 1256 1411 1305 indicare·

271 1329 403 1379 veriorem
423 1327 636 1392 demonstravit,
651 1328 815 1378 Phoenicius

270 1397 367 1448 literas
389 1413 406 1447 a
422 1397 620 1456 Phoenicibus,
643 1398 692 1461 qui
714 1413 762 1447 eas
786 1399 815 1446 iu

272 1467 417 1518 Graeciam
448 1466 610 1528 intulerint,
639 1467 727 1517 dictas
742 1482 815 1517 esse

272 1542 411 1598 statuens,
436 1537 477 1586 ita
493 1540 524 1586 ut
543 1535 665 1585 dubitari
686 1542 815 1601 nequeat,

273 1608 339 1671 quin
355 1609 415 1671 ipse
432 1622 510 1656 nsum
529 1606 684 1668 literarum,
710 1622 779 1670 quas
798 1622 815 1656 a

272 1675 419 1725 Palamede
430 1675 555 1727 inventas
567 1691 627 1726 esse
636 1674 717 1740 vulgo
728 1677 817 1725 iacta-

272 1745 340 1796 bant
353 1745 450 1795 Graeci
466 1743 533 1810 (vid.
547 1744 612 1794 Otto
626 1744 714 1795 Jahn:
733 1744 815 1795 Pala-

273 1816 344 1866 mod.
357 1830 419 1879 pag.
435 1814 468 1864 23
481 1815 586 1878 seqq),
600 1830 617 1864 a
629 1814 815 1865 Phoenicibus

237 1911 243 1923 ·
272 1884 402 1934 traditam
420 1900 479 1935 esse
494 1883 650 1934 crediderit.
677 1883 768 1948 Atque
787 1885 814 1934 id

272 1955 332 2018 ipsa
343 1955 415 2004 ratio
428 1953 540 2005 evincit.
560 1953 671 2003 Minime
685 1955 756 2002 enim
769 1952 817 2002 du·

273 2024 358 2084 bium,
366 2026 430 2087 quin
441 2022 546 2085 literas,
553 2023 652 2088 quibus
662 2021 724 2072 olim
735 2024 818 2074 Grae·

272 2092 300 2142 ci
311 2093 367 2141 sint
381 2094 432 2155 usi,
446 2097 585 2142 auctorem
599 2092 745 2142 habuerint
758 2094 817 2143 sire

272 2161 412 2222 Cadmum,
426 2161 484 2211 sive
496 2159 667 2223 Phoenices,
684 2163 729 2225 qui
745 2163 818 2212 inter

273 2231 396 2281 rudiores
410 2229 543 2279 Graeciae
559 2235 654 2294 gentes
674 2228 816 2281 literarum

273 2301 391 2350 omniurn
408 2303 532 2364 expertes
549 2299 729 2364 propagarint
746 2301 816 2350 istas

274 2386 291 2419 a
308 2385 337 2418 se
351 2368 465 2432 primum
484 2367 593 2419 allatas.
620 2369 664 2418 Tu
678 2368 767 2430 cont,
782 2386 816 2420 ne

273 2438 353 2503 plura
370 2439 398 2486 in
413 2454 441 2487 re
456 2437 601 2488 admodum
619 2437 776 2504 disceptata
788 2442 816 2489 et

271 2507 379 2572 agitata
396 2505 679 2572 proferam,Fiacher.
694 2509 728 2558 ad
743 2508 815 2559 Wel-

272 2578 320 2627 ler.
338 2578 361 2628 I.
380 2592 444 2643 pag.
460 2578 475 2628 7
499 2574 559 2627 coll.
574 2576 693 2628 Boeclrh.
707 2577 816 2630 Staats-

273 2646 369 2697 haush.
391 2646 417 2697 d.
430 2646 494 2696 hth.
516 2646 555 2696 11.
576 2661 640 2712 pag.
654 2646 722 2711 387,
743 2649 816 2700 Rose

271 2717 300 2766 iu
314 2716 456 2779 Inscripti.
472 2731 497 2780 p.
510 2715 564 2767 v11
578 2731 653 2781 seqq.
667 2732 701 2767 ac
711 2718 817 2783 praeci·

272 2801 326 2851 pue
355 2786 444 2834 Franz
470 2783 617 2836 Elementt.
647 2787 815 2851 epigraphis.

273 2856 369 2907 Graec.
386 2870 447 2920 pag.
469 2854 514 2917 15,
532 2855 579 2919 qui
593 2855 717 2904 omnibns
731 2863 758 2905 et
769 2874 817 2908 re·

272 2930 361 2974 terum
386 2929 414 2974 et
442 2924 623 2974 recentiorum
651 2925 815 2975 testimoniis

272 2995 366 3045 allatis
395 2994 489 3045 literas
507 2993 627 3045 Graecas
647 3010 680 3045 ex
703 2995 816 3046 Oriente

273 3063 404 3113 advectas
417 3064 600 3115 Phoenicibus
612 3063 705 3114 deberi
719 3064 816 3129 proha·

192 3150 197 3159 ·
272 3133 314 3182 vit
326 3137 455 3196 recteque
470 3136 553 3182 etiarn
572 3133 638 3182 illud
656 3137 815 3197 pronuntia-

272 3202 328 3263 vit:¹
360 3200 526 3267 „alphabeti
550 3201 693 3251 Phoenicii
722 3220 815 3255 ornnes

271 3271 372 3334 viginti
399 3271 467 3320 duas
493 3269 587 3321 literas
609 3287 671 3321 cum
692 3274 816 3337 antiquis

273 3339 385 3389 Graecis
393 3355 552 3403 congruere,
562 3341 616 3389 uisi
625 3341 696 3403 quod
704 3342 817 3392 sibilan-

272 3409 312 3457 tia
330 3407 408 3457 sedes
425 3424 489 3458 suas
506 3409 535 3457 in
550 3408 696 3474 alphabeto
710 3411 815 3461 Graeco

271 3478 469 3541 permutarint,
494 3477 575 3527 hodie
599 3493 677 3528 nemo
702 3487 744 3530 est
767 3482 815 3544 qui

271 3546 406 3611 ignoret.“
434 3546 563 3608 Quae-ad
580 3547 714 3597 Herodoti
734 3549 813 3601 fidem

271 3615 439 3681 probandam
452 3621 582 3681 qnantum
598 3617 722 3683 valeant,
735 3634 813 3669 nemo

271 3702 327 3736 non
346 3685 429 3736 videt.
456 3687 504 3739 Cr.
526 3686 562 3735 ad
572 3685 707 3736 Herodoti
724 3687 813 3737 locum

270 3759 413 3820 praeterea
432 3755 551 3806 conferri
571 3755 629 3806 vult
648 3755 814 3807 Raoul-Ro·

270 3825 374 3875 chette:
387 3827 466 3875 Deux
474 3826 581 3875 Lettres
592 3824 814 3889 hMylordhber-

269 3896 347 3946 deen.
360 3894 440 3944 Paris
457 3895 531 3946 1816.
553 3910 615 3959 pag.
630 3894 679 3954 65,
697 3900 725 3945 et
739 3896 812 3961 Hug.

269 3964 408 4014 Grotium:
429 3965 471 4014 De
484 3967 603 4015 veritate
617 3964 694 4030 relig.
711 3964 812 4017 Christ.

267 4035 315 4085 lib.
333 4035 356 4087 Ι.
373 4037 397 4098 ἕ.
414 4035 455 4085 15.
477 4049 537 4100 pag.
551 4034 585 4085 26
600 4049 676 4099 seqq.
700 4033 741 4085 ed.
756 4035 813 4084 Ha·

268 4104 336 4155 lens.
349 4103 425 4156 1734.
450 4104 522 4166 Quin
535 4106 593 4169 ipse
604 4104 635 4154 C.
645 4104 677 4153 Ο.
689 4104 811 4159 Mueller.

268 4174 430 4225 Orchomen.
441 4189 502 4239 pag.
517 4174 566 4225 115
580 4177 609 4224 et
620 4173 744 4239 Giitting.
755 4176 812 4225 rin-

865 1335 929 1379 rnnt
947 1330 1011 1393 Hug
1035 1327 1195 1392 (Erfindung
1214 1326 1261 1376 der
1269 1325 1411 1374 ¹Bachaia-

865 1399 1016 1450 bensclrrilt
1028 1413 1090 1461 pag.
1108 1394 1257 1458 lta-142)
1280 1401 1308 1443 et
1321 1394 1409 1445 Ulrici

868 1467 978 1532 (Gesch.
994 1469 1021 1518 d.
1038 1465 1145 1516 Hellen.
1161 1464 1332 1516 Dichtkunst
1346 1465 1369 1513 1.
1383 1479 1410 1528 p.
1499 1471 1501 1474 '

867 1540 917 1588 227
932 1535 1013 1602 seq),
1026 1552 1077 1587 neo
1090 1535 1182 1586 Wolfii
1196 1533 1339 1600 probanda
1351 1548 1411 1584 sen·

865 1608 955 1657 tentia
963 1609 991 1656 in
998 1606 1123 1671 Prolegg.
1132 1606 1167 1654 ad
1174 1606 1282 1654 llomer.
1291 1619 1318 1667 p.
1327 1603 1395 1652 Llll
1405 1619 1412 1650 ε

866 1677 1069 1739 ,‚Herodotum‚
1104 1676 1164 1725 reri
1190 1673 1411 1723 amantissimum

865 1747 969 1810 pariter
979 1753 1006 1796 et
1014 1745 1137 1795 fictorum
1146 1743 1275 1808 cupidum
1285 1747 1411 1792 narrato·

865 1832 931 1878 rem,
948 1815 1000 1865 hoc
1011 1830 1119 1880 quoquc
1130 1814 1192 1870 loco
1202 1818 1294 1863 tenere
1308 1827 1411 1861 morem

867 1900 954 1944 suum,
970 1899 1051 1949 quum
1065 1900 1095 1935 se
1106 1899 1160 1934 non
1172 1888 1277 1933 certam
1286 1887 1315 1931 et
1327 1881 1410 1946 vulgo

867 1956 1000 2006 creditam
1012 1970 1083 2017 rem,
1096 1953 1144 2004 sed
1156 1952 1257 2002 lamam
1274 1951 1411 2016 quandam

867 2025 919 2076 sibi
930 2024 1073 2089 probatam
1086 2023 1183 2074 afferre
1192 2021 1339 2085 significet,
1350 2023 1410 2085 ipse

867 2110 985 2155 cavens,
1008 2109 1043 2143 ne
1063 2095 1106 2143 cui
1122 2091 1270 2156 mythicam
1288 2107 1345 2142 rem
1361 2105 1410 2154 pro

867 2169 1006 2228 comperta
1020 2162 1120 2213 habere
1131 2162 1247 2212 libeat.“
1275 2160 1409 2210 Valcken.

867 2234 903 2282 ad
918 2232 945 2284 h.
958 2232 975 2282 l.
987 2232 1021 2281 de
1032 2231 1120 2282 literis
1133 2230 1260 2282 Cadmeis
1273 2231 1412 2280 citaverat

867 2302 1007 2354 Plutarch.
1019 2302 1056 2352 11.
1067 2316 1131 2367 pag.
1146 2300 1197 2352 738
1209 2302 1241 2352 Ε.
1252 2306 1280 2350 ot
1295 2298 1412 2360 10092,

867 2372 939 2436 apud
948 2373 1115 2421 Pausaniam
1129 2370 1285 2435 frequenter
1295 2385 1410 2418 comme·

867 2441 967 2491 morari
983 2441 1114 2491 adiiciens
1128 2441 1219 2504 prisca
1234 2440 1410 2504 epigramma-

867 2517 897 2560 ta
916 2509 1002 2561 literis
1027 2511 1148 2574 antiquis
1168 2510 1270 2560 Atticis
1297 2510 1411 2573 scripta,

866 2580 920 2644 vl,
935 2580 966 2632 19
981 2581 1026 2630 iin.
1043 2579 1075 2641 V,
1087 2581 1133 2643 17,
1146 2579 1170 2631 3.
1190 2581 1223 2637 V,
1236 2580 1279 2641 22,
1291 2580 1317 2630 2.
1332 2578 1410 2636 VIII,

867 2651 910 2701 25.
929 2653 954 2712 §.
970 2652 994 2701 l.
1022 2651 1098 2712 Quae
1113 2664 1168 2699 nna
1185 2665 1247 2700 cum
1261 2648 1324 2698 aliis
1344 2664 1411 2714 qno·

866 2735 919 2786 que
932 2720 1065 2769 excitavit
1076 2719 1194 2770 Siebelis
1207 2719 1242 2769 ad
1254 2720 1375 2768 Pausan.
1388 2718 1410 2773 Ι,

867 2792 892 2839 2.
909 2791 934 2852 5.
946 2790 962 2837 4
977 2788 1037 2838 coll.
1051 2789 1086 2838 ad
1097 2790 1144 2851 VI,
1157 2788 1197 2840 19.
1213 2792 1238 2851 5.
1252 2789 1278 2839 3.
1292 2803 1354 2852 pag.
1367 2789 1410 2838 il.

867 2859 910 2907 Tu
929 2859 1022 2909 confer
1041 2873 1148 2923 quoqne
1169 2874 1186 2908 a
1202 2860 1251 2909 Gr.
1268 2857 1411 2908 laudatum

866 2928 1003 2979 Letronne
1022 2927 1050 2977 in
1061 2928 1158 2978 Journ.
1174 2927 1201 2979 d.
1215 2928 1280 2977 Sar.
1298 2928 1365 2979 1820
1383 2942 1411 2992 p.

867 2996 978 3048 49-51.
1003 2998 1078 3048 Bene
1096 3002 1188 3047 autem
1201 2997 1410 3047 0515115171οὲ-

867 3080 916 3130 ga:
929 3066 970 3115 De
981 3067 1109 3119 obelisco.
1121 3081 1184 3131 pag.
1193 3066 1244 3117 354
1255 3082 1322 3131 seq,
1333 3073 1412 3118 vetn-

867 3135 1003 3186 stissimas
1016 3136 1110 3185 literas
1119 3152 1173 3186 nou
1186 3136 1214 3185 in
1224 3136 1356 3201 sepulcris
1371 3138 1411 3185 in·

867 3205 964 3267 veniri,
977 3205 1023 3255 sed
1035 3206 1062 3256 iu
1074 3206 1205 3267 donariis,
1220 3205 1254 3255 ad
1267 3222 1338 3270 quae
1351 3222 1411 3270 spe-

867 3278 944 3323 ctent
967 3276 1164 3327 remotissimae
1186 3276 1288 3326 aetatis
1313 3276 1411 3325 inscri-

867 3343 991 3407 ptiones,
1011 3360 1081 3409 quae
1104 3346 1139 3395 ad
1157 3360 1208 3394 nos
1228 3345 1410 3408 pervenerint.

867 3439 900 3448 —
920 3414 952 3463 ln
971 3429 1045 3478 seqq.
1065 3430 1113 3478 pro
1134 3411 1231 3475 aptota
1249 3405 1314 3477 μὲν,
1336 3414 1411 3463 τοῖσι

865 3477 912 3530 καὶ
925 3470 1046 3540 οῗναντες
1054 3477 1191 3548 χρέωνται
1201 3480 1334 3540 Φοίνικες
1343 3484 1412 3534 San-

866 3551 947 3603 crosti
971 3553 1053 3603 liber:
1085 3550 1183 3615 πρώτα
1205 3545 1257 3615 μὲν
1283 3544 1410 3602 τούτοισι

865 3610 1010 3684 ἐχρέωντο,
1021 3618 1146 3683 κατάπερ
1157 3616 1203 3670 aul
1216 3611 1341 3679 ἅπαντας
1351 3615 1411 3686 χρέ-

866 3705 950 3738 ωνται
962 3688 1102 3753 Φοίνικες,
1114 3692 1184 3759 quod
1194 3692 1300 3756 recepit
1309 3692 1411 3742 Sohae-

866 3759 948 3810 serus.
973 3761 1106 3825 Equidem
1121 3778 1181 3812 cum
1197 3761 1308 3826 reliquis
1322 3763 1410 3812 edito·

865 3828 940 3878 ribus
969 3830 1134 3896 reliquorum
1159 3832 1238 3885 codd.
1262 3830 1409 3882 lectionem

864 3900 988 3962 restitui,
1013 3899 1207 3966 simpliciorem
1226 3902 1321 3965 ntique
1347 3908 1375 3953 et
1393 3916 1410 3950 a

865 3968 1003 4019 Sancrot'ti
1030 3971 1132 4020 codicis
1158 3971 1272 4021 librario
1300 3977 1409 4036 praeter

864 4040 1056 4092 necessitatem
1070 4042 1110 4089 ita
1127 4040 1311 4105 explanatam.
1338 4042 1408 4092 Nam

862 4108 1004 4172 scriptoris
1020 4108 1089 4160 haec
1103 4115 1146 4161 est
1161 4112 1307 4174 sententia,
1324 4110 1408 4160 (irae-

862 4192 909 4227 cos
934 4178 1029 4242 primis
1054 4180 1222 4244 temporibus
1254 4197 1308 4230 non
1337 4180 1408 4231 alias

267 4244 336 4305 neig.
354 4242 416 4293 1831
440 4258 479 4292 nr.
495 4243 538 4293 31.
558 4259 621 4308 pag.
640 4244 692 4294 299
709 4243 759 4295 hoc
782 4245 810 4295 in
861 4262 1009 4313 usurpasse
1039 4249 1153 4311 literas,
1182 4266 1262 4314 qnam
1291 4264 1407 4314 quaram

267 4311 379 4361 dubium
397 4327 496 4362 vocare
517 4313 626 4362 minime
652 4328 734 4364 ausus
757 4320 808 4377 est,
861 4317 981 4382 ipsarum
991 4319 1406 4383 apudPhoenicessueritusus;

267 4380 416 4430 Graecosa
432 4380 612 4432 Phoenicibus
630 4382 759 4434 didicisse
773 4384 805 4433 li·
859 4390 918 4436 tum
932 4387 1052 4447 demum.
1074 4390 1121 4439 nbi
1135 4389 1265 4453 paulatim
1282 4388 1407 4454 linguam

266 4454 349 4515 teras,
362 4448 410 4502 sed
420 4449 552 4502 Cadmum
565 4467 612 4504 eas
622 4452 748 4504 attulisse
762 4468 808 4505 ea·
858 4456 1014 4525 (Punicam)
1026 4460 1167 4525 mutarint,
1181 4459 1322 4512 literarum
1337 4475 1407 4527 quo·
