3100 5175
199 375 202 380 '
238 368 276 430 10
667 365 939 428 HERODOTI

235 542 400 612 θάπτεται
421 547 469 635 τῷ
489 538 598 631 άνιλρί.
642 546 680 610 αλ
697 541 734 610 δὲ
754 538 853 610 άλλαι
873 535 1052 628 συμφορὴν
1070 536 1219 629 μεγάλην
1235 542 1370 607 ποιεῦν-

209 659 308 719 6ται·
331 645 461 726 ὄνειδος
481 646 545 736 γάρ
567 668 627 734 σφι
649 650 746 715 τοῦτο
767 643 924 733 μέγιστον
937 651 1074 730 γίνεται.
1115 647 1190 711 Τῶν
1205 642 1241 711 δὲ
1257 639 1298 730 δὴ
1312 639 1369 711 άλ-

235 760 305 820 λων
326 758 483 842 Θρηΐκων
510 752 579 820 ἐστὶ
603 747 661 818 ὅδε
685 745 703 819 ὁ
730 746 839 838 νόμος.
887 750 1034 817 πωλεῦσι
1059 745 1220 817 τὰτέκνα
1244 742 1298 815 ἐπ’
1320 750 1370 829 ἐξ·
1433 794 1440 806 ·

234 859 359 945 αγωγῇ.
403 852 460 934 τάς
491 854 527 924 dl
549 856 742 944 παρθένους
768 849 809 921 οὐ
831 850 1059 940 φυλάσσουσι,
1087 847 1161 920 ἀλλ’
1185 855 1263 920 ἐῶσι
1286 866 1372 919 τοῖσι

234 955 333 1028 αὐταὶ
346 956 525 1046 βούλονται
538 955 682 1045 άνδράσι
701 965 892 1047 μίσγεσθαι.
929 951 988 1035 τάς
1003 955 1039 1024 δὲ
1054 972 1216 1042 γυναῖκας
1230 958 1372 1041 ἰσχυρῶς

234 1062 461 1151 φυλάσσουσι,
494 1063 551 1131 καὶ
578 1059 739 1132 ὠνέονται
763 1058 822 1141 τὰς
848 1075 1010 1148 γυναῖκας
1039 1055 1129 1145 παρά
1149 1063 1217 1127 τῶν
1243 1061 1372 1147 γονέων

233 1165 411 1256 χρημάτων
424 1165 594 1256 μεγάλων·
626 1167 681 1235 καὶ
695 1163 732 1234 τὸ
746 1164 807 1254 μὲν
829 1167 980 1251 ἐστίχθαι
1000 1159 1134 1251 εὐγενὲς
1147 1165 1313 1252 κέκριται,
1336 1159 1372 1230 τὸ

234 1368 279 1418 oui
292 1366 354 1418 add.
365 1367 520 1432 iuterprett.
533 1367 568 1416 ad
580 1364 684 1417 helian.
694 1368 728 1419 V.
739 1366 775 1418 Η.
828 1378 929 1414 memor
946 1363 999 1414 fuit
1015 1362 1165 1428 Couaindry
1189 1361 1315 1429 (voyage
1338 1378 1372 1414 en

232 1437 297 1500 Vll,
314 1436 355 1488 18.
383 1438 458 1488 idem
471 1437 544 1504 apud
556 1437 640 1487 Indos
653 1436 716 1486 olim
729 1451 776 1485 ra·
827 1432 934 1484 Maced.
942 1434 963 1483 Ι.
971 1448 1033 1498 pag.
1039 1433 1156 1498 93—97)
1165 1433 1280 1483 similem
1289 1449 1372 1498 quen-

232 1506 318 1558 luisse
330 1523 344 1556 e
354 1506 469 1557 Diodori
480 1508 636 1557 narratione
647 1505 778 1571 intelligi·
828 1506 890 1554 dam
902 1502 991 1553 adhuc
1008 1505 1037 1552 in
1049 1504 1112 1553 istis
1128 1503 1287 1568 regionibns
1302 1503 1372 1554 obti-

232 1582 278 1628 tur
294 1576 374 1635 XIX,
392 1576 434 1628 33.
454 1576 502 1641 34,
528 1577 575 1627 ubi
594 1576 649 1627 vid.
666 1576 776 1627 Wesse-
828 1589 892 1623 nere
907 1589 1007 1624 morem
1020 1577 1136 1626 testans
1166 1576 1289 1638 Namque
1304 1588 1319 1623 e
1334 1572 1372 1622 lo-

231 1647 312 1713 ling.;
336 1647 403 1712 quin
422 1648 571 1698 etiamnum
589 1645 680 1696 valere
697 1661 776 1697 nemo
828 1643 869 1695 eis
884 1644 1022 1693 montanis
1035 1643 1070 1693 ad
1089 1642 1155 1693 fines
1171 1643 1371 1694 veteriahlace

232 1717 289 1769 fere
307 1718 405 1768 nescit.
439 1717 521 1768 Aliud
538 1716 703 1767 Graecarum
719 1731 777 1766 mu·
829 1714 927 1764 donrae
937 1711 1088 1777 srtrs(nunc
1101 1716 1216 1763 vocatur
1226 1729 1301 1778 regio
1312 1714 1372 1763 Dor

231 1786 327 1839 lierum
340 1786 505 1867 exemplum,
526 1802 596 1852 quae
609 1802 701 1837 omnes
716 1788 776 1842 τοις
826 1781 887 1847 ran)
910 1783 1057 1847 quotannis
1081 1783 1109 1831 in
1131 1782 1227 1847 planas
1247 1783 1371 1847 regiones

232 1847 406 1918 ἀνδράσιν
392 1848 493 1913 coortu
511 1847 738 1917 ἐπικατέσφαξαν
761 1871 776 1905 e
826 1853 863 1902 ad
883 1853 977 1902 urbem
996 1851 1135 1903 Salonichi
1155 1853 1243 1903 adhuc
1262 1853 1372 1903 deseen-

232 1928 352 1979 Pausan.
367 1926 460 1988 1v‚2.
474 1930 499 1990 §
512 1925 589 1980 ofin.
603 1925 699 1976 attulit
711 1924 776 1976 Val
826 1923 895 1973 dunt
908 1937 1027 1987 vrrgrnes
1044 1938 1159 1973 messem
1179 1923 1304 1973 facturae
1322 1923 1372 1973 ibi-

232 1996 311 2048 clrau.
348 1996 406 2046 Nec
417 1994 509 2047 ahena
520 2001 593 2055 aunt,
604 2011 675 2061 quae
689 1995 776 2047 deta·
826 2008 879 2058 que
890 1991 973 2043 libere
983 2008 1043 2042 cum
1054 1992 1151 2042 Turcrs
1162 1997 1372 2043 consuescentes

232 2065 303 2116 libus
319 2065 440 2131 gentium
455 2066 623 2130 quarundam
640 2065 775 2116 institutis
826 2061 922 2112 honori
940 2062 1008 2113 adeo
1027 2062 1081 2113 eibi
1098 2063 1215 2125 ducunt,
1242 2064 1266 2112 si
1284 2077 1372 2112 messe

232 2138 388 2186 notavimus
405 2135 440 2185 ad
450 2136 497 2196 lv,
514 2136 557 2186 71.
571 2163 604 2172 -
618 2138 666 2186 Cr.
680 2135 717 2186 ad
728 2136 776 2186 hu·
827 2132 902 2182 facta
912 2132 1043 2197 gravidae
1052 2133 1159 2183 domum
1169 2133 1302 2185 venerint.
1320 2133 1373 2182 Ne-

232 2208 275 2256 ius
293 2221 353 2271 cap.
372 2210 559 2268 argumentum
580 2206 698 2255 conferri
716 2203 777 2256 vnlt
828 2217 879 2267 qne
891 2204 962 2251 enim
979 2217 1010 2253 eo
1024 2202 1149 2268 impediri
1164 2207 1264 2268 putant
1279 2204 1372 2252 matri-

230 2278 349 2339 Zoligam
364 2274 406 2324 De
418 2274 545 2325 obelisco
564 2290 624 2339 pag.
643 2275 703 2327 276,
718 2279 775 2325 not.
827 2271 947 2322 monium
959 2273 1062 2323 iustum
1076 2278 1104 2323 et
1116 2272 1180 2323 illae
1198 2274 1273 2339 ipsae
1290 2272 1371 2337 virgi

231 2347 263 2403 2,
288 2345 335 2395 ubi
350 2342 467 2409 plurima
484 2344 648 2408 colliguntur
670 2346 703 2394 de
724 2344 776 2396 hoe
828 2358 891 2400 nes
914 2342 1023 2407 quando
1041 2342 1124 2392 semel
1144 2349 1248 2408 nuptae
1262 2343 1371 2401 fuerint

231 2429 321 2476 more,
336 2429 389 2480 quo
399 2414 472 2479 apud
482 2414 563 2464 rudes
555 2415 704 2482 quasdam
713 2430 776 2480 geu
828 2410 907 2460 fidem
937 2412 1046 2461 mar-itis
1073 2417 1215 2476 praestare
1244 2413 1372 2463 dicuntur

231 2488 273 2535 tes
285 2500 354 2535 uxor
368 2499 427 2534 oum
438 2500 498 2534 νιιο
512 2500 581 2536 ιιιοιι
594 2485 712 2535 iubetur
772 2519 775 2524 r
827 2482 982 2531 maximam.
1014 2481 1077 2531 Vid
1091 2480 1189 2532 Annal.
1209 2482 1235 2532 d
1251 2498 1372 2546 voyages

826 2565 876 2616 par
886 2550 1004 2617 Klaprot
993 2549 1030 2601 th.
1046 2550 1121 2601 1632.
1135 2552 1240 2615 Juinp.
1252 2551 1302 2603 361
1314 2568 1371 2616 seq

438 2655 494 2706 CM,
522 2658 562 2709 VI
826 2620 1192 2673 eteons.Casrm1r.Szulc:
1210 2623 1372 2687 Deorrgrne

498 2692 504 2708 ⁸
565 2692 571 2707 ¹
826 2697 854 2742 et
865 2691 975 2741 sedibus
986 2696 1055 2742 vett.
1072 2691 1226 2755 Illyriorum
1239 2691 1369 2756 (Posuan.

265 2758 388 2811 πωλεῦσι
407 2755 442 2811 τὰ
457 2756 541 2809 τέκνα
564 2752 613 2807 ἐπ’
634 2749 772 2825 ἐξαγωγῇ]
827 2761 904 2825 1856)
918 2777 981 2825 pag.
994 2764 1037 2812 24.
1047 2787 1081 2797 -
1094 2762 1146 2811 Ριο
1156 2763 1228 2828 vulg.
1242 2754 1300 2810 οἷοι
1309 2778 1370 2812 cum

230 2831 284 2882 i..e
297 2832 490 2882 ueudurrtnotoa
503 2844 561 2880 ιαοι
574 2831 774 2880 inolioaterros
824 2836 940 2881 recentt.
960 2833 1021 2882 edd
1042 2831 1151 2881 exhibui
1166 2835 1241 2881 τοῖσι
1261 2836 1370 2882 secutus

229 2902 403 2965 adducendos,
422 2919 443 2953 s.
458 2915 491 2951 ea
506 2898 677 2961 conditione,
696 2901 752 2949 ut
745 2916 772 2950 ιιι
824 2902 947 2951 Struve'
939 2917 982 2950 rn:
1002 2903 1115 2964 Quaest.
1136 2901 1168 2953 de
1190 2900 1299 2954 dialect
1316 2903 1371 2952 He-

229 2972 299 3023 alias
316 2976 404 3023 terras
422 2970 600 3023 abducantur.
627 2969 709 3020 Haud
721 2969 773 3020 alr
824 2970 883 3020 rod
896 2971 918 3020 Ι.
934 2986 958 3035 p
974 2972 1003 3021 21
1020 2971 1208 3048 siveOpuscc
1227 2971 1264 3022 ΙΙ
1277 2987 1304 3036 p.
1319 2972 1370 3022 282

229 3045 272 3092 ter
293 3042 349 3092 sere
369 3033 415 3090 ἐπὶ
439 3056 501 3090 cum
524 3040 618 3090 <latire
636 3041 772 3105 reperitur
824 3056 881 3105 aeq.
897 3040 939 3091 hd
948 3041 1128 3092 indicativum
1139 3033 1289 3107 βονλονται
1298 3042 1370 3092 οοιι1

229 3112 308 3173 1,,66
321 3111 433 3162 ubivid.
444 3115 513 3160 nott.
524 3110 577 3171 ΙΙΙ,
587 3110 632 3161 43
640 3110 702 3170 Vll,
714 3109 771 3161 136.
825 3110 940 3160 Werler.
964 3111 992 3160 in
1009 3113 1082 3162 Actt
1107 3110 1182 3177 phill
1201 3113 1324 3172 Monaec.
1346 3112 1370 3163 Ι.

228 3148 361 3232 Adhihuit
376 3179 512 3231 Herodoti
534 3179 618 3229 verba
635 3179 773 3230 Schaefer
825 3196 886 3245 pag.
900 3181 960 3231 214.

229 3251 264 3301 ad
283 3252 366 3301 verba
381 3248 525 3301 Plutarchi
543 3248 600 3302 Vit.
616 3248 708 3302 Solon
726 3249 774 3301 13.
860 3240 939 3298 aul
919 3242 1054 3299 οινέονται
1065 3265 1115 3306 τας
1123 3252 1299 3314 γυναικας-
1305 3265 1371 3315 χρη.

230 3311 371 3369 οιι1’ἐπ1
384 3312 516 3385 τῇξένη
530 3311 772 3382 πιπρασκόμενοι,
825 3310 922 3382 μάτων
935 3313 1075 3385 μεγάλων]
1096 3320 1219 3371 Genitivi
1234 3335 1312 3371 usum
1329 3325 1370 3371 at·

229 3390 278 3440 sed
292 3389 346 3439 vid
365 3403 435 3455 qnae
453 3386 536 3438 adh.
555 3386 573 3436 l.
594 3388 700 3438 monuit
712 3389 773 3439 We
824 3390 876 3453 tigi
896 3390 973 3451 adl,
987 3390 1036 3450 86,
1056 3390 1102 3440 ubi
1120 3390 1176 3441 vid.
1213 3390 1288 3441 Satis
1306 3406 1371 3442 con·

228 3464 377 3511 stermann.
389 3474 451 3524 pag.
467 3458 510 3509 33.
541 3457 621 3519 Quod
635 3458 692 3508 ad’
683 3473 773 3522 ipsam
825 3465 897 3522 stat,
911 3474 1073 3523 peromnem
1086 3459 1143 3509 lere
1158 3462 1289 3511 orientem
1299 3460 1369 3512 hanc

228 3530 330 3580 attinet
349 3545 422 3592 rem,
446 3529 477 3579 C.
491 3529 523 3579 Ο.
536 3525 664 3577 Mueller:
683 3528 774 3580 Ueber
825 3527 888 3579 olim
913 3528 1037 3593 viguisse
1068 3530 1306 3591 consuetudinem,
1339 3535 1371 3581 ut

229 3600 273 3650 die
286 3599 432 3650 Makedon.
453 3613 516 3664 pag.
535 3595 569 3645 58
583 3612 640 3661 seq.
658 3598 693 3648 ad
712 3598 772 3648 bar·
824 3614 953 3662 sponsam
963 3612 1079 3662 sponsus
1088 3605 1190 3651 emeret
1199 3601 1317 3665 indeque
1326 3601 1370 3650 hic

228 3672 357 3722 berorum
380 3669 497 3720 indolem
521 3681 553 3715 ac
577 3683 665 3718 mores
682 3669 772 3719 Maee-
824 3668 866 3718 illi
874 3669 964 3719 dotem
974 3670 1163 3729 constitueret,
1174 3675 1254 3736 prout
1263 3669 1295 3721 de
1306 3671 1372 3721 (ier-

228 3740 345 3791 donibus
374 3754 485 3804 prorsus
517 3737 673 3802 incognitos
704 3737 772 3788 haec
824 3740 1371 3805 manisquoquescribitTacitusinGer-

228 3810 322 3861 refert.
362 3811 384 3860 O
391 3826 415 3859 r.
444 3805 551 3860 consuli
582 3805 641 3856 vult
665 3807 770 3872 Hayne.
823 3825 896 3863 man.
917 3809 965 3872 18,
997 3810 1044 3859 ubi
1068 3810 1171 3861 consul.
1196 3812 1369 3875 interpretes.

229 3881 347 3946 Opuscc.
360 3878 463 3930 Acadd.
473 3880 522 3929 lv.
536 3891 563 3940 p.
577 3876 627 3925 125
640 3892 697 3941 seq.
711 3883 768 3928 not.
822 3878 893 3928 add.
912 3880 1035 3930 Periaou,
1060 3881 1088 3931 in
1109 3882 1256 3931 Dissertat.
1275 3880 1369 3931 Triad.

229 3950 262 4002 de
281 3965 355 4001 more
375 3949 448 4014 apud
465 3950 561 4013 gentes
585 3946 666 3997 rudes
685 3948 771 3998 incul-
823 3964 885 4014 pag.
898 3952 948 3999 271
964 3950 1107 4013 (Darentr.
1124 3948 1214 4013 1619).
1245 3949 1300 4011 Qui
1311 3966 1370 4000 mos

229 4027 328 4083 tasone
343 4020 499 4070 introducto
516 4016 631 4079 liberos,
650 4018 774 4083 inprimis
824 4034 886 4069 cum
899 4020 1023 4069 omnibus
1040 4020 1096 4072 sere
1114 4019 1242 4083 gentibus
1255 4020 1371 4070 rudiori-

227 4090 335 4156 pnellas
351 4089 486 4140 vendendi
503 4085 619 4151 indeque
631 4093 802 4152 quaestum.
824 4090 875 4140 bus
894 4089 977 4140 fuerit
995 4092 1159 4149 eommunia,
1181 4088 1255 4140 haud
1272 4090 1369 4140 mirum

229 4162 284 4211 srbr
296 4160 411 4225 parandi
423 4159 614 4218 disserentem
628 4174 706 4223 quem
717 4175 774 4209 mo·
824 4164 882 4223 ost,
901 4176 961 4211 eum
978 4161 1050 4225 apud
1065 4160 1200 4211 Thraciae
1214 4165 1310 4224 gentes
1327 4176 1370 4210 ru·

228 4247 285 4282 rem
305 4230 368 4279 inde
390 4231 477 4295 repeti
502 4228 574 4290 vult,
600 4229 671 4292 quod
695 4229 774 4281 liberi
824 4229 872 4283 des
885 4235 968 4314 atque
985 4230 1104 4282 incultas
1116 4244 1228 4309 quoque
1240 4230 1369 4280 inveniri.

229 4301 294 4351 olim
306 4297 617 4351 interrsshabsbantur
633 4316 699 4364 quas
711 4316 776 4367 quo·
859 4316 909 4350 ιιαι
930 4294 962 4350 τὸ
982 4296 1034 4363 μὲν
1052 4292 1180 4365 ἐστίχθαι
1197 4290 1309 4363 εὐγενὲς
1326 4298 1370 4348 ιιέ-

229 4385 336 4435 cunque
351 4368 432 4419 modo
447 4368 567 4419 alienare
578 4365 665 4421 licuit.
697 4373 774 4433 Quae
824 4368 930 4436 αριιαι]
951 4371 1053 4436 Attigit
1070 4370 1138 4422 haee
1149 4369 1312 4421 Eustathius
1332 4368 1368 4419 ad

229 4458 293 4492 mox
311 4439 345 4492 de
366 4439 465 4506 puellis
483 4442 658 4503 enarrantur,
682 4456 774 4492 eorum
825 4440 869 4492 Ili.
883 4457 911 4505 p
924 4440 985 4504 933,
998 4444 1051 4496 ts
1062 4440 1122 4502 904,
1134 4441 1192 4492 Set
1204 4440 1240 4490 ad
1252 4439 1367 4504 Dionys.
