3100 5175
434 397 804 466 TERPSICHORE.
825 404 864 466 V.
888 413 932 471 75.
951 416 995 473 76.
1223 409 1281 472 143

97 587 235 656 ιιοιεροι
250 575 405 640 εἵποντο·
432 578 689 665 παραλυομένου
710 578 747 647 δὲ
766 576 896 649 τούτων
914 584 975 650 τοῦ
995 583 1109 668 ἑτέρου
1129 591 1280 653 καταλεί-

142 683 266 742 πεσθαι
287 676 345 744 καὶ
359 679 429 745 ταῖν
447 682 686 778 Τυνδαριδέων
705 680 765 751 τόν
778 688 908 773 ἕτερον·
931 682 996 774 πρὸ
1010 689 1070 754 τοῦ
1091 683 1154 774 γὰρ
1169 686 1210 774 δὴ
1224 691 1280 756 καὶ

141 764 230 844 οὗτοι
243 772 448 869 ἀμφότεροι,
469 785 641 872 ἐπίκλητοί
658 805 719 873 σφι
742 786 870 874 ἐόντες,
892 792 1034 858 εἵποντο.
1078 787 1159 858 Τότε
1182 789 1223 876 δὴ
1242 795 1280 859 ἐν

37 927 40 932 -
140 882 179 964 τῇ
198 876 365 952 Ἐλευσῖνι
381 879 543 973 ὁρόωντες
563 892 598 957 ολ
615 891 723 958 λοιποὶ
742 895 811 960 τῶν
830 890 1013 980 συμμάχων
1032 877 1109 970 τούς
1129 920 1163 961 τε
1182 901 1277 980 βασι-

140 983 212 1062 λέας
237 988 310 1053 τοῖν
337 993 616 1078 Λακεδαιμονίων
642 989 705 1061 oria
733 990 973 1084 ὁμολογέοντας
996 998 1053 1064 καὶ
1072 1002 1278 1083 Κορινθίους

139 1084 335 1168 ἐκλιπόντας
366 1088 429 1179 τὴν
465 1093 558 1177 τάξιν
595 1106 725 1183 οἴχοντο
758 1100 815 1167 καλ
851 1095 947 1167 αὐτοὶ
980 1095 1275 1188 ἀπαλλασσόμενοι.

142 1190 307 1278 Τέταρτον
330 1191 482 1282 δήτοῦτο
501 1200 556 1266 ἐπὶ
575 1196 636 1287 τὴν
653 1198 802 1290 Ἀττικὴν
823 1197 1018 1290 ἀπικόμενοι
1032 1206 1198 1290 Δωριέες,
1223 1209 1321 1283 digiti

136 1386 270 1453 signorum
286 1392 374 1443 forma
391 1393 437 1460 (de
452 1411 505 1461 qua
518 1414 548 1448 re
561 1399 597 1449 ei.
612 1396 683 1449 Zo'e-
899 1433 955 1483 cn,
984 1435 1098 1486 LXXVI

136 1473 169 1522 ga
180 1459 221 1510 De
235 1461 367 1513 obelisco.
381 1478 445 1529 pag.
457 1464 521 1531 225)
538 1470 681 1533 conspicu-
959 1474 964 1486 ’
1102 1472 1108 1485 '

135 1541 177 1576 am
191 1531 292 1581 merito
312 1533 420 1582 attendi
436 1535 526 1600 iubet,
548 1538 681 1602 Tyndari·
768 1531 910 1599 Τέταρτον
925 1531 962 1601 δὴ
976 1535 1059 1586 τοῦτο
1071 1553 1096 1586 ιι,
1110 1553 1134 1589 τ.
1148 1535 1185 1602 λ.]
1200 1540 1273 1602 ,,Ρο-

136 1596 235 1664 dasque
247 1601 355 1651 utaliis
370 1604 398 1652 in
413 1619 501 1654 rerum
514 1606 680 1658 discrimini-
731 1610 805 1656 terat
827 1603 955 1670 πέμπτον
974 1608 1044 1667 dici3
1063 1623 1140 1670 nam,
1165 1608 1274 1673 singula

135 1666 195 1728 bus,
210 1670 251 1719 ita
265 1670 295 1719 in
307 1671 439 1723 bellorum
451 1690 557 1740 quoque
573 1680 679 1741 perica—
730 1677 753 1726 si
766 1682 891 1742 reputes,
910 1679 998 1742 quintu
1010 1677 1076 1726 haee
1098 1678 1150 1726 iuIt
1163 1679 1273 1742 expedi-

134 1733 165 1787 lis
177 1738 317 1791 salutares
330 1741 414 1792 faisse
425 1742 535 1795 habitos
548 1746 623 1809 deos,
636 1761 679 1796 sa·
730 1747 779 1796 tio.
805 1747 847 1795 De
861 1749 957 1808 prena,
973 1761 1042 1811 quae
1056 1747 1144 1796 Codro
1157 1763 1272 1811 regnan-

135 1807 169 1855 tia
191 1807 257 1859 hine
285 1810 381 1876 colligi
409 1827 491 1877 posse
520 1815 678 1866 arbitratur.
730 1819 758 1865 te
781 1816 884 1865 accidit
902 1814 935 1881 [i.
949 1832 973 1867 e.
987 1816 1223 1878 ann01132‚vel,
1241 1822 1271 1866 ut

135 1876 206 1937 Quae
218 1894 285 1928 cum
300 1880 341 1929 ita
353 1881 424 1942 sint,
447 1883 476 1931 iu
487 1884 678 1950 Xenophontis
729 1885 778 1934 alii
786 1889 899 1950 ponunt,
914 1900 985 1935 anno
995 1885 1061 1934 1045
1074 1892 1137 1934 ante
1146 1885 1208 1934 Chr.
1221 1884 1271 1950 n.],

134 1943 190 1996 loeo
204 1948 248 1997 De
264 1949 370 2014 republ,
381 1952 483 2001 Lacon.
495 1954 574 2016 XIII,
590 1956 616 2016 2,
630 1956 678 2006 ubi
728 1970 810 2019 quam
828 1969 882 2004 uuo
900 1955 987 2004 solum
1000 1954 1082 2003 verbo
1096 1956 1186 2018 tangit
1205 1961 1267 2004 seri·

134 2030 176 2066 rex
194 2017 230 2067 ad
250 2018 353 2070 bellum
372 2021 544 2085 proficiscens
562 2025 678 2089 primurn
728 2029 791 2089 ptor
807 2030 912 2085 noster,
932 2023 1066 2075 videndus
1078 2035 1187 2088 praeter
1200 2024 1270 2074 alios

135 2086 237 2148 quidem
261 2088 336 2138 domi
360 2106 440 2141 sacra
462 2092 551 2143 iacere
577 2093 678 2145 dieitur
726 2093 880 2144 Pausanias
901 2095 928 2156 l,
947 2093 989 2144 39.
1026 2093 1179 2157 Semurium,
1201 2093 1270 2144 duee

135 2154 297 2220 losiapetori
308 2157 353 2222 (de
366 2174 419 2224 quo
432 2161 486 2210 vid.
503 2161 532 2216 C.
547 2163 579 2213 0.
590 2164 677 2214 Muel-
726 2161 898 2212 Anchimolio
923 2177 1020 2227 param
1045 2163 1120 2213 felici
1141 2178 1270 2214 successu

134 2223 169 2274 ler
180 2224 197 2274 l.
211 2226 230 2278 l.
246 2226 289 2279 11.
304 2243 367 2293 pag.
382 2229 425 2307 00.
434 2231 489 2314 340
501 2223 563 2283 οόΙΙ.
578 2233 600 2284 Ι.
613 2249 675 2299 pag.
726 2237 882 2296 susceptam
897 2230 979 2297 [anno
993 2233 1041 2282 541
1062 2239 1128 2283 ante
1142 2233 1204 2287 Chr.
1218 2232 1270 2298 n.]‚

133 2295 190 2356 408)
203 2291 348 2354 καὶτοῖς
367 2310 431 2346 συν
451 2293 560 2366 αὐτῷ,
580 2317 614 2352 ae
631 2303 675 2353 de·
727 2305 855 2367 exposuit
870 2302 971 2352 Noster
992 2317 1053 2367 cap.
1073 2303 1116 2353 63.
1161 2303 1270 2353 Tertiam

135 2363 251 2414 indeubi
262 2365 366 2431 litavit,
377 2367 489 2420 adfines
499 2372 586 2430 exire;
600 2375 675 2437 equi-
727 2388 797 2436 quae
813 2374 900 2436 prima
921 2372 974 2421 fait
988 2371 1141 2422 Cleomenis
1155 2373 1183 2421 in
1196 2373 1270 2421 Atti-

34 2445 35 2448 ’
134 2431 188 2482 dem
203 2434 282 2484 hand
298 2438 358 2486 acio
376 2453 412 2488 an
432 2453 492 2489 oum
510 2440 676 2492 Schneidero
726 2457 786 2491 cam
799 2442 946 2506 expeditio,
961 2456 1013 2506 qua
1027 2457 1060 2492 ex
1071 2443 1165 2492 Attica
1176 2444 1268 2506 prola·

134 2502 283 2569 intelligam
306 2506 470 2571 Tyndaridae
492 2510 551 2561 sire
572 2512 676 2563 Dioscu-

133 2589 179 2629 τοι,
191 2575 333 2626 iudicatos
345 2575 397 2628 hae
409 2577 437 2627 in
449 2594 478 2629 re
492 2580 615 2633 omuibus
629 2598 676 2632 no·

133 2643 237 2694 tissima
273 2646 364 2697 verbis
406 2649 467 2704 τοῖς
494 2641 547 2697 σόν
579 2646 674 2718 αὐτοῖς

133 2716 257 2777 quamvis
272 2714 305 2763 L.
321 2715 446 2769 Dindori.
460 2716 592 2784 (Praelat.
608 2736 673 2787 pag.

35 2804 36 2855 p
131 2782 237 2846 XVIII,
253 2784 303 2833 ubi
316 2785 467 2838 Herodotei
483 2787 537 2837 loci
555 2806 608 2840 non
624 2793 674 2840 im-

35 2862 36 2883 *
132 2867 230 2902 memor
258 2853 341 2918 fuit),
374 2863 586 2909 commonstrare
616 2866 673 2911 ata·

54 2930 62 2955 ⁸
132 2920 230 2985 ditarit,
257 2922 342 2973 Ionem
362 2926 473 2991 deosque
497 2937 599 2979 canctm
620 2928 673 2979 hac

35 3036 36 3041 ,
132 2991 238 3043 dicandi
257 2992 374 3044 formala
392 2995 549 3059 significari.
593 2999 673 3061 Quod

35 3086 36 3133 j
132 3062 191 3111 mihi
224 3063 336 3128 quidem
369 3066 488 3116 nondum
524 3070 672 3133 persuasit.

35 3136 37 3207 ᾗ
132 3158 160 3167 -
177 3132 217 3183 Ut
239 3132 277 3182 ad
297 3134 466 3185 Herodotum
486 3140 515 3188 et
534 3136 619 3203 legem
637 3138 672 3188 ab

35 3210 36 3219 ¹
131 3216 160 3250 ao
179 3201 207 3250 lr.
231 3200 250 3250 l.
275 3203 411 3267 proditam
435 3213 573 3269 revertar,
603 3208 672 3258 bene

132 3271 258 3322 observat
283 3270 314 3323 C.
343 3273 376 3323 Ο.
406 3274 520 3326 Mueller
545 3277 581 3328 Il.
609 3293 671 3343 pag.

35 3340 36 3417 ζ
133 3340 191 3402 105,
213 3340 267 3391 hae
288 3341 347 3408 lege
365 3359 457 3409 rogum
477 3346 672 3410 Spartanorum

35 3454 37 3477 q
126 3416 302 3476 potestatem,
318 3428 398 3477 quam
414 3415 526 3465 inbelle
541 3432 673 3467 summam

35 3524 36 3539 ,
131 3494 175 3530 aec
188 3480 252 3531 ullis
271 3480 377 3546 legibus
390 3490 568 3548 temperatam
587 3486 671 3536 luisse

35 3552 36 3573 ³
131 3552 293 3616 accepimus,
302 3552 375 3602 haud
386 3554 556 3618 diminutam,
568 3555 615 3605 sed
625 3571 673 3606 aa·

131 3625 198 3670 etam
214 3620 317 3684 fuisse,
335 3638 398 3673 enm
409 3624 522 3674 eandem
536 3625 610 3675 illam
624 3625 672 3674 ali·

131 3689 152 3739 ir
171 3692 309 3740 institutis
336 3691 485 3743 diminuere
506 3694 670 3748 studuerint.

133 3759 298 3827 Quamquam
310 3762 399 3812 rarius
409 3763 517 3814 omuino
529 3768 671 3830 utrumque

36 3858 38 3875 ι
130 3844 213 3894 regem
226 3832 330 3896 Sparta
344 3831 465 3883 abluisse
478 3833 547 3884 idem
561 3834 641 3884 docet
656 3850 671 3886 e

36 3910 37 3951 .
130 3898 248 3966 Xenoph.
263 3900 371 3951 Hellen.
381 3903 414 3962 V,
429 3901 453 3966 3,
472 3903 512 3953 10.
538 3904 606 3954 Add.
617 3903 671 3953 Ga-

36 3984 38 4025 ι
131 3967 208 4087 priel:
224 3971 267 4022 De
282 3972 449 4036 magistrati.
461 3972 622 4025 Laeedaem.
643 3990 669 4039 p.

136 4164 145 4185 ,
172 4101 393 4173 παραλυομένου
419 4100 451 4158 dl
480 4103 589 4160 τούτων
620 4108 672 4161 τοῦ

133 4173 232 4245 etipsa]
253 4180 271 4230 i.
287 4195 312 4230 e.
328 4187 443 4229 cessante
456 4183 552 4243 altero,
565 4190 672 4231 vacuate

133 4250 245 4312 anuum,
258 4265 308 4299 nec
320 4249 350 4299 in
360 4248 461 4299 bellurn
472 4249 670 4316 proficiscente,

133 4317 176 4367 red
188 4319 259 4369 domi
270 4324 410 4369 manente.
430 4320 473 4370 Tu
485 4320 558 4371 eoas.
568 4320 601 4371 de
613 4336 671 4370 ver·

134 4384 165 4436 bo
176 4384 373 4467 παραλύεσθαι
386 4389 441 4452 ΙΙΙ,
456 4389 504 4441 105
521 4390 587 4456 ibiq.
599 4394 668 4441 nott.

135 4458 394 4526 —rnoruaseripsi
405 4473 455 4524 pro
468 4455 600 4514 τουτέων.

725 2527 789 2576 gere
801 2512 892 2560 coacti
906 2512 1171 2562 suntPisistratidae
1184 2511 1268 2576 [anno

726 2581 778 2631 510
791 2597 817 2634 a.
826 2582 888 2631 Chr.
903 2580 961 2648 ο.],
983 2583 1110 2646 exposuit
1124 2580 1193 2630 idem
1205 2597 1266 2646 cap.
1325 2631 1331 2641 ‚

726 2649 760 2701 04
785 2656 813 2701 et
833 2667 908 2716 seqq.
945 2651 1003 2700 Iam
1021 2660 1115 2716 quarta
1133 2654 1269 2701 numerari

725 2721 863 2784 expeditio
885 2721 987 2785 poterit
1005 2735 1051 2783 ea,
1077 2736 1146 2785 quae
1171 2736 1268 2771 secan—

724 2789 759 2839 da
770 2790 923 2841 Cleomenis
938 2790 1006 2849 luit,
1022 2805 1077 2855 qua
1088 2805 1176 2841 arcem
1186 2790 1268 2840 Athe·

724 2874 820 2909 narum
847 2860 1005 2910 Cleomenes
1032 2861 1179 2923 occupavit
1204 2858 1268 2923 [508

724 2934 788 2979 ante
809 2929 871 2980 Chr.
894 2927 947 2994 rr.]:
980 2928 1028 2979 aed
1055 2930 1184 2991 quoniam
1210 2928 1267 2977 exi-

722 3013 805 3063 guam
823 2998 967 3048 admodum
987 3012 1094 3046 manum
1117 2996 1195 3061 (cap.
1216 2996 1267 3059 72)

724 3074 790 3117 tuno
818 3083 909 3118 secum
936 3066 1093 3117 Cleomenes
1117 3066 1214 3117 habuit
1240 3072 1267 3115 et

723 3153 827 3203 pancos
852 3139 915 3201 post
942 3136 1000 3185 dies
1025 3135 1154 3186 excedere
1172 3137 1266 3186 Attica

724 3212 838 3257 coaetus
861 3210 917 3267 est,
937 3204 1011 3254 illins
1030 3221 1101 3254 unae
1118 3206 1267 3268 expeditio-

723 3278 766 3328 nis
787 3276 942 3326 Herodotus
963 3272 1202 3340 (quemadmodum
1227 3281 1266 3325 et·

723 3348 779 3396 iam
792 3346 947 3396 Pausanias
960 3345 1013 3407 ΙΙΙ,
1024 3344 1051 3408 4)
1066 3345 1199 3394 rationem
1213 3360 1267 3395 non

723 3416 824 3465 habet:
844 3423 867 3464 et
887 3423 1003 3480 quartam
1015 3414 1171 3465 Doriensiurn
1186 3430 1267 3477 eape-

722 3487 839 3536 ditr'onem
855 3488 879 3534 in
898 3484 1008 3535 Atticam
1024 3494 1164 3547 susceptura
1182 3484 1267 3550 [aurio

721 3555 773 3606 500
797 3562 862 3604 aute
886 3554 948 3605 Clrr.
973 3551 1012 3618 n.]
1040 3555 1114 3604 illam
1141 3560 1267 3604 numerat

722 3639 793 3689 quae
814 3639 875 3689 cap.
895 3627 928 3674 74
948 3628 976 3675 et
994 3625 1028 3676 75
1047 3625 1171 3689 exposita
1193 3627 1265 3675 est.“

722 3693 977 3758 Schneiplrueaa.
1010 3696 1062 3756 Qui
1077 3702 1195 3759 quattuor
1209 3696 1266 3744 Do·
1326 3738 1328 3741 ,

721 3779 781 3813 ram
794 3765 964 3813 incursiones
985 3763 1013 3813 in
1029 3766 1149 3813 Atticam
1165 3770 1266 3813 terrain

722 3834 812 3884 factas
825 3839 1019 3884 commemorat
1037 3833 1063 3881 h.
1081 3832 1115 3896 1.,
1130 3835 1171 3894 is,
1193 3832 1266 3897 quod

722 3904 782 3955 iare
793 3904 908 3965 mireris,
916 3903 1018 3954 nullam
1027 3903 1266 3953 iecitmeationem

722 3975 780 4024 eius
794 3974 971 4034 incursionis,
986 3988 1055 4038 quae
1068 3973 1136 4022 duee
1150 3973 1266 4023 Pliston-

721 4047 803 4093 aaete
818 4059 834 4091 a
847 4041 1053 4103 Peloponnesiis
1069 4041 1146 4090 laeta
1159 4046 1201 4091 est
1216 4056 1265 4090 an-

721 4128 756 4162 no
767 4112 819 4162 445
832 4115 897 4161 ante
911 4109 1006 4160 Chaa.
1024 4112 1119 4175 Neque
1133 4125 1181 4160 eas
1194 4126 1267 4160 eom-

722 4186 856 4232 memorat
867 4180 1051 4240 incursiones,
1068 4195 1135 4243 quas
1149 4179 1211 4231 inde
1230 4181 1264 4230 ab

724 4267 797 4302 auno
810 4250 858 4300 434
876 4250 971 4300 crebro
989 4249 1017 4299 in
1031 4265 1110 4314 agros
1123 4251 1230 4300 Atticos
1248 4266 1265 4300 a

721 4320 930 4385 Peloponnesiis
945 4319 1036 4369 saetas
1049 4336 1108 4372 esse
1120 4321 1245 4371 novimus
1258 4337 1265 4371 τ

722 4390 805 4455 idque
818 4405 849 4439 eo
869 4390 956 4455 magis
972 4390 1079 4441 attendi
1089 4390 1150 4441 vult
1162 4390 1265 4443 Ullrieh

722 4462 797 4529 (Das
811 4459 981 4527 Megarisohe
993 4459 1164 4528 PsephIsma.
1180 4462 1265 4513 Ham·
