3100 5175
252 415 313 483 388
686 414 953 478 HERODOTI

187 589 508 683 113Ἕλλησιιιαὶτό
523 588 649 680 οὔνομα
663 589 700 660 τό
716 590 848 680 Μήδων
863 591 968 679 φόβος
983 586 1134 659 ἀκοῦσαι.
1174 590 1385 677 Μαχομὲνων

256 700 294 769 δὲ
307 701 344 768 ἐν
363 702 409 790 τῷ
424 702 619 784 Μαραθῶνι
641 695 758 783 χρόνος
781 699 909 781 ἐγίνετο
928 693 1058 773 πολλός.
1088 694 1144 761 καὶ
1158 690 1195 762 τό
1210 694 1273 780 μὲν
1286 693 1385 779 μέσον

255 808 316 872 τοῦ
330 805 558 890 στρατοπέδου
578 802 701 869 ἐνίκων
720 803 752 867 oi
771 798 953 890 βάρβαροι,
975 804 1015 886 τῇ
1030 799 1158 882 Πέρσαι
1173 823 1207 864 τε
1223 793 1316 865 αὐτοὶ
1332 796 1385 861 καὶ

253 905 364 976 Σάκαι
379 901 567 992 ἐτετάχατο·
598 901 681 972 κατὰ
696 907 793 971 τοῦτο
808 903 870 990 μὲν
884 901 926 990 δή
945 904 1068 970 ἐνίκων
1083 905 1117 968 ol
1129 898 1311 988 βάρβαροι,
1332 898 1386 965 καὶ
1411 922 1417 936 ·

192 1033 201 1047 ·
254 1009 411 1100 ῥήξαντες
425 1012 567 1077 ἐδίωκον
581 1009 614 1085 ἐς
628 1005 689 1094 τήν
703 1005 901 1094 μεσόγαιαν·
930 1003 968 1074 τό
982 1005 1020 1074 db
1034 1006 1133 1090 κέρας
1148 1003 1305 1090 ἑκάτερον
1318 1004 1385 1070 ἔνι’·

254 1141 324 1184 κων
339 1110 518 1200 Ἀθηναῖοί
531 1136 567 1178 τε
589 1112 645 1178 καὶ
659 1113 853 1188 Πλαταιέες.
885 1117 1045 1188 νικῶντες
1064 1107 1100 1176 dl
1121 1106 1158 1175 τό
1172 1107 1235 1195 μὲν
1248 1133 1385 1192 τετραμ-

254 1219 357 1306 μένον
377 1221 444 1283 suiv
463 1213 645 1302 βαρβάρων
668 1213 810 1301 φεύγειν
824 1219 906 1281 ἔων·
940 1228 1024 1281 τοῖσι
1047 1211 1084 1280 dt
1103 1208 1141 1279 τό
1157 1214 1260 1299 μέσον
1273 1208 1388 1299 ῥήξασι

255 1315 387 1404 αὐτῶν,
405 1317 653 1404 συναγαγόντες
672 1315 712 1386 τὰ
727 1319 827 1403 κε’ρεα
844 1312 1031 1403 ἀμφότερα,
1053 1315 1229 1403 ἐμάχοντο,
1252 1315 1309 1381 καὶ
1322 1314 1388 1380 ἐνί-

256 1449 327 1491 κων
342 1417 527 1509 Ἀθηναῖοι
555 1421 722 1507 φεύγουσι
735 1420 773 1489 tt
786 1434 872 1488 τοῖσι
886 1421 1035 1507 Πέρσῃσι
1053 1423 1186 1488 εἵποντο
1201 1417 1389 1497 κόπτοντες,

256 1520 321 1605 ἐςό
336 1526 390 1593 ἐπὶ
403 1521 465 1611 τήν
478 1523 654 1594 θάλασσαν
674 1520 872 1612 ἀπικόμενοι
894 1527 962 1610 πῦρ
981 1550 1016 1592 τε
1037 1533 1150 1592 αἴτεον
1168 1523 1224 1590 καὶ
1247 1523 1389 1606 ἐπελαμ-

258 1628 403 1716 βάνοντο
420 1632 488 1697 τῶν
504 1631 602 1696 νεῶν.

852 1839 951 1891 γαιαν;
975 1824 1034 1873 de
1026 1839 1087 1889 rpsa
1111 1823 1190 1875 huius
1210 1825 1284 1874 vocis
1303 1823 1391 1874 forma

854 1894 909 1945 vid.
923 1900 1075 1944 mouentem
1088 1894 1204 1946 Bredov.
1223 1911 1249 1959 p.
1264 1893 1320 1943 129.
1333 1894 1390 1945 130.

295 1956 326 2014 lv
341 1980 378 2015 rm
368 1961 598 2029 Μαραθωνι]
592 1982 609 2013 ι.
628 1979 650 2013 e.
665 1965 690 2013 in
709 1965 803 2026 campis
887 1955 918 2011 τό
938 1957 989 2025 μὲν
1006 1958 1196 2027 τετραμμένον
1215 1962 1271 2011 τῶν
1290 1957 1380 2029 βαρβα
1382 1992 1393 1999 -

261 2016 430 2087 Marathoniis
452 2034 487 2084 ad
502 2033 689 2084 Marathonem
709 2033 803 2083 urbem
854 2032 924 2098 ρων]
935 2035 1000 2082 bam
1011 2030 1139 2098 intelligit
1148 2034 1323 2084 barbarorum
1335 2049 1394 2097 par·

261 2108 322 2156 sitis
336 2106 458 2182 indeque
464 2104 594 2165 extensis
609 2110 774 2167 utsupraca
765 2120 803 2221 ἐρ.

437 1861 503 1911 (lar.
522 1861 623 1910 exul.

854 2109 922 2164 tem
941 2118 1010 2166 quae
1026 2103 1053 2152 iu
1069 2100 1162 2166 fugam
1177 2111 1391 2154 conversasset.

264 2176 324 2225 lil:
337 2165 583 2236 τασσομένωντοῑν
587 2140 803 2235 Ἀθηναιωνν
853 2175 893 2222 Ac
909 2174 1020 2221 miratur
1034 2172 1203 2235 Larcherus‚
1225 2173 1297 2237 quod
1310 2173 1405 2228 Hero->

261 2260 300 2312 τῳ
291 2241 483 2306 Μαραθωνι
498 2247 525 2290 et
535 2240 607 2306 apud
620 2242 759 2294 Plutarch
775 2244 802 2290 in
854 2240 973 2292 dotush
990 2241 1007 2296 l.
1028 2241 1061 2290 de
1071 2242 1199 2292 Aristidis
1218 2242 1392 2300 facinoribus,

261 2313 377 2364 Aristid.
389 2311 738 2392 b,quiidqn0quereior,t
751 2326 806 2360 me·
854 2312 887 2361 de
908 2311 1008 2375 quibus
1027 2312 1109 2362 mults
1127 2311 1266 2363 Plutarch.
1287 2313 1316 2362 in
1338 2313 1396 2361 stri·

262 2383 335 2432 dium
348 2381 554 2430 Atheniensium
571 2397 657 2430 acrem
671 2396 698 2429 ru
712 2396 805 2446 pugna
855 2380 919 2430 stid.
934 2396 1015 2446 cap.
1009 2382 1040 2442 5,
1059 2380 1394 2447 nihilprorsusretulerit.

263 2452 378 2501 maxime
390 2448 539 2508 laborasse,
552 2450 599 2498 scd
611 2450 804 2500 Themistoclis
855 2449 907 2501 Sed
928 2449 1001 2500 aliud
1022 2450 1075 2500 t'uit
1096 2452 1239 2502 consilium
1256 2451 1395 2502 Plutarchi

264 2527 291 2572 et
310 2520 438 2570 Aristidis
462 2519 565 2568 virtute
586 2518 712 2568 effectum
735 2535 806 2582 esse,
856 2535 898 2571 res
922 2519 956 2568 ab
973 2520 1093 2570 Aristide
1110 2527 1202 2588 gestas
1221 2520 1396 2582 celebrantis,

262 2596 293 2643 ut
303 2591 414 2642 barbari
429 2590 455 2639 iu
469 2589 561 2655 fugam
572 2596 805 2640 converterentur.
856 2590 929 2642 aliud
944 2590 1091 2654 Herodoti,
1110 2593 1156 2658 qui
1170 2593 1324 2642 summatim
1337 2598 1395 2640 tsn-

264 2663 305 2712 De
323 2661 391 2726 ipsis
415 2661 518 2725 campis
535 2658 715 2709 Marathoniis
738 2661 806 2709 dixi-

264 2747 323 2781 mus
336 2730 371 2781 ad
384 2731 436 2790 Vi,
454 2730 516 2789 1023
536 2728 671 2792 adipsum
690 2728 806 2778 locutio-

263 2817 325 2851 nem
340 2791 370 2847 ἔν
384 2797 551 2862 Μαραθῶνι
564 2799 683 2849 conferri
697 2814 805 2864 quoque

264 2874 392 2936 possunt,
403 2885 471 2934 quae
482 2869 516 2918 ud
527 2870 658 2919 Isocratis
669 2870 803 2933 Panegyr.

264 2940 289 3002 5.
308 2938 342 2990 70
358 2939 511 3004 disputavit
531 2938 690 2988 Baennslein
716 2937 807 3002 (Com-

264 3015 370 3060 mentar
386 3024 433 3058 zur
453 3007 561 3059 Griech
574 3006 806 3059 Chrestornathie.

263 3079 286 3128 Ι
304 3080 451 3130 Isocrates
472 3079 620 3142 Stuttgart.
640 3077 718 3141 1837)
741 3094 805 3142 pag.

266 3147 315 3199 197
335 3164 465 3214 seqq.—
490 3148 523 3196 lu
547 3162 624 3264 seqq.
645 3147 730 3198 verba
757 3141 806 3195 uel

264 3210 402 3283 ῥήξαντες
414 3206 559 3265 ἐδίωκονέ
561 3232 574 3273 ς
587 3232 639 3280 τήν
651 3210 806 3281 μεσόγαιαν

265 3288 306 3336 sic
317 3285 454 3350 intelligo:
472 3285 582 3335 barbari
597 3293 677 3369 rupta
688 3288 805 3337 Graeco·

264 3372 323 3405 rum
343 3355 430 3405 media
452 3356 513 3404 acie
533 3355 639 3420 insequi
659 3360 807 3420 coeperunt

167 3456 172 3464 ·
266 3426 385 3476 Graecos
399 3424 536 3489 fugientes
552 3425 711 3487 introrsum,
725 3425 807 3474 medi·

265 3502 393 3544 terranea
412 3493 473 3544 luca
493 3507 600 3544 versus.
637 3496 760 3560 Namque
780 3484 807 3550 ἐς

264 3565 291 3614 h.
306 3562 537 3623 1.vslet:,‚naet
559 3564 612 3612 rtem
633 3563 808 3613 Binneulunrle

264 3635 318 3691 liin,
328 3634 354 3681 in
364 3600 582 3683 dusBinnenloud
592 3633 682 3694 Μανία,
695 3635 808 3684 lundein·

266 3703 374 3765 murtsf‘
388 3707 419 3752 ut
428 3708 502 3752 recte
514 3708 677 3753 monuerunt
687 3703 809 3753 Wester-

267 3787 382 3823 mannus
394 3770 521 3835 (Jalrrbb
534 3773 552 3821 i
561 3771 656 3825 Plrilol.
668 3788 695 3822 u
703 3773 808 3823 Paeda-

265 3858 327 3909 gog
348 3841 473 3895 xxxvi.
491 3856 517 3906 p.
542 3840 600 3905 lli)
619 3848 647 3893 et
659 3841 808 3907 Rangabe

266 3910 422 3977 antiquitis
438 3909 574 3976 Helleniq.
592 3925 656 3978 pag.
669 3915 735 3977 422,
761 3912 809 3978 qui

266 3982 370 4034 reddit:
383 3997 442 4032 asra
450 3982 643 4032 l'inteu'eurdes
654 3990 749 4038 temer.-
761 3998 809 4032 ne·

268 4069 332 4119 que,
348 4057 379 4103 ut
394 4051 457 4103 olim
469 4051 581 4116 Finlay:
606 4068 683 4118 respue
701 4054 737 4102 ad
750 4053 808 4101 Me·

267 4138 397 4204 ιομρεααι,
412 4122 458 4187 qui
469 4126 512 4173 est
522 4136 608 4186 pagus
623 4126 752 4186 quattuor
764 4122 809 4171 iti

267 4193 339 4242 neris
358 4191 432 4241 horis
447 4191 553 4240 distans
571 4207 586 4240 a
601 4194 703 4256 campis
718 4192 809 4240 Mara·

268 4261 384 4321 thoniis3
399 4260 455 4314 vid.
468 4276 532 4326 pag
541 4263 575 4312 27
589 4266 616 4311 et
629 4276 698 4325 quae
710 4265 808 4311 contra

267 4330 338 4380 bunc
355 4331 393 4380 ibi
409 4335 572 4381 monuerunt
587 4331 665 4380 Rosa.
687 4339 715 4381 et
731 4330 808 4380 Hoff

268 4414 348 4448 mann
364 4415 389 4462 p
402 4401 435 4449 27
447 4414 504 4478 seq.
517 4405 545 4450 et
555 4400 598 4454 54.
622 4400 720 4465 Itaque
734 4399 808 4450 haud

267 4482 365 4535 scripsi
357 4460 549 4532 Μεσογαιαν,
561 4469 610 4519 sed
621 4460 807 4535 reliquissent

856 2668 914 2711 tum
927 2660 960 2709 de
972 2660 1025 2710 hac
1037 2677 1127 2726 pugna
1140 2662 1234 2712 retulit
1247 2678 1297 2713 uec
1308 2662 1396 2725 singu·

855 2731 941 2781 lorum
968 2730 1092 2781 facinora
1113 2737 1237 2795 enarrat,
1262 2747 1343 2782 unum
1368 2733 1395 2778 in

855 2801 1032 2865 sequentihus
1060 2800 1255 2853 Callimachum
1281 2816 1396 2852 comme·

856 2885 973 2931 morans,
987 2871 1051 2935 quia
1063 2869 1142 2921 huius
1155 2872 1326 2937 potissimum
1336 2885 1397 2919 sen-

855 2940 941 2990 tentiis
961 2938 1026 3005 (Vl,
1048 2939 1106 2991 109.
1128 2940 1190 3006 110)
1212 2957 1305 3006 pugna
1327 2941 1395 2989 inita

857 3016 898 3059 est
909 3009 943 3058 ab
952 3009 1171 3064 Atheniensibus.
1182 3036 1215 3047 -
1229 3011 1318 3061 Verba
1333 3024 1396 3058 σνν-

857 3070 1009 3142 αγαγόντες
1021 3074 1055 3127 τὰ
1066 3072 1148 3143 κε’ρεα
1161 3072 1310 3143 α’μφότερα
1326 3078 1395 3143 (cou-

857 3149 902 3197 dur
899 3156 930 3199 to
948 3155 1052 3215 utroque
1066 3149 1156 3215 cornu)
1175 3151 1222 3198 vix
1240 3151 1280 3199 ita
1299 3147 1397 3199 iutelli-

855 3218 943 3283 gcnda
967 3225 1061 3281 erunt,
1092 3224 1122 3268 ut
1145 3225 1286 3284 utrumque
1313 3233 1396 3269 cornu

856 3304 937 3338 uuam
950 3289 1036 3337 aciem
1048 3291 1219 3340 coniunctam
1231 3290 1397 3339 sormaverit.

855 3357 903 3407 sed
914 3372 973 3407 eum
984 3360 1012 3408 iu
1023 3359 1128 3409 modurn
1142 3360 1244 3423 potius,
1257 3363 1288 3408 ut
1297 3364 1396 3409 utrum-

857 3441 909 3492 que
923 3442 1005 3477 cornu
1019 3427 1053 3478 ab
1067 3428 1191 3479 hostibus
1203 3427 1397 3494 persequendis

857 3512 983 3547 aversum
999 3513 1030 3548 eo
1047 3514 1076 3549 se
1093 3500 1274 3562 couverterit,
1296 3513 1349 3563 qno
1369 3497 1396 3546 in

857 3566 946 3616 media
959 3567 1019 3618 acie
1035 3574 1184 3634 pugnatum
1199 3574 1255 3630 est,
1279 3570 1348 3619 adeo
1367 3571 1396 3617 ut

857 3637 946 3701 copiis
960 3637 1100 3703 utriusque
1115 3653 1212 3689 cornus
1226 3654 1321 3689 versus
1334 3653 1398 3689 euu-

856 3706 917 3756 dem
940 3707 1043 3756 mediae
1069 3709 1139 3759 aciei
1161 3707 1250 3759 locum
1272 3709 1397 3774 utrinqne

857 3777 999 3826 conductis
1013 3775 1127 3827 Graecis
1143 3776 1332 3829 laborantibus
1342 3792 1400 3827 suc·

858 3851 998 3895 currerent
1013 3847 1165 3913 Persasque
1181 3849 1336 3899 coniunctis
1354 3862 1399 3897 co-

857 3915 911 3979 piis
938 3915 1120 3966 adorirentur.
1162 3917 1239 3970 Cous.
1266 3919 1402 3968 Weissen-

858 3984 927 4034 born
944 3985 988 4034 in:
1014 3986 1075 4035 Jen.
1090 3987 1155 4036 Litt.
1174 3989 1300 4051 Zeitung.
1324 3984 1398 4037 1843.

859 4069 886 4118 p,
900 4052 959 4105 876.
988 4055 1056 4105 Vide
1075 4055 1301 4120 delineationem,
1320 4069 1399 4121 quam

860 4123 981 4173 exhibuit
1010 4124 1081 4178 Gaii
1112 4127 1161 4177 in.
1200 4126 1278 4176 Atlas
1309 4131 1401 4176 conte·

859 4199 927 4243 nant
945 4192 983 4243 les
1011 4198 1101 4245 cartes
1124 4195 1231 4246 relatiis
1259 4194 1321 4246 ala
1338 4193 1400 4259 geo·

857 4262 970 4328 grapbie
982 4263 1007 4312 d’
1011 4263 1160 4327 Herodote,
1157 4264 1335 4347 Thucydide
1348 4270 1399 4314 etc.

860 4332 958 4385 Tabai.
977 4334 1019 4384 24.
1057 4336 1111 4386 Pro
1127 4327 1236 4384 αι’τέων
1256 4350 1318 4385 mox
1339 4333 1401 4384 dedi

857 4396 962 4453 αὐτῶν.

892 4468 950 4536 πῦρ
971 4485 999 4520 τε
1018 4467 1123 4536 αἴτιον]
1142 4471 1400 4537 Schweighaeusero
