3100 5175
421 421 694 484 POLYMNIA,
719 424 790 483 vll.
817 432 876 488 rer.
901 432 957 487 ree.
1194 418 1256 483 613

123 596 266 667 τουτέων
286 599 355 665 τῶν
374 600 503 664 πολίων
522 582 681 685 στρατιὴν
701 595 887 685 παρέλαβε,
911 602 1009 666 ἔπλεε
1028 590 1204 683 ἀπιέμενος
1223 596 1255 674 ἐς

122 700 180 771 τόν
193 710 362 788 Θερμαῖον
376 697 512 767 κόλπον.
548 700 709 788 κάμπτων
724 702 760 770 δὲ
772 697 959 788 Ἄμπελον,
979 698 1041 788 τὴν
1059 706 1254 788 Τορωναίην

122 801 243 894 ἄκρην,
268 808 493 893 παραμείβετο
515 797 708 894 Ἑλληνίδας
727 803 830 873 siecle
848 803 959 889 πόλις,
989 805 1109 871 ἐκτῶν
1125 799 1204 881 νέας
1217 827 1253 870 τε

122 1005 167 1055 ubi
187 1019 258 1054 nunc
275 1006 372 1068 portus
390 1003 509 1053 Vurvnrl
527 1001 572 1054 vel
590 1002 661 1054 alius
712 1008 757 1057 cta
782 1004 871 1056 tendit
894 1003 929 1054 ad
949 1002 1075 1053 Pallenes
1099 1007 1253 1067 promonto-

121 1081 214 1139 portus
226 1073 333 1123 vicinus
342 1073 555 1137 septentrionem
565 1088 660 1124 versus
711 1078 781 1129 riom
794 1076 1007 1134 Canastraeum
1027 1072 1099 1123 unde
1117 1072 1146 1122 in
1163 1073 1252 1123 sinum

120 1145 246 1196 cernitur.
281 1140 385 1207 Σίγγος
400 1142 480 1205 urbs,
500 1141 570 1195 unde
585 1143 660 1201 sinas
711 1146 900 1198 Thermaicum
920 1143 1133 1207 septentrionem
1156 1157 1252 1194 versos

93 1252 96 1258 .
120 1215 266 1280 Sinpr'ticus,
292 1212 404 1276 reliquis
421 1212 528 1277 oppidis
547 1212 592 1262 hic
607 1229 659 1264 me·
709 1214 771 1269 vela
786 1214 875 1276 dedit,
894 1215 922 1264 in
941 1214 1019 1263 cuius
1037 1210 1131 1262 intimo
1143 1226 1252 1263 recessu

120 1284 231 1334 moretis
243 1281 415 1346 praestitisse
428 1282 551 1343 ridetur,
566 1284 588 1333 si
602 1283 659 1347 qui·
710 1301 795 1351 prope
807 1284 951 1335 Thermum
969 1284 1104 1333 exercitus
1119 1280 1253 1347 pedestris

120 1354 178 1405 dem
193 1357 301 1417 praeter
318 1350 502 1401 Ptolemaeum
521 1352 659 1417 Thucydi·
710 1359 883 1419 exspectaret
898 1353 1055 1402 adventum.

119 1423 166 1475 des
194 1436 300 1486 quoqne
324 1421 362 1482 V,
384 1421 415 1470 18
438 1426 569 1471 memoret
593 1420 659 1485 Σιγ·
743 1418 881 1487 κάμπτων
895 1415 926 1471 dl
939 1411 1075 1486 Ἀμπελον
1086 1413 1139 1483 τὴν
1157 1417 1252 1481 Τορω-

119 1491 227 1558 pulcer.
253 1490 326 1553 Quin
336 1495 429 1540 vetere
441 1490 470 1540 in
480 1491 659 1556 inscriptione
710 1492 796 1557 ναιήν
810 1482 915 1558 ἄκρην]
938 1491 956 1542 ἰ.
970 1508 994 1545 e.
1013 1492 1250 1554 μεαοίτνπσνίμαπο,

119 1561 190 1629 opud
203 1559 325 1612 Boechh.
342 1560 371 1609 in
383 1560 525 1625 Inscriptt.
539 1560 621 1625 Corp.
634 1561 657 1610 1.
708 1572 885 1629 praetervecta
895 1560 1017 1627 (classis)
1029 1562 1165 1623 Αιομείοοι.
1190 1559 1250 1619 Quo

119 1629 449 1698 mammoneamque
460 1630 535 1682 urbs.
566 1629 659 1680 Leake
710 1634 802 1684 eodem
821 1647 902 1683 sensu
923 1624 1061 1694 κάμπτειν
1078 1628 1249 1691 1V,42.s³.

119 1703 136 1752 l.
154 1701 173 1752 l.
194 1699 338 1750 inveteris
355 1700 431 1750 urbis
450 1699 539 1749 locum
563 1705 591 1749 et
611 1715 658 1750 no·
709 1704 772 1763 VII,
789 1702 846 1753 193.
874 1700 1048 1754 Conl.etiam
1062 1696 1250 1748 Blomlield.in

117 1788 177 1822 men
194 1785 267 1820 nrrnc
286 1769 452 1820 successisse
470 1775 550 1833 putet
568 1771 658 1819 vicum
710 1772 830 1823 Glosser.
844 1772 878 1821 ad
889 1766 1248 1833 Aeschylihgememn.33h.

117 1841 212 1907 Sykta,
227 1838 364 1889 meridiem
375 1854 470 1889 versus
480 1838 606 1889 aPiloro.
635 1840 658 1887 A
711 1843 742 1891 ln
754 1842 855 1904 Ampeli
867 1838 1078 1905 promontorium
1095 1837 1169 1888 exire
1183 1836 1251 1885 dici·

117 1911 202 1975 Sykta
229 1907 272 1958 vel
294 1907 382 1972 megia
406 1908 543 1958 meridiem
564 1923 659 1959 versus
709 1918 753 1962 tur
776 1909 920 1976 peninsula
941 1907 1055 1959 Sithonio
1081 1924 1113 1957 ex
1136 1903 1251 1969 Olynthi

115 1980 223 2031 ridetur
233 1979 288 2029 sita
296 1977 469 2028 inisseSnrur
479 1994 510 2028 eo
522 1976 578 2028 iero
588 1977 658 2041 loce,
708 1980 808 2031 isthmo
820 1977 958 2030 meridiem
969 1993 1064 2029 versus
1074 1990 1156 2040 prope
1165 1976 1250 2025 Toro-

116 2064 250 2115 quonnne
261 2047 368 2097 Iius-toli
380 2046 533 2105 invenitur,
549 2052 580 2097 ut
592 2048 659 2098 scri·
708 2066 760 2101 nen
780 2063 955 2115 procurrens,
982 2049 1044 2097 sinu
1066 2046 1198 2110 Singitioo
1222 2050 1249 2094 et

117 2120 241 2169 bitidern
252 2116 355 2166 Leake.
385 2117 658 2167 Dehacnrheeius-
707 2121 852 2170 Toroneeo
878 2119 1007 2181 utrinque
1029 2115 1136 2166 inclusa
1161 2119 1190 2165 et
1213 2113 1248 2163 ad

117 2204 166 2254 que
181 2183 281 2239 incolis
296 2183 459 2251 (Σαρταῐοι)
476 2187 530 2236 vid.
548 2190 657 2251 praeter
709 2189 897 2248 Chalcidicen,
915 2192 947 2237 ut
960 2186 1080 2248 videtur,
1099 2185 1248 2250 pertinens,

115 2259 284 2323 Stephanum
310 2256 490 2319 Byzantinum
515 2273 537 2306 s.
560 2272 585 2305 v.
611 2271 655 2316 ee,
707 2255 1059 2321 Mels11,3.§.lhmpeli
1077 2255 1249 2305 locouocare

117 2344 185 2394 quoe
203 2326 300 2377 attulit
316 2340 348 2375 sa
364 2326 604 2390 inscriptionibus,
628 2326 656 2374 in
706 2327 816 2380 videtur
828 2328 942 2388 Derrim,
956 2342 1025 2391 quse
1037 2331 1127 2376 tamen
1140 2339 1174 2374 ue
1186 2338 1248 2374 cum

115 2399 213 2463 quibus
224 2397 299 2446 urhis
309 2400 337 2445 et
348 2394 495 2445 incolarum
506 2396 608 2446 mentio
617 2395 656 2457 fit,
707 2397 820 2464 Ampelo
833 2395 1027 2449 confundatur.
1040 2392 1191 2446 Ptolemaei
1201 2393 1248 2443 ob·

115 2466 242 2518 Boeckh:
267 2463 499 2516 Staatshauslralt.
515 2467 539 2515 d.
557 2465 656 2517 Athen.
705 2473 763 2519 stat
780 2468 945 2529 auctoritas,
972 2466 1016 2531 qui
1034 2465 1162 2527 Ampelum
1182 2469 1248 2513 ante

116 2539 152 2589 11.
164 2552 226 2605 pag.
239 2534 476 2600 troarnenses.
507 2536 548 2585 Es
558 2534 600 2584 his
610 2550 657 2585 su·
706 2538 808 2589 Derrim
822 2544 849 2590 et
864 2537 978 2588 Toronen
991 2535 1031 2585 sic
1047 2535 1132 2600 ponit,
1146 2539 1177 2583 ut
1189 2533 1248 2583 Sin-

117 2615 169 2658 tem
182 2606 346 2659 ciuitatibus
355 2605 457 2656 Xerxes
470 2621 501 2655 eo
512 2621 564 2672 quo
575 2621 658 2670 supra
706 2609 818 2674 giticum
831 2607 955 2659 includet
964 2608 1062 2658 sinum.
1076 2605 1175 2655 Strabo
1185 2603 1247 2656 Vll.

116 2679 233 2729 diximus
247 2674 327 2726 modo
343 2675 438 2739 copias
450 2675 611 2740 assumpsit.
707 2694 769 2743 psg.
788 2678 840 2729 :330
857 2694 880 2729 s.
899 2677 950 2728 11111
971 2676 1070 2725 Derrim
1095 2687 1248 2723 memorans

148 2741 227 2797 ἔπλεε
243 2738 396 2808 &mitulos
408 2735 437 2801 ἒς
449 2738 500 2793 τὸν
512 2742 658 2809 Θερμαῖον
706 2749 816 2813 ignorat
824 2747 960 2809 Ampelum.
973 2746 1015 2793 Tu
1025 2741 1248 2793 virszschucke

113 2810 234 2879 κόλπον]
264 2816 281 2865 i.
302 2831 326 2865 e.
342 2817 434 2864 elassis
449 2830 562 2879 propero
583 2831 658 2864 cerm
708 2817 742 2866 ed
756 2815 979 2868 uolutatione
1000 2827 1094 2877 exegg.
1109 2827 1171 2876 pag.
1189 2810 1247 2869 1110,

115 2889 194 2938 tendit
219 2901 242 2935 s.
270 2886 346 2934 renuit
376 2885 454 2934 εἰοαεπ
481 2885 656 2936 Timauum.
708 2889 755 2952 qui
778 2902 795 2935 e
821 2883 1016 2936 recentioribus
1041 2897 1072 2931 eo
1095 2881 1155 2930 loco
1177 2894 1248 2929 nunc

114 2957 203 3008 Verbo
214 2947 355 3003 ἀπίεσθαι
366 2960 431 3004 sunt
441 2955 487 3018 qui
500 2954 659 3017 properandi
706 2956 770 3021 poni
784 2955 825 3005 sit
839 2953 1052 3013 Carrei-Rumpe,
1073 2950 1142 3015 qnod
1157 2955 1248 2999 tamen

116 3027 255 3077 notionem
275 3023 413 3086 tribuant,
440 3038 499 3074 eum
520 3022 569 3073 alii
586 3024 659 3073 scci·
708 3026 778 3077 elios
798 3030 925 3074 suctores
940 3023 963 3071 si
979 3035 1137 3087 sequamur,
1158 3020 1186 3069 in
1201 3034 1248 3068 ve·

115 3097 190 3161 piant
198 3095 336 3159 proticisci,
350 3093 431 3143 ubire.
452 3093 606 3144 Gronovius
620 3093 660 3142 in·
707 3095 774 3145 teris
786 3096 911 3144 Toronae
920 3091 1010 3142 locum
1021 3089 1138 3140 cessisse
1151 3094 1248 3152 putan-

115 3169 281 3232 terpretetns
298 3167 358 3214 erat
373 3166 434 3214 uelis
445 3165 572 3214 iuimittere
582 3163 658 3212 dolre-
707 3165 769 3214 dum
783 3169 834 3214 est.
862 3164 1006 3212 Manuerto
1019 3164 1132 3210 auctore
1144 3158 1206 3210 VII.
1221 3173 1248 3222 p.

114 3253 169 3288 nas.
210 3233 282 3284 Mihi
303 3232 355 3282 hoc
376 3232 436 3283 loeo
460 3224 597 3282 ἀπίεσθαι
621 3232 656 3282 ad
707 3236 757 3284 lte
788 3249 859 3283 nunc
889 3230 1044 3296 appelletur
1068 3230 1137 3292 Cape
1162 3228 1248 3278 Falso.

114 3322 173 3357 eam
188 3302 418 3369 significationem
436 3303 568 3353 accedere
583 3301 657 3351 vide·
707 3303 774 3354 Mihi
800 3303 931 3354 Herodoti
964 3300 1048 3351 verba
1069 3294 1122 3360 τὴν
1153 3296 1249 3361 Topos·

114 3382 171 3434 tur,
199 3388 280 3439 quam
300 3374 391 3424 inesse
411 3372 528 3422 vidimus
546 3371 593 3436 (ed
609 3372 658 3432 Vl,
708 3371 794 3436 νοτίην
807 3364 913 3437 ἄκρην,
934 3371 1031 3436 quihus
1041 3367 1247 3419 antecedentem

119 3445 177 3510 ll‘l)
192 3445 221 3494 in
240 3442 356 3507 simplici
373 3443 457 3493 verbo
476 3439 586 3503 ἵεσθαι,
609 3442 657 3491 ad·
705 3459 800 3496 vocem
813 3433 949 3506 ’Ἄμπελον
963 3439 1094 3505 explicat,
1116 3438 1185 3488 sotis
1202 3437 1248 3487 de·

115 3515 210 3566 iuncta
231 3528 264 3563 ea
287 3512 329 3570 vi,
357 3527 438 3576 quam
457 3513 541 3562 verbo
560 3512 656 3561 tribuit
706 3512 813 3564 eierare
831 3512 971 3573 videntur,
993 3510 1039 3575 agi
1057 3509 1090 3559 de
1109 3507 1184 3568 loco,
1202 3507 1247 3572 qni

114 3582 284 3650 praepositio
301 3571 374 3646 ἄπό;
398 3584 492 3646 itaque
507 3580 583 3633 valet
604 3582 657 3630 uti·
707 3598 761 3633 non
785 3582 929 3633 admodum
953 3584 1073 3630 remotus
1099 3594 1116 3627 a
1139 3579 1249 3627 Torone

115 3670 166 3720 que
176 3654 259 3714 ubire,
272 3651 321 3702 sed
332 3668 392 3702 cunr
404 3651 580 3702 festinatione
591 3666 658 3716 que·
706 3654 801 3718 quaeri
813 3653 927 3715 debeat,
943 3664 1030 3714 neque
1046 3648 1170 3713 equidem
1184 3647 1248 3695 Plo-

114 3725 175 3775 dsm
199 3728 228 3773 et
252 3722 340 3772 citato
363 3736 453 3771 cursu.
490 3720 551 3770 Alio
575 3735 657 3771 sensu
706 3721 805 3773 lemeei
818 3723 1010 3772 auctoritatem
1028 3721 1068 3767 ita
1083 3729 1197 3781 sequar,
1218 3719 1249 3764 ut

113 3788 256 3843 ἀπίεσθαι
271 3790 329 3850 111,
350 3790 414 3849 109,
435 3791 483 3840 ubi
498 3790 571 3842 coni.
585 3794 656 3841 nott.
708 3793 742 3842 oh
756 3807 816 3842 eum
830 3792 967 3842 ordinem.
988 3804 1042 3853 qno
1058 3783 1168 3849 singule
1187 3783 1249 3834 locs

113 3865 145 3914 ln
166 3860 331 3929 quibusdam
351 3859 433 3911 codd.
458 3862 540 3911 etiem
565 3864 658 3910 exstet
708 3865 917 3922 commemorat,
938 3855 1078 3921 Ampelum
1098 3858 1161 3903 ante
1179 3854 1249 3904 Der·

112 3925 287 3993 ἀπικόμενος
304 3928 364 3995 (pro
382 3920 562 3994 ἀπιέμενος),
587 3929 658 3995 quod
708 3935 758 3982 rim
773 3945 902 3996 quaeram
917 3943 948 3978 eo
962 3925 1037 3987 loco,
1056 3925 1099 3975 cui
1114 3938 1186 3972 nunc
1199 3938 1249 3972 no·

114 4019 168 4053 non
179 3998 310 4066 displicet
323 3996 518 4064 Wesselingio,
539 3999 586 4049 sed
603 4015 658 4049 me·
710 4016 769 4050 men
781 3998 894 4059 liertnli,
905 3997 974 4046 satis
985 3999 1089 4047 remoto
1099 4010 1116 4042 s
1126 3994 1248 4050 Torone,

114 4074 168 4122 rito
181 4071 305 4121 reiicitur
316 4086 333 4120 a
346 4069 480 4121 Bredovio
493 4086 517 4134 p.
533 4069 594 4121 3115.
616 4069 658 4118 rid
709 4085 789 4135 qnam
808 4068 971 4117 sententiam
992 4062 1167 4129 amplectitur
1183 4062 1249 4111 For·

114 4145 304 4206 argumentum
318 4140 370 4189 loci
384 4139 451 4190 hoec
465 4144 540 4189 tene:
552 4139 658 4189 classis
708 4141 799 4203 biper:
811 4137 923 4188 Handb.
935 4135 961 4185 d.
974 4134 1022 4183 alt.
1032 4130 1185 4196 Geograph.
1193 4130 1248 4181 111.

115 4213 217 4262 fossam
241 4225 289 4274 per
313 4210 403 4260 Athon
427 4215 545 4259 montem
574 4223 658 4273 prope
710 4226 735 4274 p.
753 4208 827 4260 1054.
849 4201 1249 4268 Kurtuli,quivocaturricus,

114 4277 659 4344 Sanamductemtrsnsgresssinsiuunr
709 4279 744 4327 ad
768 4278 876 4327 Sortem
907 4275 998 4339 potius
1029 4271 1130 4322 referre
1161 4268 1250 4320 soluit

114 4351 277 4415 Singiticum
297 4350 423 4410 devenit,
448 4363 526 4414 quem
547 4362 658 4397 emensa
710 4347 803 4399 Leake
815 4346 832 4396 l.
842 4345 929 4409 lpug.
941 4344 1003 4394 lot:
1021 4342 1067 4407 qui
1077 4334 1167 4390 tanien
1179 4339 1248 4391 idem

115 4428 143 4470 et
162 4423 378 4485 promontorium
396 4418 537 4483 Ampelum
560 4418 660 4467 sinum·
709 4432 773 4483 pag.
790 4415 839 4466 llil
852 4416 953 4466 herrm
970 4418 997 4463 et
1010 4412 1137 4474 Ampelum
1152 4425 1251 4461 conve-

116 4506 169 4556 que
194 4491 377 4541 Toronaicum
402 4492 603 4554 praetervecto-
619 4501 659 4536 re·
710 4488 769 4540 nire
783 4485 842 4536 vult
855 4500 914 4537 cum
928 4481 1134 4549 promontoriis,
1153 4479 1251 4546 quibus
