3100 5175
479 288 545 347 AD
568 285 824 349 HERODOT.
848 288 906 363 VI,
928 298 969 354 69.
1229 288 1292 352 819

157 461 302 528 calumnia,
317 478 388 531 quae
395 460 533 514 Demarati
543 466 648 531 patrem
659 454 817 533 ὀνοφορβόν
827 462 982 514 effinxerat.
997 462 1117 530 Plagitat
1125 455 1290 535 Ἀλώπεκος,

158 564 240 617 quem
262 548 373 599 fratrem
397 547 555 617 sociumque
576 545 727 599 Astrabaeo
749 547 878 615 adiungit
896 547 1060 616 Pausanias,
1079 548 1104 600 h.
1123 567 1147 600 e.
1175 552 1291 604 asinario

156 634 304 703 uulpinum.
355 632 418 694 Qua
438 633 466 684 in
491 650 523 685 re
539 649 593 684 non
618 632 708 685 multis
735 633 828 685 verbis
855 649 1002 701 exponam,
1029 633 1103 704 quod
1130 634 1194 686 alibi
1221 637 1290 688 iecit

157 718 327 770 Graecarum
342 716 495 771 fabularum
512 717 630 770 indolem
642 718 680 770 ita
695 719 779 784 farre,
799 724 829 769 ut
845 734 915 788 quae
930 719 964 769 ab
979 718 1160 771 orientalibus
1175 720 1289 773 homini-

156 803 210 855 bus
226 820 281 856 uno
296 802 466 873 simplicique
480 802 603 870 symbolo
618 804 712 856 iuncta
727 809 988 871 commonstrentur,
1004 808 1035 856 ea
1052 802 1113 855 illae
1127 804 1289 873 disiungant

156 896 185 940 et
204 888 232 940 in
250 888 428 957 genealogiae
452 890 563 940 formam
584 888 719 956 redigant.
770 889 808 940 Et
830 905 896 940 vero
918 889 984 940 haec
1003 889 1138 940 Laconica
1160 892 1289 959 expedita

156 973 311 1026 redduntur
337 991 388 1042 per
402 978 525 1027 tesseras
539 973 701 1043 Aegyptias.
723 972 833 1025 Etenim
848 973 978 1042 Aegyptii
991 973 1067 1025 exosi
1080 981 1160 1025 erant
1170 976 1287 1045 asinum,

156 1052 251 1128 utpote
276 1059 373 1110 aninml
393 1058 547 1128 Typhonis.
592 1058 767 1127 Typhonium
794 1066 884 1111 autem
909 1058 1006 1110 animal
1027 1058 1156 1111 dicebant
1180 1061 1287 1113 asinum

154 1160 209 1196 nou
221 1143 310 1195 minus
325 1150 439 1213 propter
449 1143 573 1195 inertiam
589 1161 620 1195 ac
631 1142 817 1213 petulantiam,
834 1161 913 1213 quam
928 1148 1042 1212 propter
1055 1145 1145 1195 rufum
1161 1145 1286 1201 colorem.
1346 1166 1348 1171 ⁴

152 1226 268 1280 Rubent
282 1229 353 1280 enim
369 1228 558 1298 utplurimum
572 1229 600 1280 in
618 1228 725 1280 oriente
739 1227 828 1281 aselli.
851 1228 990 1280 Plutarch.
1007 1228 1049 1281 De
1064 1228 1131 1281 isid.
1148 1247 1175 1299 p.
1189 1233 1240 1286 383
1257 1250 1284 1301 p.

152 1315 205 1366 488
223 1314 364 1380 Wyttanb.
382 1308 526 1383 Αἰγύπτιοι
547 1309 577 1367 dl
598 1307 773 1384 πυρρόχρουν
795 1310 938 1382 γεγονέναι
954 1308 1004 1367 τὸν
1022 1314 1148 1381 Τυφῶνα
1162 1318 1286 1383 νομίζον-

151 1391 392 1459 τες-ἀπολαύειν
406 1417 435 1453 τε
449 1397 497 1451 καὶ
519 1394 569 1452 τὸν
583 1392 651 1453 ὄνον
666 1390 757 1464 ὥσπερ
772 1398 878 1467 εἴρηται
898 1400 949 1468 τῆς
969 1392 1147 1471 ὁμοιότητος,
1170 1395 1218 1455 διὰ
1232 1398 1285 1472 τὴν

151 1478 280 1552 ἀμαθίαν
305 1481 354 1537 καὶ
378 1479 429 1553 τὴν
448 1475 532 1557 ὕβριν
554 1479 604 1553 οὐχ
624 1474 709 1554 ἦττον
734 1474 753 1553 ἢ
773 1479 821 1537 διὰ
837 1478 888 1553 τὴν
901 1479 1001 1553 χρόαν,
1017 1485 1134 1538 οἴονται.
1179 1487 1234 1540 Sed
1250 1489 1284 1540 de

151 1569 231 1621 asino
256 1577 409 1639 contempto
432 1570 465 1621 ab
483 1570 628 1639 Aegyptiis
651 1567 703 1620 alia
719 1569 883 1621 etiaminfra
904 1586 1081 1639 apponemus.
1126 1572 1210 1623 Nunc
1234 1574 1284 1625 hoc

152 1671 235 1707 unum
246 1661 397 1721 teneamus,
415 1662 446 1707 ut
456 1655 605 1722 cogitemus
617 1656 752 1724 uulpinum
766 1657 869 1708 heroem
882 1656 998 1707 aunario
1009 1654 1138 1707 additum.
1163 1656 1283 1711 Proinde

150 1757 210 1792 cum
227 1740 255 1790 in
271 1741 428 1792 Herodotea
442 1740 600 1792 narratione
615 1742 799 1809 despicientioe
814 1748 842 1792 et
857 1740 1149 1810 contemptusvestigia
1165 1742 1283 1810 latitent,

150 1842 206 1895 quo
233 1825 346 1877 asinarii
367 1825 483 1877 infames
508 1825 650 1877 dicuntur:
677 1824 832 1877 Pausaniae
856 1824 981 1877 doctrina
1007 1825 1079 1876 hunc
1102 1828 1181 1879 nohis
1205 1844 1283 1879 usum
1332 1892 1333 1895 ρ

150 1917 288 1979 praestat,
322 1916 352 1963 ut
382 1909 518 1980 Alopecus
552 1910 633 1962 beros
669 1914 719 1980 rufi
753 1913 821 1964 asiai
855 1909 1081 1978 significationem
1118 1929 1284 1965 conservare

149 1995 309 2048 videatur.“

234 2081 309 2148 „Sed
335 2079 422 2150 qnid'l
448 2088 563 2150 quaerat
583 2080 727 2149 quispiam.
773 2080 954 2148 Contemptus
976 2079 1114 2131 asinarius
1142 2089 1170 2132 et
1193 2089 1283 2136 tamen

149 2165 280 2218 heroibus
305 2165 488 2234 interpositus
511 2148 594 2235 atque
609 2165 678 2218 adeo
692 2163 900 2225 Heraclidarum
928 2164 1008 2233 quasi
1032 2164 1198 2233 imaginibus
1223 2168 1282 2220 illa·

148 2252 218 2302 tusl
233 2282 268 2290 -
283 2251 408 2320 Uterque
422 2268 520 2319 porro,
538 2268 598 2303 cum
612 2251 652 2317 is,
674 2250 723 2320 qui
743 2251 778 2303 ah
801 2249 888 2301 asinis
908 2266 1004 2301 nomen
1021 2250 1111 2318 habet,
1130 2257 1186 2304 tum
1204 2253 1284 2323 quia

149 2335 246 2405 vulpe,
266 2352 404 2388 sacrorum
423 2336 501 2387 etiam
524 2335 650 2388 minister
669 2335 875 2403 iuventorque?
906 2334 1004 2387 Audin.
1036 2335 1126 2403 igitur
1143 2336 1283 2391 altiusin-

149 2421 311 2491 quirendum
340 2430 368 2473 et
396 2421 623 2474 considerandum
649 2420 728 2473 nobis
756 2427 814 2487 est,
841 2419 975 2489 quomodo
1001 2421 1067 2473 haec
1087 2427 1141 2473 tam
1163 2422 1284 2475 absurda

149 2506 237 2574 digeri
252 2506 361 2576 possint
376 2512 403 2558 et
423 2506 557 2574 concoqui
579 2506 785 2576 quodammodo.
836 2506 899 2568 Qua
921 2506 948 2556 in
971 2523 1000 2557 re
1021 2511 1085 2558 ante
1107 2508 1194 2560 omnia
1216 2507 1283 2561 illud

149 2593 309 2659 cavendum,
325 2611 359 2645 ne
376 2592 409 2644 ad
424 2593 512 2644 nostri
528 2593 634 2660 ingenii
654 2607 811 2662 morumque
827 2599 984 2643 nostrorum
1000 2591 1115 2644 indolem
1131 2595 1282 2647 reseramus

148 2677 255 2747 priscas
279 2677 429 2745 religiones
460 2677 679 2749 religionumque
708 2669 832 2730 tesseras
854 2692 886 2727 ae
911 2675 1029 2728 fabulas.
1072 2677 1111 2728 Et
1135 2696 1227 2731 nonne
1254 2680 1281 2732 iu

149 2763 305 2815 vernaculis
320 2763 398 2816 etiam
414 2762 550 2815 chronicis
566 2763 682 2830 nomina,
699 2764 732 2814 ab
746 2760 908 2813 animalibus
923 2759 1080 2830 desumpta,
1095 2761 1221 2832 imposita
1238 2782 1282 2817 re·

148 2843 295 2918 pariuntur
308 2848 377 2900 viris
392 2847 562 2917 principibus
577 2852 660 2918 atque
677 2846 818 2899 honoratis
835 2845 959 2914 inprimis
969 2845 1006 2896 'l“

233 2934 313 2996 Quae
330 2934 380 2985 iam
395 2950 411 2985 a
427 2933 475 2986 Gr.
491 2931 647 2985 instituitur
662 2923 828 3001 disputatio,
849 2930 957 2997 longior
978 2947 1057 3000 quam
1078 2947 1148 3000 quae
1173 2932 1283 3000 integra

149 3020 201 3071 huc
216 3025 379 3089 apponatur,
397 3018 431 3069 ah
447 3016 592 3084 Aegyptiis
609 3017 716 3069 orditur
735 3016 856 3083 asinum,
876 3015 1049 3084 Typhoniam
1066 3016 1195 3085 bestiam,
1217 3035 1281 3069 con-

148 3104 348 3170 temnentibus,
376 3103 558 3155 mulcentibus
585 3109 613 3154 et
637 3107 724 3154 tamen
750 3102 790 3154 rei
817 3118 911 3153 sacrae
938 3100 1050 3153 eundern
1077 3102 1281 3168 adhibentibus,

149 3190 271 3242 nimirum
286 3189 400 3256 Isiacae,
416 3206 448 3240 eo
463 3187 523 3240 scil.
539 3204 640 3254 sensu,
666 3193 697 3239 ut
720 3198 849 3256 tauquam
870 3186 960 3255 turpis
983 3186 1072 3238 bestia
1096 3192 1283 3256 opponeretur
1337 3192 1340 3198 ’

94 3272 96 3276 ’
149 3275 329 3327 nobilioribus
350 3291 382 3326 ac
401 3273 493 3343 specie
511 3289 563 3325 sua
576 3272 753 3342 moribusque
768 3273 931 3341 Typhonem
942 3271 1137 3340 quodammodo
1153 3273 1281 3338 referret,

148 3377 207 3413 eum
223 3364 320 3412 contra
333 3361 415 3426 canu,
430 3359 496 3426 bos,
515 3357 584 3410 aliae
608 3359 713 3410 bestiae
738 3359 767 3410 in
789 3355 904 3408 historia
929 3355 1049 3409 Osiridis
1075 3375 1154 3409 sacra
1179 3374 1281 3410 summo

148 3446 251 3498 honore
264 3446 481 3514 impertirentur.
530 3443 630 3510 „Unde
651 3443 821 3511 antiquitus,
847 3440 938 3511 pergit
954 3442 1020 3510 Gn,
1045 3442 1159 3495 asinarii
1180 3449 1208 3493 et
1228 3442 1283 3510 ipsi

149 3531 175 3582 in
195 3537 368 3600 contemptus
380 3530 539 3582 societatem
555 3535 701 3580 venerunt.
747 3528 799 3579 Cui
818 3526 915 3593 generi
933 3525 1068 3580 hominum
1086 3527 1281 3598 quodammodo

148 3615 288 3669 accenseri
310 3621 430 3684 possunt
452 3613 531 3666 etiam
546 3613 593 3666 isti
613 3624 737 3684 agyrtae,
757 3612 805 3683 qui
821 3613 874 3664 diis
892 3608 1051 3681 deabusque
1073 3612 1170 3681 stipem
1188 3631 1281 3665 corro-

148 3703 250 3768 gabant
263 3707 291 3752 et
306 3700 389 3753 asello
405 3700 576 3752 vehebantur
589 3699 659 3770 (vid.
676 3698 824 3751 Ruhnken.
838 3697 874 3749 ad
888 3695 993 3748 Timaei
1009 3698 1077 3750 Lex.
1092 3695 1163 3748 Plat.
1180 3717 1207 3768 p.
1225 3701 1280 3766 10).

148 3786 248 3839 Verum
264 3786 355 3855 prisco
371 3802 439 3838 aevo
455 3785 527 3837 haud
544 3784 627 3837 dubie
642 3785 785 3837 honestum
806 3782 861 3836 luit
875 3781 925 3833 hoc
943 3799 1083 3835 sacrorum
1099 3783 1281 3836 curandorum

149 3871 281 3938 officinm,
304 3872 328 3923 si
350 3871 457 3941 quidem
478 3871 539 3938 ipse
561 3869 606 3921 ille
621 3870 720 3922 albaris
745 3869 772 3920 iu
796 3875 955 3934 agyrtarum
980 3886 1092 3920 numero
1113 3869 1280 3933 censendus,

148 3963 217 4009 teste
239 3957 385 4009 Iamblicho
406 3955 447 4008 De
474 3955 521 4006 vit.
537 3953 618 4021 Pytb.
640 3972 683 4023 ap.
702 3957 743 4007 lu.
759 3973 786 4023 p.
803 3956 847 4006 76.
892 3950 983 4021 Atque
1002 3954 1091 4022 ipsum
1111 3952 1282 4006 Herodotum

148 4049 269 4096 nostrum
285 4047 382 4094 testem
398 4041 526 4092 adhibere
542 4055 689 4108 possumus
704 4039 808 4090 veteris
827 4037 1048 4110 honestiorisque
1070 4038 1153 4092 moris
1173 4045 1201 4090 et
1221 4039 1282 4108 qui·

148 4127 205 4178 dem
220 4128 248 4179 in
263 4127 353 4196 ipsius
369 4126 474 4177 Dianae
489 4125 670 4192 religionibus
693 4123 742 4176 lV.
764 4126 798 4178 35
827 4122 885 4192 [ubi
909 4122 965 4173 vid.
986 4126 1080 4194 uott.].
1125 4124 1204 4186 Quae
1223 4141 1283 4176 cum

147 4212 185 4263 ita
210 4213 281 4277 sint,
308 4229 361 4263 non
389 4211 555 4276 mirandum,
580 4212 671 4280 priscis
691 4211 850 4280 temporibus
875 4209 1002 4262 eiusmodi
1023 4212 1182 4280 sacrificulus
1207 4215 1284 4277 atquc

148 4308 257 4366 ngprtaa
271 4300 379 4351 heroum
395 4315 497 4365 qunque
518 4297 659 4350 honoribus
681 4305 792 4350 ornatos
802 4295 961 4361 uersasque
977 4298 1101 4364 gentibus
1117 4298 1284 4366 interpositos

148 4402 207 4436 csse.
254 4384 353 4453 Neque
371 4383 422 4434 iam
438 4383 585 4436 obscurum
602 4389 659 4448 est,
676 4399 725 4433 cur
741 4398 880 4435 sacrorum
902 4378 1032 4433 inuentor
1051 4381 1177 4452 idemque
1199 4381 1283 4433 sarri·

1019 4476 1083 4540 52*
