3100 5175
479 401 850 465 TERPSICHORE.
875 404 913 467 V.
935 413 979 469 52.
1255 403 1295 467 85

153 575 231 668 μὸς,
246 573 329 648 odit
344 579 382 648 εἰι
396 582 458 648 τοῦ
469 575 575 649 αύτοῶ
589 579 691 669 ῥέων·
713 574 731 648 ὁ
745 579 808 669 μὲν
822 577 885 669 γάρ
900 578 1058 670 πρότερος
1071 578 1183 652 αύτῶν
1194 612 1293 654 κατα-

154 685 287 771 λεχθεὶς
310 686 344 765 ἐξ
365 680 547 772 Ἀρμενίων
568 687 653 774 ῥέει,
680 680 698 754 ὁ
721 682 754 754 d’
777 683 920 770 ὕστερον
939 689 976 755 ἐκ
990 692 1185 774 Ματιηνῶν.
1218 684 1294 758 ὁδε

153 790 309 874 τέταρτος
330 791 399 855 τῶν
420 794 578 878 ποταμῶν
596 786 724 877 οὕνομα
743 796 810 876 ἔχει
831 788 982 877 Γύνδης,
1011 787 1070 858 τὸν
1090 795 1202 876 Κύρος
1226 795 1292 861 6ιὲ-

154 894 238 978 λαβέ
249 917 327 960 κοτε
343 895 376 971 ἐς
392 890 556 980 διώρυχας
574 891 731 981 ἑξήκοντα
750 894 805 962 καὶ
819 902 1017 981 τριηκοσίας.
1054 890 1107 962 Ἐκ
1123 895 1159 964 el
1174 893 1294 982 ταύτης

153 999 209 1082 τῆς
232 991 407 1083 Ἀρμενίης
428 995 622 1083 ἐσβάλλοντι
644 999 677 1075 ἐς
696 994 757 1084 τὴν
778 993 958 1085 Ματιηνὴν
978 1000 1042 1084 γῆν
1062 1006 1210 1088 σταθμοί
1229 1005 1292 1067 είσι

154 1102 308 1186 τέσσερες
328 1152 434 1167 .......
455 1102 492 1168 ἐκ
514 1099 550 1169 dt
573 1098 694 1187 ταύτης
716 1104 749 1179 ἐς
766 1097 828 1187 την
842 1107 986 1187 Κισσίην
1004 1098 1117 1188 χῶρην
1134 1108 1291 1189 μεταβαί-

154 1229 248 1270 νοντι
270 1206 392 1272 ἕνδεκα
411 1204 576 1290 σταθμοὶ,
603 1202 816 1292 παρασάγγαι
837 1204 873 1273 di
894 1201 954 1271 δύο
976 1205 1031 1271 καὶ
1050 1204 1292 1293 τεσσεράκοντα

154 1307 209 1374 καὶ
222 1302 328 1394 ἥμισύ
341 1308 411 1375 ἐστι
426 1308 479 1374 ἐπὶ
493 1305 642 1396 ποταμὸν
656 1305 833 1396 Χοάσπην,
858 1304 954 1376 ἐόντα
969 1308 1025 1374 καί
1043 1312 1161 1376 τούτον
1174 1329 1290 1396 νηυσι-

153 1412 318 1497 πέρητον,
345 1404 402 1477 ἐπ’
424 1398 452 1499 pi
471 1414 588 1477 Σούσα
614 1409 709 1489 πόλις
736 1409 940 1480 πεπόλισται.
982 1400 1086 1479 Ούτοι
1111 1417 1146 1481 ol
1170 1411 1292 1490 πάντες

153 1520 304 1601 σταθμοί
320 1518 383 1581 είσι
399 1516 518 1583 ἕνδεκα
538 1514 593 1582 καὶ
608 1511 734 1583 ἑκατόν.
770 1516 960 1602 καταγωγαὶ
976 1515 1038 1602 μέν
1052 1542 1117 1583 νυν
1131 1518 1292 1603 σταθμῶν

151 1680 264 1731 Handb.
276 1678 303 1730 d.
314 1678 365 1728 alt.
376 1678 472 1743 Geogr.
483 1678 521 1730 11.
534 1679 629 1744 poor.
654 1680 698 1730 De
749 1682 792 1732 Tu
805 1682 877 1732 coni.
895 1684 965 1730 nott.
979 1678 1159 1740 ad1‚72.-
1177 1679 1218 1730 Ad
1229 1696 1291 1733 ver-

153 1752 258 1816 Gynde,
282 1749 329 1813 ηιιί
348 1755 391 1799 est
411 1748 590 1800 recentiorum
608 1751 697 1812 Diale,
747 1751 812 1802 bum
824 1745 935 1813 διέλαβε
945 1749 1082 1812 (dissensit,
1092 1749 1204 1810 diducit)
1217 1751 1290 1801 coni.

151 1820 273 1869 diximus
291 1819 329 1868 ad
347 1819 376 1879 1,
396 1818 459 1893 1803
489 1819 582 1870 Zahati
600 1834 697 1869 nomen
748 1822 772 1880 1,
789 1819 847 1872 160.
861 1820 920 1871 262.
934 1819 1055 1884 Xenoph.
1072 1819 1169 1884 Cyrop.
1182 1821 1219 1882 V,
1236 1821 1259 1876 l.
1276 1820 1289 1869 1

152 1905 215 1939 num
234 1893 298 1953 post
317 1880 544 1951 ούνομαζομενος
566 1888 699 1939 exciderit
748 1891 841 1956 ibique
851 1892 1031 1952 Bornemsnn‚
1042 1888 1112 1939 etad
1124 1888 1291 1939 locutionem

151 1960 199 2021 (ci.
216 1957 352 2009 Bobrick:
373 1957 528 2023 Geograph.
549 1957 576 2009 d.
594 1958 696 2009 Herod.
748 1952 830 2017 rriiec
844 1953 1011 2008 πεπόλισται
1026 1960 1113 2007 citata
1125 1957 1160 2007 sd
1174 1959 1207 2018 V,
1222 1959 1264 2010 14.

151 2046 177 2094 p.
196 2028 257 2090 158)
268 2026 501 2092 supplendumque
511 2031 586 2078 certe
595 2028 646 2090 sit,
663 2042 697 2076 an
785 2021 977 2089 ruotpoldus
989 2025 1127 2092 τέσσερες]
1142 2029 1209 2077 Post
1221 2027 1289 2078 haec

151 2101 227 2164 prius
247 2097 318 2147 illud
337 2087 429 2154 ῶοτὸς
446 2097 473 2146 in
493 2088 618 2160 Ζάβατος
639 2112 697 2145 mu·
747 2100 832 2151 verba
861 2099 988 2148 lacunam
1019 2096 1195 2147 statuendam
1228 2112 1290 2147 esse

151 2167 279 2228 tandum,
304 2171 337 2215 nt
357 2165 494 2217 nonnullis
518 2169 584 2216 viris
608 2165 697 2216 doctis
747 2184 826 2220 nemo
836 2183 890 2219 uon
902 2166 991 2217 videt:
1012 2182 1082 2231 quae
1095 2165 1230 2231 quomodo
1244 2183 1289 2217 ex·

150 2238 259 2304 placuit
275 2236 324 2300 (ci.
336 2237 462 2301 Kiepert.
479 2252 505 2298 p.
521 2236 584 2298 135,
603 2236 696 2286 Herm.
745 2238 845 2303 plenda
858 2237 983 2288 videatur
994 2238 1062 2286 viris
1075 2236 1172 2297 doctis,
1188 2235 1290 2286 indica·

150 2310 171 2361 1.
186 2309 220 2360 C.
234 2306 446 2356 Weissenborn:
469 2306 568 2356 Ninive
588 2321 615 2356 n.
635 2306 696 2356 sein
744 2309 815 2359 bunt
824 2307 976 2369 sequentia.
1003 2305 1113 2356 Elibris
1124 2305 1235 2369 scriptis
1248 2305 1289 2354 ni-

150 2377 259 2428 Gebiet.
270 2374 395 2426 Erfurdt.
404 2375 513 2439 remp.
523 2377 538 2424 4
548 2378 616 2436 not,
629 2376 695 2426 Gut·
746 2378 783 2428 hil
796 2377 892 2427 auxilii
910 2377 1036 2426 affertur:
1061 2376 1155 2440 itaque
1171 2373 1288 2425 lacunae

150 2446 257 2499 sclrmid
268 2445 438 2510 inPhilolog.
451 2445 515 2508 X.p.
523 2444 575 2495 666
584 2449 611 2494 et
620 2444 694 2508 667).
744 2449 825 2513 signa
833 2446 957 2510 adposui,
969 2444 997 2494 id
1007 2448 1113 2495 tantum
1125 2444 1288 2495 monendum

150 2518 174 2567 id
189 2516 304 2582 quidem
316 2516 344 2564 in
354 2513 441 2565 medio
452 2514 619 2579 relinquam:
639 2521 696 2565 ete·
747 2518 798 2568 lroc
819 2515 880 2566 loco
897 2520 987 2574 ratus,
1008 2515 1109 2576 verbu,
1136 2528 1206 2579 quae
1225 2516 1289 2577 post

150 2591 203 2639 nim
218 2586 307 2637 verbe
320 2584 465 2651 sequentia
477 2576 530 2633 ούκ
540 2573 631 2641 eiusde
642 2577 695 2634 ἐῶν
744 2589 815 2639 hanc
828 2585 955 2636 lacunam
969 2584 1109 2647 leguntur,
1131 2576 1160 2632 ἐκ
1178 2574 1209 2631 δὲ
1223 2577 1289 2632 mv'.

150 2648 281 2721 ποταμὸς
299 2654 344 2707 vel
363 2654 480 2706 suadere
501 2654 643 2715 videntur,
665 2658 696 2705 nt
745 2673 809 2720 της,
832 2661 957 2720 προσίετο
977 2655 1012 2704 ad
1028 2652 1110 2703 verba
1126 2667 1288 2718 praegressa

148 2729 283 2778 intactum
319 2724 501 2789 relinquamus
532 2725 696 2776 antecedens
745 2720 772 2785 ἐς
790 2719 844 2788 τὴν
857 2716 1012 2786 Ματιηνὴν
1025 2720 1088 2786 γῆν.

149 2790 249 2857 lintris,
264 2794 336 2859 quod
344 2810 437 2845 omnes
448 2808 554 2859 quoque
563 2794 696 2859 praebent
782 2784 830 2843 lut
851 2784 980 2855 ποταμὸν
996 2788 1138 2853 Χοάσπην
1149 2817 1183 2826 -
1197 2779 1243 2837 ἐπ’
1265 2773 1288 2849 ᾧ

149 2867 208 2917 libri
219 2865 337 2929 scriptu
349 2864 376 2913 id
387 2880 451 2915 vero
462 2870 614 2924 teneamus,
624 2863 696 2928 qnod
746 2862 846 2914 Σοῦσα
856 2855 938 2919 πόλις
947 2853 1125 2923 πεπόλισται]
1138 2858 1224 2909 Simili
1234 2872 1290 2907 mo-

149 2938 180 2987 ad
199 2936 287 2986 tidem
304 2934 438 2984 Herodoti
456 2935 550 2999 utique
568 2934 694 2996 pertinet,
746 2935 781 2984 do
794 2936 895 2984 Noster
909 2946 992 2996 supra
1006 2931 1040 2991 V,
1053 2928 1101 2977 49:
1120 2919 1151 2976 ἐν
1166 2928 1202 2991 τῇ
1216 2926 1288 2989 (scil.

26 3010 27 3069 1
65 3008 68 3013 “
149 3007 187 3057 rel
204 3005 303 3056 adhuc
322 3008 377 3053 tres
397 3008 505 3053 tantum
523 3003 620 3053 fluvios
640 3019 696 3053 ma·
746 2999 860 3065 Κισσίη)
886 2992 924 3064 δὴ
952 2991 1030 3076 παρά
1054 2986 1184 3057 ποταμῶν
1206 2989 1289 3043 τόνδε

149 3078 216 3127 iores
242 3074 368 3124 inveniri
392 3073 427 3122 ab
450 3075 555 3123 oriente
573 3072 695 3137 Tigridis
746 3062 889 3133 Χοάσπην
912 3065 1027 3130 κείμενα
1050 3055 1106 3115 ἔστι
1132 3058 1167 3114 τά
1190 3062 1288 3114 Σούσα

150 3148 175 3196 iu
201 3146 281 3196 hunc
307 3143 397 3208 ipsum
420 3142 563 3193 influentes
589 3142 653 3191 iudo
678 3157 695 3191 a
745 3138 848 3203 ταῦτα,
875 3139 909 3189 ad
934 3153 1012 3203 quem
1034 3137 1123 3188 locum
1142 3134 1198 3185 vid.
1218 3151 1289 3199 quae

148 3216 279 3280 Choaspe
298 3227 385 3277 usque
404 3212 439 3261 ad
463 3212 628 3275 superiorem
648 3210 696 3261 Ti·
745 3211 874 3262 defluvio
888 3215 972 3274 atque
986 3207 1053 3257 arbe
1068 3205 1219 3256 attulimus.

148 3287 230 3349 gridis
262 3297 370 3332 cursum
389 3281 550 3347 eosdemque
569 3284 697 3331 accurate
782 3266 870 3329 Ούτοι
883 3272 913 3328 oi
924 3269 1029 3334 πάντες
1042 3266 1233 3338 recuperetur
1247 3265 1290 3322 ἓν·

147 3356 189 3406 hic
207 3352 337 3405 indicari
362 3367 380 3401 a
398 3351 515 3411 Nostro,
540 3352 587 3415 qni
610 3351 639 3400 in
663 3367 695 3401 eo
746 3347 817 3398 δεπα
835 3345 881 3397 arel
899 3338 1012 3412 ἑκατὸν]
1032 3346 1133 3409 „Ratio
1153 3360 1207 3394 non
1226 3360 1290 3393 con·

148 3430 261 3476 tantum
279 3420 638 3486 lnpsusrideturKieperto
658 3418 695 3485 (p.
747 3424 812 3470 stat.
855 3419 1004 3469 Mansioues
1025 3417 1083 3467 sire
1110 3409 1234 3477 σταθμοὶ
1261 3414 1289 3462 in

148 3490 305 3560 lddseq.),
327 3490 400 3556 quod
420 3495 476 3542 tres
496 3489 578 3541 hosce
598 3491 697 3540 duvios
747 3489 972 3554 praecedentibus
1004 3485 1140 3536 duntaxat
1165 3484 1288 3533 LXXXI.

148 3566 180 3616 ad
192 3561 358 3616 Armeniam
370 3561 506 3622 retulerit,
519 3575 578 3611 cnm
590 3560 625 3611 ad
638 3575 697 3609 eam
747 3562 842 3625 Neque
853 3558 982 3609 convenit
991 3569 1206 3621 parasangarnm
1217 3568 1290 3603 sum-

149 3642 244 3686 terrnm
263 3631 440 3697 pertineant,
460 3645 530 3696 quac
545 3630 699 3679 Armeniam
749 3646 807 3680 mo:
827 3632 1004 3679 numerantur
1022 3630 1129 3676 tantum
1141 3621 1289 3673 CCCXIII.

150 3723 166 3756 a
181 3704 300 3755 meridie
325 3701 430 3765 excipit
452 3704 480 3749 et
498 3700 633 3750 Matienes
651 3715 699 3749 no·
750 3700 822 3762 Quia
832 3704 923 3749 tamen
936 3699 1092 3759 purosnnpr's
1103 3693 1291 3757 quadringentis

150 3777 218 3825 mine
229 3775 265 3825 ab
277 3770 425 3822 Herodoto
435 3770 602 3834 designatur,
615 3768 698 3834 vulgo
750 3774 778 3821 et
792 3769 982 3833 quinquaqinta.
997 3769 1063 3829 quot
1076 3780 1104 3814 se
1117 3761 1242 3827 posuisse
1255 3760 1290 3810 si·

149 3847 276 3907 Assyriae
295 3840 407 3892 nomine
420 3841 541 3903 cognita,
749 3839 875 3905 gnificat,
899 3839 1028 3887 accurate
1040 3832 1190 3883 stadiorum
1210 3828 1290 3880 colle·

181 3906 210 3975 ίξ
225 3907 385 3976 Ἀρμενίων
405 3901 474 3974 riter]
496 3908 597 3960 Eodem
619 3908 699 3958 modo
749 3911 806 3960 ctio
821 3906 963 3972 congruit,
977 3905 1046 3954 bene
1059 3902 1100 3952 illi
1110 3900 1219 3952 habent.
1243 3899 1290 3947 Vi·

149 3986 248 4034 Noster
264 3983 379 4033 locutus
394 3983 437 4030 est
450 3980 472 4040 1,
489 3977 552 4041 186,
567 3977 615 4030 aed
627 3979 651 4039 1,
665 3979 698 4028 72
749 3980 790 4029 tia
803 3978 832 4027 in
846 3975 1018 4028 mansionum
1033 3978 1061 4023 et
1076 3983 1291 4049 parasangorum

150 4053 181 4103 de
192 4054 301 4119 Halys:
314 4042 372 4113 ῥέει
386 4038 415 4109 ἕξ
426 4039 570 4112 Ἀρμενίου
581 4037 697 4109 ούρεος;
749 4048 883 4107 numeris,
896 4046 953 4096 suis
963 4042 1026 4092 olim
1039 4041 1108 4091 locis
1118 4040 1190 4088 iuste
1200 4050 1288 4099 argua-

150 4125 247 4188 quibus
259 4123 334 4172 locis
346 4134 401 4168 nou
414 4123 469 4169 tam
483 4118 637 4183 deregiono
647 4118 697 4168 Ar·
749 4120 800 4179 tis,
823 4116 928 4165 inflicta
945 4111 1076 4169 haerent,
1100 4108 1215 4157 aliorum
1236 4105 1291 4153 ior-

139 4186 254 4255 ’menia,
269 4206 354 4257 quam
367 4189 402 4239 do
416 4188 553 4238 montibus
563 4188 700 4238 Armeniis
749 4192 825 4236 tasse
835 4188 981 4235 msstornm
990 4177 1092 4230 auxilio
1102 4174 1229 4228 eluenda:
1244 4190 1291 4225 no·

150 4263 191 4328 agi
205 4262 336 4321 credam,
359 4259 414 4309 nisi
430 4258 538 4308 omnino
552 4257 642 4322 gentis
654 4256 700 4306 hic
749 4258 801 4308 stri
811 4254 881 4306 enim
893 4254 920 4301 in
929 4250 1021 4302 eodem
1031 4252 1095 4300 sunt
1104 4246 1191 4298 luto.“
1207 4247 1292 4295 Wes-

149 4347 246 4382 nomen
263 4328 388 4395 intelligi
402 4327 516 4389 debeat,
538 4332 568 4377 nt
589 4341 650 4378 mox
671 4327 699 4375 in
750 4327 865 4387 selino,
902 4324 934 4372 Iu
954 4336 1007 4385 quo
1020 4319 1072 4369 viri
1086 4315 1237 4368 doctissimi
1251 4315 1291 4364 iu-

150 4402 238 4452 rerbis
250 4390 283 4450 ἔκ
293 4395 511 4461 Ματιηνῶν(ο1.
521 4397 545 4459 1,
558 4394 699 4460 ituros),
750 4376 823 4447 dicid
839 4391 911 4443 haud
933 4392 989 4443 scio
1009 4389 1094 4440 ausit
1114 4386 1291 4452 acquiescen-

150 4486 237 4538 seque
258 4486 297 4522 ac
312 4471 351 4531 V,
369 4468 420 4532 49,
441 4468 489 4517 ubi
507 4459 538 4517 ο1
553 4458 699 4531 Ἀρμένιοι.
751 4461 1075 4531 dnm,praesertimcnm,
1087 4459 1292 4510 benemonente
