3100 5175
449 381 724 443 POLYMNIA.
748 381 820 441 VII·
846 389 998 447 ist-139.
1230 381 1291 444 645

153 552 191 622 di
205 555 239 635 ἐς
253 558 365 624 πᾶσαν
380 551 442 644 τὴν
454 551 604 624 Ἐλλάδα.
642 555 897 644 πυνθανόμενοι
914 557 952 627 δὲ
966 545 1071 628 ταῦτα
1086 555 1151 645 πρό
1164 564 1292 628 πολλοῦ

152 662 187 726 oi
198 654 358 747 Ἕλληνες
378 656 440 729 οὐκ
466 663 504 730 ἐν
527 657 630 751 ὁμοίῳ
652 657 774 738 πάντες
794 664 980 732 ἐποιεῦντο.
1017 666 1053 729 oi
1069 663 1131 749 μὲν
1149 662 1213 750 γάρ
1227 658 1288 731 αὐ·

151 765 238 848 τιόν,
261 762 378 843 δόντες
398 768 463 853 γῆν
477 790 512 832 τε
533 765 588 833 καὶ
603 758 697 850 όδωρ
710 770 756 855 τςό
770 765 903 858 Πέρσῃ,
927 766 1017 854 εἶχον
1029 766 1157 852 θάρσος
1172 763 1215 846 ὡς
1229 763 1288 835 οὐ·

153 865 212 934 δέν
226 866 418 955 πεισόμενοι
433 863 531 956 άχαρι
545 866 627 957 πρός
640 870 701 934 τοῦ
715 868 907 955 βαρβάρου·
932 874 967 939 ol
979 869 1032 952 δέ,
1047 866 1088 938 ori
1103 870 1236 952 δόντες,
1252 873 1289 939 ἐν
1336 951 1340 956 ⁴

152 975 283 1058 δείματι
298 970 432 1063 μεγάλῳ
446 974 667 1054 κατέστασαν,
682 967 739 1038 ἅτε
753 967 831 1040 οὔτε
845 979 934 1043 venio
947 975 1096 1042 ἐουσέων
1109 978 1146 1043 ἐν
1163 980 1204 1065 τῇ
1214 971 1286 1041 Ἐλ-

150 1072 228 1142 λάδι
243 1071 390 1163 ἀριθμὸν
404 1070 590 1163 ἀξιομάχων
606 1075 765 1143 δέκεσθαι
781 1073 840 1144 τόν
853 1078 1007 1160 ἐπιόντα,
1027 1073 1105 1146 οὔτε
1123 1079 1287 1165 βουλομέ·

151 1203 222 1246 νων
243 1183 312 1247 τῶν
337 1184 471 1247 πολλῶν
495 1175 724 1266 ἀντάπτεσθαι
748 1184 810 1248 τοῦ
831 1185 995 1270 πολέμου,
1023 1180 1230 1269 μηδιζόντων
1249 1180 1287 1249 δέ

150 1281 344 1369 προθύμως.
386 1278 553 1351 Ἐνθαότά
575 1277 743 1372 ἀναγκαίῃ
763 1284 935 1374 ἐξέργομαι
956 1284 1095 1372 γνώμην
1119 1281 1280 1365 άποδέξα·
1296 1286 1354 1349 139

149 1395 250 1472 σθαι,
267 1389 458 1472 ἐπίφθονον
471 1386 534 1474 μὲν
548 1382 714 1472 πρόςτιόν
728 1386 882 1457 πλεόνων
898 1385 1112 1476 ἀνθρώπων,
1131 1384 1220 1476 ὅμως
1236 1387 1285 1474 δὲ,

149 1595 208 1646 157.
239 1589 396 1641 καθίεσθαι
419 1592 520 1641 dicitur
545 1593 692 1657 exercitus,
742 1595 912 1645 incursurum
931 1610 991 1645 csse
1012 1594 1081 1645 bene
1102 1592 1228 1658 sentiret)
1252 1609 1285 1644 ea

147 1664 435 1730 quiinuliquemlocum
445 1663 693 1728 dernittitoroppres-
742 1664 869 1730 proloqui
885 1665 957 1714 haud
980 1666 1113 1714 reveritus
1134 1668 1188 1726 est,
1213 1679 1284 1727 quae

145 1750 239 1795 surus,
258 1732 481 1798 quemadmodum
501 1732 575 1796 apud
595 1732 691 1797 Polyb.
742 1734 808 1785 licet
821 1735 985 1785 Graecorum
999 1735 1173 1798 opinionibus
1191 1733 1286 1782 adrer-

114 1841 118 1847 .
146 1806 191 1854 lll
202 1840 209 1866 ,
221 1803 255 1855 48
275 1797 315 1859 tls
334 1793 535 1865 sinporoq'tovg
556 1798 692 1851 καθιέναι
742 1810 883 1865 serentur,
894 1819 960 1853 vera
972 1808 1063 1854 tamen
1076 1803 1134 1853 sola
1145 1804 1199 1868 ipsi
1211 1802 1285 1853 vide-

146 1866 256 1929 τόπους
276 1871 336 1934 (ubi
358 1870 411 1921 vid.
438 1868 692 1937 Sdhrveighaeuseri
741 1881 845 1923 rentur.
889 1874 1010 1937 Namque
1037 1874 1157 1938 plerique
1184 1872 1285 1922 Graeci

146 1943 241 2009 nott).
257 1942 310 2001 111,
322 1940 370 1991 92:
391 1945 473 2005 atque
486 1942 558 2006 apud
569 1941 692 1992 Herode·
742 1942 825 2007 (quod
844 1942 888 1993 vel
907 1960 921 1993 e
936 1943 1027 1993 verbis
1047 1934 1213 2000 ἐπίφθονον
1231 1938 1283 2004 μὲν

145 2018 204 2063 tum
220 2005 354 2061 καθιέναι
370 2004 418 2064 τὰς
431 2000 556 2072 άγιιόρας
571 2012 640 2072 Vll,
656 2012 689 2064 76
742 2010 815 2075 πρὸς
833 2010 890 2060 τεόν
904 2006 1032 2061 πλεόνων
1048 2003 1214 2074 άνθριόπων
1234 2026 1283 2075 ap·

146 2082 208 2132 coll.
222 2082 280 2133 138.
306 2079 689 2144 IuThesaur.Ling.Grace.
742 2082 847 2146 paret),
879 2082 959 2132 aliter
978 2084 1097 2131 sensisse
1122 2095 1283 2145 omnemque

145 2152 195 2202 lv.
213 2169 240 2218 p.
252 2153 303 2202 784
317 2151 358 2201 ed.
376 2148 502 2200 Dindorf.
522 2149 689 2215 explicatur:
740 2151 872 2203 liberatae
888 2168 904 2201 a
917 2151 1010 2201 Persis
1025 2150 1157 2201 Graeciae
1172 2150 1281 2201 laudem

145 2239 200 2271 crem
225 2224 315 2285 impetu
338 2219 421 2281 ferri,
445 2224 582 2282 pressam
608 2235 689 2284 quam
740 2222 774 2271 ad
806 2223 955 2286 Spartanos
984 2219 1110 2271 retulisse
1140 2220 1282 2270 videnturr

144 2295 200 2341 vim
217 2292 244 2341 in
258 2288 377 2354 simplici
393 2288 476 2337 verbo
488 2286 584 2337 ἵεσθαι
600 2290 690 2339 inesse
741 2291 885 2354 quodcum
906 2290 1003 2341 falsum
1022 2290 1207 2355 iniustumque
1221 2305 1281 2340 esse

144 2360 263 2410 vidimus
276 2360 311 2408 ad
328 2358 376 2415 vl,
392 2356 451 2407 112.
738 2359 878 2409 videretur
903 2360 975 2424 patri
996 2359 1141 2418 historiae,
1174 2364 1282 2410 coutra-

181 2422 234 2478 οὐκ
253 2420 283 2477 ἐν
303 2419 392 2492 ὁμοίῳ
407 2414 689 2489 πᾶντέςὲσθιέῧνῑθ]
738 2431 807 2479 riam
837 2429 1001 2480 sententiam
1029 2428 1114 2478 libere
1141 2429 1281 2493 professus

144 2500 163 2549 i.
182 2515 206 2550 e.
222 2515 272 2550 oon
288 2498 373 2547 eodem
396 2495 468 2547 morio
491 2511 574 2546 omues
594 2496 692 2556 adfecti
739 2504 796 2560 eat,
821 2515 876 2548 nou
893 2504 949 2549 tarn
965 2498 1056 2548 studio
1073 2498 1279 2560 atheniensium

143 2577 232 2630 mont,
263 2583 312 2618 nou
338 2567 401 2616 idem
429 2580 510 2615 seram
536 2572 680 2616 statuerunt
739 2569 851 2628 ductus,
870 2585 949 2634 quam
968 2584 1056 2618 rerum
1072 2570 1191 2619 veritate
1209 2584 1281 2619 com·

144 2635 688 2695 SimileslocutionesexstautVlll‚ltili.
738 2645 845 2700 motus3
875 2641 933 2688 iure
962 2639 1046 2702 igitur
1072 2637 1279 2687 Atheniensium

143 2709 204 2769 111,
221 2708 278 2758 154.
294 2710 320 2767 1,
339 2707 384 2757 ll8
396 2704 458 2756 coll.
474 2705 527 2769 lx,
541 2704 584 2756 43.
624 2705 688 2754 Mox
738 2715 831 2774 partes
848 2710 919 2757 tueri
930 2709 1030 2757 Noster
1045 2707 1132 2755 voluit
1148 2707 1220 2757 haud
1233 2723 1280 2756 ne·

143 2773 239 2828 αότών
255 2777 316 2826 dedi
333 2791 381 2840 pro
395 2768 512 2853 αὐτέων.
544 2773 584 2824 Ad
602 2774 687 2824 verba
737 2779 826 2833 scius,
846 2794 876 2827 se
897 2778 989 2826 odium
1007 2791 1112 2839 eorum,
1133 2778 1180 2840 qui
1199 2775 1280 2827 Athe·

142 2841 244 2903 δόντες
258 2846 311 2911 γῆν
330 2860 358 2894 τε
375 2840 423 2893 καὶ
437 2843 515 2906 υδωρ
530 2844 601 2895 conf.
616 2847 686 2893 nott.
737 2848 877 2898 aiensibus
898 2845 1124 2905 adversarentur,
1146 2845 1198 2894 sibi
1217 2861 1280 2895 con·

142 2918 178 2968 ad
194 2919 235 2979 V,
251 2919 280 2967 17
299 2922 327 2966 et
345 2915 380 2965 ad
399 2930 492 2964 rocem
513 2905 597 2977 ἄχαρι
617 2918 685 2963 nott.
736 2922 887 2967 tracturum
904 2932 978 2966 esse:
1004 2929 1092 2979 neque
1109 2930 1213 2979 paucos
1232 2930 1279 2965 eos

142 2986 333 3051 adVI,il.-
356 2978 552 3033 ἀντάπτεσθαι
568 2981 620 3031 τοῦ
635 2998 687 3033 πο·
736 2987 822 3037 luisse
842 2985 1045 3045 credibilem,
1071 2986 1095 3033 si
1113 2987 1281 3048 reputaveri-

141 3054 229 3120 λέμου
243 3055 318 3106 valet
329 3057 433 3105 vicissim
443 3071 515 3105 οννιυ
528 3069 622 3117 cupere
637 3054 688 3104 bel·
736 3072 805 3117 mus,
820 3070 872 3118 quo
883 3060 1005 3118 tempore
1015 3053 1083 3104 haec
1092 3054 1127 3103 ab
1137 3054 1280 3104 Herodoto

140 3131 238 3193 linoque
252 3128 389 3189 ιαααλμενε.
736 3141 801 3178 sene
813 3124 846 3174 de
858 3125 968 3175 Thuriis
978 3129 1058 3189 geute
1074 3124 1230 3187 conscripta
1240 3126 1281 3174 vi·

736 3197 847 3257 dentur,
866 3210 971 3244 omnem
986 3193 1129 3242 Graeciam
1144 3192 1215 3244 bello
1227 3198 1280 3246 Pe-

299 3297 356 3348 cu,
384 3292 522 3347 CXXXIX
735 3262 1280 3330 lopounesiaco(cuiusipsiuspauloan'·

359 3336 364 3346 '
527 3338 532 3349 '
735 3340 783 3386 tea
796 3349 855 3397 cap.
872 3334 919 3383 137
935 3335 1037 3383 mentio
1051 3338 1111 3383 erat
1123 3333 1212 3399 iacta)
1223 3350 1279 3383 rna-

187 3391 333 3451 ’Evlloetlw
366 3394 507 3463 ἀναγκαίη
539 3388 686 3461 tiliolum*
736 3407 807 3454 xime
826 3404 957 3469 flagrasse
975 3404 1194 3466 Graecorumque
1212 3405 1279 3455 rnul-

141 3464 260 3538 i'fflll'tv
284 3462 492 3534 οἱἲῑθδὲξθῑῦθᾱί]
520 3469 537 3516 i·
559 3485 583 3517 e.
603 3469 687 3534 Atque
736 3473 1281 3524 torumanimosabntheniensibuaslie-

140 3540 467 3605 leicnecessitutepuodum
484 3552 575 3601 sopor,
593 3547 685 3588 αιτωι-
736 3560 786 3593 nos
802 3544 895 3594 fuisse.
925 3544 968 3593 Tu
986 3542 1060 3593 conf.
1077 3543 1159 3592 etiam
1176 3544 1280 3593 ilberti

141 3612 354 3670 contremiscam,
373 3610 447 3672 dive,
466 3614 497 3657 ut
514 3608 583 3658 bene
596 3609 686 3658 reddi·
736 3614 769 3664 de
789 3613 887 3675 Ionph,
910 3614 952 3663 De
977 3611 1128 3677 philosoph,
1146 3614 1279 3663 Herodot.

140 3683 182 3733 dit
195 3681 331 3732 Matthiae
349 3680 394 3729 Gr.
409 3679 455 3729 Gr.
470 3681 495 3741 ἕ.
508 3678 568 3727 535.
584 3683 640 3729 not.
654 3677 685 3727 3:
736 3700 800 3749 pag.
817 3684 881 3741 15⁸,
901 3685 947 3748 qui
964 3680 1134 3732 Herodotum
1154 3687 1231 3731 recte
1251 3683 1279 3730 in

141 3751 187 3801 Iclt
199 3751 292 3811 werde,
304 3766 336 3800 on
343 3750 430 3814 joclem
440 3749 536 3798 andern
543 3748 685 3812 peltinclert,
736 3754 779 3803 his
798 3752 889 3817 egisse
909 3751 1030 3803 iudicat,
1047 3764 1108 3798 cum
1121 3752 1280 3813 pronuntia.

137 3820 270 3887 ρταόιίιίμι
293 3825 345 3869 etc.
383 3819 444 3870 Vid.
462 3831 545 3882 supra
564 3819 635 3879 vll,
651 3817 686 3867 so
737 3828 832 3881 retes,
845 3836 915 3885 quae
929 3818 1156 3881 iniraleguuturr
1174 3812 1280 3878 vovet,

140 3892 238 3955 ibique
251 3894 322 3940 nott.
341 3887 403 3938 coll.
418 3887 557 3938 Plutarch.
573 3887 609 3938 ΙΙ,
624 3903 684 3952 pag.
733 3883 783 3940 'Ao
805 3889 905 3945 ναίους
921 3883 957 3935 δν
976 3901 1020 3941 τις
1041 3878 1128 3945 λόγων
1152 3884 1280 3950 σωτῆρας

144 3960 252 4012 1098Α.
284 3959 315 4008 ln
332 3959 418 4022 ipsum
430 3957 564 4007 Herodoti
579 3962 687 4008 senten·
736 3907 871 4023 μενέσθαι
904 3955 955 4020 τῆς
983 3948 1133 4015 Ἑλλάδος,
1165 3946 1217 4003 οὐκ
1244 3950 1280 4002 ἄν

139 4033 210 4080 tiam
224 4029 276 4078 hoc
292 4029 384 4092 capite
398 4028 551 4090 expositam
571 4028 687 4092 inquirit
735 4023 895 4092 ἁμαρτάνοι
914 4018 945 4074 τό
960 4017 1084 4086 dividis:
1109 4038 1179 4087 quae
1195 4039 1280 4089 quan·

141 4094 686 4163 orote:Historyofursecevpspss
737 4105 793 4148 tum
811 4095 1023 4146 Atheniensibus
1042 4091 1208 4156 placuerint,
1234 4109 1281 4143 ne·

141 4185 199 4234 seq.
213 4170 363 4233 meritoque
385 4182 434 4217 nos
449 4166 590 4217 attendere
610 4166 686 4215 iubet
737 4183 781 4216 mo
799 4180 852 4214 non
872 4163 1009 4227 intelligit.
1041 4160 1086 4239 hd
1106 4160 1191 4210 verba
1204 4177 1281 4239 seqq.

140 4240 177 4290 ad
190 4255 238 4299 ea,
259 4254 327 4304 quae
340 4237 506 4288 necessitate
516 4241 641 4285 coactum
658 4250 686 4283 se
737 4228 903 4291 ἐπίφθονον
916 4225 968 4294 μὲν
981 4243 1072 4290 προς
1084 4226 1141 4277 τοῖν
1150 4230 1282 4279 πλεόνων

140 4308 265 4376 proferre
286 4307 405 4357 affirmat
422 4308 537 4358 Noster:
565 4305 610 4369 qui
633 4319 686 4369 quo
735 4296 903 4363 ἀνθρώπων
915 4302 990 4351 coni.
1002 4299 1129 4349 ebusum
1142 4302 1283 4365 praeposi·

140 4385 202 4430 erat
220 4379 348 4429 incensus
370 4376 497 4427 veritatis
517 4374 622 4433 studio,
643 4373 687 4423 vel
738 4374 821 4423 tionis
832 4364 905 4429 πρὸς
918 4370 1051 4421 Kuebner
1064 4368 1111 4418 Gr.
1123 4366 1169 4415 Gr.
1181 4371 1207 4429 5.
1220 4370 1281 4429 616,

140 4447 247 4500 inuitus
264 4446 337 4513 (cum
350 4448 378 4498 in
390 4447 535 4498 multorum
552 4443 644 4495 odium
658 4458 688 4495 so
738 4446 762 4507 1,
778 4458 805 4505 α,
820 4447 848 4493 et
859 4440 962 4492 Herod.
976 4438 1045 4500 VII,
1063 4434 1127 4487 138:
1146 4428 1184 4494 ὡς
1197 4430 1285 4488 οὐδὲν
