3100 5175
249 367 312 436 «103
682 368 950 432 HERODOTI

250 553 389 641 ηακλέος
408 562 493 617 τοῖσι
515 550 552 617 ἐκ
566 552 727 635 Σαρδίων
747 550 889 614 Λυδοῖσι
908 540 997 628 παρὰ
1017 547 1166 629 Κροίσου
1187 536 1386 628 ἀπικνεομέ-

250 675 339 725 νοισι
360 653 415 721 ἐπί
438 649 475 721 τδ
496 651 699 740 χρηστήριον
717 647 755 717 τὸ
775 651 813 717 ἐν
825 657 990 734 Δελφοῖσι
1010 644 1238 734 συμπρήκτωρ
1258 670 1294 711 τε
1315 646 1384 729 ἐγί-

251 785 327 830 νετο
341 757 397 826 καί
411 754 646 844 συνελάμβανε
660 751 855 840 προθύμως.
884 757 943 820 καί
961 777 1020 836 μιν
1035 758 1178 837 Κροῖσος
1193 747 1387 835 πυθόμενος

251 867 319 944 τῶν
332 863 475 943 Λυδῶν,
488 862 557 927 τῶν
572 860 604 937 ἐς
617 855 658 926 τά
672 855 854 945 χρηστήρια
868 856 1082 940 φοιτεόντων,
1099 848 1227 921 ἑωυτόν
1242 842 1281 920 εὖ
1294 854 1385 919 ποτέ·

253 992 321 1050 ειν,
337 965 586 1052 μεταπέμπεται
600 964 633 1041 ἐς
646 961 792 1049 Σάρδις,
814 955 1019 1044 ἀπικόμενον
1033 955 1071 1025 δὲ
1087 957 1248 1043 δωρέεται
1261 959 1384 1046 χρυσῷ,

251 1066 311 1137 τόν
328 1061 371 1135 ῶν
394 1064 535 1148 δύνηται
555 1070 600 1157 τῷ
615 1066 745 1134 ἑωυτοῦ
758 1061 885 1150 σῶματι
900 1063 1131 1141 ἐξενείκασθαι
1148 1057 1281 1140 ἐσάπαξ.
1308 1053 1440 1126 001490

249 1168 437 1257 Ἀλκμαίων
453 1165 535 1256 πρὸς
548 1167 610 1255 τήν
629 1164 760 1257 δωρεήν
774 1168 897 1235 ἐοῦσαν
911 1163 1069 1250 τοιαύτην
1083 1162 1196 1232 τοιάδε
1211 1161 1385 1248 ἐπιτηδεύ·

253 1295 314 1353 σας
329 1271 526 1360 προσέφερε.
554 1268 654 1351 ἐνδύς
674 1275 807 1339 κιθῶνα
827 1271 933 1357 μέγαν
946 1268 1001 1337 καί
1016 1266 1143 1335 κόλπον
1156 1263 1271 1354 βαθύν
1286 1291 1386 1332 κατα-

254 1375 432 1463 λιπόμενος
449 1378 512 1442 τού
529 1380 695 1457 κιθῶνος,
722 1373 910 1458 κοθόρνους
929 1369 1007 1450 τούς
1028 1367 1163 1457 εὕρισκε
1185 1365 1387 1455 εὐρυτάτους

254 1480 369 1557 ἐόντας
388 1473 659 1565 ὑποδησάμενος,
682 1474 733 1564 rite
755 1478 788 1555 ἐς
807 1473 865 1544 τόν
884 1472 1077 1562 θησαυρόν,
1102 1475 1136 1553 ἐς
1154 1471 1214 1542 τόν
1234 1476 1269 1541 οί
1286 1500 1386 1561 κατη-

254 1586 380 1670 γέοντο.
408 1578 559 1649 ἐσπεσῶν
577 1580 614 1649 dt
632 1583 664 1660 ἐς
678 1577 790 1666 σωρόν
804 1577 996 1666 ψήγματος,
1019 1581 1133 1665 πρῶτα
1148 1577 1210 1664 μὲν
1224 1579 1386 1663 παρέσαξε

255 1682 346 1774 παρὰ
362 1681 421 1763 τὰς
440 1683 569 1773 κνήμας
586 1688 647 1753 τού
660 1688 788 1770 χρυσοῦ
801 1679 882 1751 ὅσον
901 1679 1046 1768 ἐχώρεον
1061 1683 1096 1748 ot
1105 1679 1284 1767 κόθορνοι,
1306 1677 1386 1766 μετὰ

256 1789 294 1858 δὲ
313 1785 373 1856 τόν
393 1785 519 1856 κόλπον
535 1785 643 1856 πάντα
665 1786 874 1875 πλησάμενος
895 1789 1039 1872 χρυσοῦ,
1063 1783 1118 1850 καί
1132 1786 1177 1863 ’ἐς
1197 1781 1255 1862 τὰς
1275 1790 1388 1871 τρίχας

296 1988 465 2057 προσέφερε]
491 1991 622 2043 Valcken.
640 1993 798 2057 auspicatur
846 1983 1152 2054 λαὶ-χεῖρεςτυυίυιατατ
1161 1988 1389 2054 ηααποιτκεπίακείί

255 2059 432 2126 πραοεφεῦρε
443 2098 450 2122 ,
462 2063 565 2124 inemo·
576 2065 638 2112 ruzin
651 2070 797 2112 commentar
843 2067 972 2122 poterunt.
995 2057 1041 2107 Sin
1049 2058 1176 2122 Sophocl.
1189 2074 1232 2123 ap.
1241 2059 1318 2110 stob.
1328 2058 1386 2118 103,

256 2141 301 2183 ert.
327 2129 697 2195 RecteSehrueipdaeus.:
716 2147 797 2192 „ver-
847 2132 879 2179 21
905 2123 1013 2191 πολλὴν
1035 2126 1163 2191 γλῶσσαν
1185 2117 1282 2192 ἐκχέας
1303 2128 1386 2178 dixit:

257 2203 320 2252 bum
331 2196 488 2263 προσέφερε
499 2199 676 2251 sollicitatum
687 2201 797 2261 nollem,
847 2205 878 2248 tu
896 2200 951 2249 vid.
975 2197 1088 2248 Stobaei
1108 2197 1236 2263 Florileg.
1259 2199 1305 2261 18,
1329 2201 1338 2249 1
1361 2203 1388 2248 et

257 2275 399 2338 peraptum
412 2268 476 2319 huie
489 2269 563 2320 loco:
586 2271 720 2319 adderam
735 2271 799 2319 iliud
847 2268 986 2318 Plutarch.
1004 2267 1040 2317 11.
1057 2282 1120 2332 pag.
1134 2267 1207 2317 8οΔ.
1236 2267 1290 2318 Sed
1302 2260 1388 2331 μάχαν

259 2339 329 2404 (soil.
342 2337 498 2402 cupiendum)
514 2341 565 2388 tale
579 2341 701 2389 inuentum
714 2342 799 2390 aurdit
847 2329 955 2386 κόλπον
966 2336 1037 2386 dixit
1048 2336 1173 2400 Aeschyl.
1187 2336 1386 2388 Promeruisti

258 2410 361 2460 Galliae.
385 2409 451 2472 Ipsa
464 2408 512 2456 iila
523 2409 608 2470 notio,
619 2423 700 2472 quam
715 2409 797 2460 verbo
847 2406 993 2471 eodemque
1013 2406 1093 2456 modo
1112 2407 1267 2458 Herodotus
1290 2399 1387 2473 βαθύν

257 2475 434 2542 προοεφεῦρε
444 2491 599 2542 expressam
608 2478 739 2531 Valcken.
751 2495 798 2529 ro·
848 2470 956 2525 κόλπον
971 2477 1060 2527 dicere
1074 2478 1177 2542 putuit3
1199 2478 1233 2528 de
1246 2478 1309 2542 ipsa
1320 2492 1385 2528 rece

257 2548 357 2611 luerat,
367 2546 396 2597 in
405 2547 488 2598 verbo
498 2536 683 2613 ἐπιτηδεύσας
694 2549 799 2602 inest.“
848 2538 943 2612 βαθύς
966 2546 1021 2597 vid.
1047 2546 1131 2597 ailata
1155 2547 1183 2596 in
1203 2547 1285 2599 Thes.
1305 2548 1386 2612 Ling.

258 2619 357 2683 Itaque
373 2607 558 2682 ἐπιτηδεύσας
572 2618 730 2681 προσέφερε
744 2634 798 2668 non
848 2619 944 2667 Graec!
959 2617 996 2666 11.
1015 2631 1077 2681 pag.
1091 2616 1125 2668 35
1138 2632 1196 2682 seq.
1208 2618 1250 2667 ad.
1262 2617 1385 2669 Dindori.

205 2738 207 2743 ,
257 2687 370 2738 multum
388 2686 507 2739 discedit
526 2688 561 2737 sb
580 2702 628 2749 eo,
652 2689 724 2754 quod
747 2689 800 2739 fre·
849 2679 1389 2738 Caeterumso'iuovdesinuuestisdixe-

258 2762 373 2823 quanter
397 2755 497 2807 dieitur
521 2751 651 2822 μηχανήν
676 2753 800 2822 προοφέ·
849 2756 991 2806 suntidem
1005 2756 1154 2821 Aeschylus
1166 2756 1193 2807 S.
1207 2773 1230 2807 υ.
1243 2757 1294 2807 Th.
1310 2756 1387 2816 1030,

260 2840 332 2888 ρεινε
363 2826 397 2877 da
419 2843 471 2892 quo
494 2826 572 2890 plura
595 2827 747 2879 afferuntur
770 2829 800 2877 in
848 2824 979 2890 Polybius
993 2826 1049 2887 111,
1064 2826 1107 2889 33,
1124 2830 1154 2889 2,
1170 2826 1218 2876 alii
1234 2854 1263 2863 -
1281 2819 1385 2886 κοθόρ-

258 2896 340 2946 Thas.
358 2897 438 2962 Ling.
452 2896 547 2947 Graec.
562 2896 609 2948 Vl.
627 2913 652 2962 p.
668 2898 737 2948 2020
757 2897 800 2949 ed.
851 2909 920 2952 νους
932 2895 1003 2945 dixit
1015 2895 1115 2946 Noster
1125 2911 1233 2962 quoque
1244 2897 1268 2959 1,
1280 2898 1337 2953 155,
1349 2897 1387 2945 in-

258 2965 384 3016 Dindori.
423 2966 595 3016 Aiemueouis
619 2964 800 3018 commentum
849 2964 1254 3030 telligausealeaosperAsiam
1269 2967 1386 3016 usitatos

259 3035 510 3099 tangitaVaioken.
518 3035 647 3088 laudatus
655 3036 800 3099 DioChry-
849 3050 950 3100 nunqua
971 3035 1101 3095 maiores,
1123 3052 1156 3086 ex
1170 3039 1237 3086 Asia
1251 3037 1315 3087 inde
1327 3051 1386 3087 eum

259 3109 326 3155 sest.
342 3103 388 3156 Or.
401 3105 490 3154 XVII.
503 3121 530 3169 p.
541 3105 592 3156 253
609 3113 636 3157 et
646 3106 799 3156 LXXVIII.
850 3103 928 3166 aliis,
950 3119 1020 3170 quae
1039 3104 1072 3153 ad
1088 3106 1191 3156 Bneehi
1209 3103 1311 3156 cultum
1328 3121 1387 3172 spe·

260 3189 286 3237 p.
300 3172 360 3226 050.
376 3201 407 3211 -
428 3174 461 3223 In
474 3175 595 3238 proxime
613 3192 687 3245 seqq.
707 3176 799 3240 plures
849 3179 943 3237 etant,
970 3173 1119 3225 translatos
1142 3177 1170 3224 in
1193 3174 1337 3226 Graeciam
1360 3180 1386 3225 et

259 3242 338 3295 codd.
357 3231 441 3298 ἐνδὺς
459 3241 587 3305 κιθῶνα,
612 3248 713 3296 omissa
730 3260 799 3296 voce
850 3259 867 3293 a
887 3245 1000 3309 tragicis
1020 3243 1199 3295 histrionibus
1216 3252 1385 3310 assumptos3

259 3305 362 3373 μάχαν,
390 3325 470 3376 quam
491 3318 600 3375 prueter
619 3313 689 3364 alios
708 3318 800 3364 tuetur
849 3312 903 3362 vid.
931 3313 1061 3364 Wieseier
1089 3314 1130 3363 iu:
1161 3316 1299 3381 Goatting.
1328 3315 1386 3368 (iel.

259 3379 421 3429 Erratathius
432 3380 501 3431 haec
513 3382 596 3431 verba
609 3384 699 3432 nitens
709 3384 743 3433 ad
755 3383 799 3433 Ili.
849 3384 935 3432 Anzz.
944 3383 1019 3433 1852.
1028 3397 1091 3447 pag.
1101 3384 1167 3435 1885
1178 3399 1234 3448 seq.
1243 3386 1320 3434 rom.
1334 3386 1386 3444 111,

259 3464 285 3513 p.
298 3447 358 3510 655,
372 3450 405 3500 02
417 3465 439 3501 s.
454 3450 513 3511 521,
527 3452 551 3500 5.
582 3466 586 3476 ·
850 3453 896 3516 qui
911 3455 997 3516 ipsam
1011 3468 1104 3503 vocem
1120 3469 1174 3504 nnn
1187 3454 1325 3513 Graecae,
1341 3455 1386 3505 sed

294 3514 341 3566 καί
353 3511 460 3596 κόλπον
470 3512 578 3585 βαθύν]
595 3522 655 3571 Duo
664 3520 726 3571 libri
738 3512 800 3570 κόλ-
850 3522 989 3572 Asiaticae
1020 3522 1113 3587 stirpis
1145 3539 1205 3574 asse
1234 3525 1389 3589 suspicatur

260 3601 316 3635 πον
343 3583 455 3652 βαθύν,
484 3590 562 3639 cuins
591 3589 651 3640 1οοο
677 3591 799 3642 Florent.
850 3606 963 3656 eamque
988 3592 1103 3657 posthae
1130 3595 1246 3645 cessisse
1275 3595 1387 3645 vocibus

260 3648 347 3723 βαθύ.
371 3658 426 3707 Alii
437 3656 500 3707 libri
512 3660 607 3724 scripti
620 3652 717 3723 πολύν,
727 3661 800 3725 quod
850 3676 914 3711 vere
927 3661 1039 3711 Graecis
1057 3653 1141 3725 ἐμβὰς
1158 3668 1186 3713 at
1203 3655 1324 3730 ἐμβάτης
1340 3664 1387 3714 εδ·

260 3727 384 3777 Dietsuh.
407 3727 523 3778 mutavit
545 3730 572 3777 in
593 3721 711 3788 πολλόν,
735 3731 800 3795 quia
850 3730 900 3780 dit.
913 3758 948 3768 -
962 3730 1003 3780 nd
1016 3726 1186 3795 κατηγέοντο
1201 3738 1291 3784 mente
1302 3733 1388 3784 addas

259 3796 349 3846 forma
368 3792 461 3845 πολὺν
485 3797 519 3847 ab
540 3798 679 3848 Herodoto
705 3802 800 3864 ntique
850 3799 916 3850 licet
932 3793 961 3849 οἱ
976 3796 1169 3864 θεράποντες,
1188 3804 1235 3868 qui
1251 3803 1344 3854 eedem
1360 3804 1387 3852 in

258 3865 351 3916 aliena
361 3870 412 3929 est,
428 3871 596 3919 monstrante
607 3868 722 3919 Breduv.
754 3884 798 3934 ag.
850 3884 879 3918 re
891 3876 1137 3921 commemorantur
1150 3874 1171 3934 1,
1182 3873 1229 3934 30;
1250 3875 1284 3924 da
1296 3873 1388 3924 huius·

259 3936 308 3995 30,
330 3939 416 4002 quiet
434 3938 494 4003 ipsa
508 3939 603 4002 reponi
619 3937 677 3988 vult
692 3886 799 4005 poids,
850 3939 924 3990 modi
936 3940 1059 3991 subiecto
1073 3943 1173 3991 omisso
1187 3943 1242 3996 rid.
1259 3943 1338 3994 modo
1350 3941 1388 3992 al-

259 4006 333 4071 quod
353 4005 416 4057 inde
436 4008 618 4059 revocandum
636 4010 799 4060 censuimus.
851 4009 910 4058 lata
921 4010 955 4059 ad
967 4011 1013 4073 VI,
1026 4011 1173 4063 litt-Ad
1185 4010 1387 4077 recomprimit

260 4075 598 4144 Schweighaeuserus,qui
607 4078 729 4129 exhibuit
738 4071 801 4129 κάλ·
851 4080 923 4131 coni.
939 4084 1007 4131 nott.
1021 4081 1056 4130 ad
1070 4080 1121 4143 111,
1135 4079 1179 4132 04.

259 4160 316 4193 πον
330 4138 433 4204 πολύν,
449 4150 646 4214 interpretatur
658 4151 736 4199 sinum
749 4165 800 4200 am·
886 4146 984 4214 πρῶτα
996 4144 1048 4211 μὲν
1060 4142 1199 4213 παρέσαξε
1209 4166 1234 4205 κ.
1245 4167 1268 4200 τ.
1280 4150 1316 4217 1.]
1332 4153 1351 4201 i.
1363 4168 1386 4201 e.

256 4216 337 4277 pleon,
357 4217 447 4268 citans
459 4219 513 4282 IV,
530 4218 572 4271 39.
594 4219 735 4281 100111,
759 4223 798 4280 14,
849 4222 919 4269 eirea
937 4235 958 4270 s.
976 4221 1052 4270 iuxta
1076 4235 1167 4283 mua,
1190 4230 1306 4286 quantum
1330 4222 1389 4270 anri

258 4284 305 4332 ubi
322 4285 393 4335 idem
408 4287 571 4339 vocabulum
590 4288 621 4338 de
639 4291 800 4352 amplitudine
848 4290 1115 4353 communicationi,
1129 4292 1236 4353 inser-rie.
1261 4293 1387 4341 Itareets

259 4368 292 4401 au
312 4357 507 4417 magnitudine.
540 4358 619 4423 Apud
638 4358 797 4409 Callimaeh.
849 4359 1000 4425 Schweigh.
1027 4360 1069 4410 De
1085 4361 1169 4411 verbu
1186 4354 1298 4409 σάττειν
1314 4360 1385 4411 eoas.

259 4421 800 4492 li.inBianti,citanteVaieken.,nnt-
848 4434 918 4480 nott.
931 4430 965 4479 ad
979 4429 1074 4485 11Ῑ.7.
1105 4425 1228 4496 Sequens
1246 4425 1387 4486 διαπάσας
