3100 5175
272 415 313 477 66
635 441 640 450 ·
707 406 976 470 ΗΕΒΟΒΟΤΙ

273 618 347 677 νος,
362 592 395 669 ές
409 585 528 676 ἥντινα
542 590 606 674 γῆν
619 590 742 653 κτίσων
757 593 810 671 ίη,
830 580 908 653 οὔτε
929 578 1068 669 ποιήσας
1082 574 1185 647 οὐδέν
1197 580 1267 646 τών
1279 583 1409 663 νομιζο-

273 697 394 783 μένων.
427 687 482 760 οία
505 689 540 758 dl
562 692 691 779 βαρέως
711 691 843 776 φέρων,
859 685 950 757 altiles
965 689 997 765 ές
1012 683 1074 772 τὴν
1087 682 1220 771 Λιβύην
1240 678 1281 749 τὰ
1295 687 1410 748 πλοῖα·

274 798 473 886 κατηγέοντο
490 793 526 862 δέ
540 799 574 861 ol
584 792 705 882 ἄνδρες
720 795 870 878 Θηραῖοι.
898 788 1097 877 ἀπικόμενος
1113 782 1146 855 d’
1163 789 1196 865 ἐς
1209 792 1348 853 Κίνυπα
1362 793 1411 852 οῖ-

273 921 344 970 κισε
359 903 468 988 χώρου
482 896 659 967 κάλλιστον
672 895 887 983 τώυΛιβύων
902 890 992 981 παρὰ
1006 888 1170 980 ποταμόν·
1191 889 1361 971 ἐξελαθεὶς
1376 887 1412 955 dl

276 1007 439 1073 ἐνθεῦτεν
452 1010 552 1094 τρίτῳ
567 1008 636 1071 ἔτει·
646 995 713 1068 ὑπὸ
726 1002 878 1068 Μακέων
892 1026 927 1067 τε
942 998 998 1066 καὶ
1011 994 1152 1085 Λιβύων
1165 994 1222 1062 καὶ
1235 994 1411 1079 Καρχηδο-

228 1110 268 1172 43
279 1114 363 1177 νίων
390 1103 525 1175 ἀπίκετο
545 1107 578 1185 ἐς
599 1100 869 1192 Πελοπόννησον.
908 1098 1075 1170 'livorna
1098 1101 1137 1167 δέ
1153 1102 1187 1165 οἱ
1209 1094 1413 1184 Ἀντιχάρης,

275 1207 360 1300 ἀνὴρ
376 1205 566 1296 Ἐλεώνιος,
589 1206 834 1297 συνεβούλευσε
853 1210 977 1276 ἐκτῶν
994 1210 1104 1273 Λαΐου
1125 1194 1412 1290 χρησμών,Ἡρώ-

276 1425 336 1461 enm
350 1411 464 1461 recentt.
482 1407 542 1458 edd.
558 1408 668 1472 reposui
682 1403 725 1472 lp,
747 1407 818 1471 quod
868 1407 951 1471 byum
964 1404 1101 1457 communi
1111 1403 1218 1453 nomine
1231 1399 1267 1450 sd
1276 1398 1358 1450 Afros
1373 1399 1413 1448 in·

277 1480 356 1530 offert
368 1478 486 1544 optimus
498 1476 756 1528 liberFlorentinus.
773 1476 816 1525 Cl.
870 1479 985 1543 digeras
1009 1479 1153 1541 spectante
1181 1487 1268 1536 seque
1289 1485 1412 1534 compre-

275 1550 390 1600 Bredov.
404 1562 469 1613 pag.
484 1545 545 1597 408.
558 1548 618 1598 411.
643 1549 738 1611 Neque
751 1561 818 1597 sane
869 1547 1038 1608 incendantur,
1058 1544 1160 1597 diversi
1182 1542 1291 1608 quidem
1312 1555 1329 1590 ιι
1348 1539 1414 1588 Cer-

278 1618 469 1684 opnsscribere
478 1613 532 1679 ἴοις
546 1617 736 1667 coniunctivae
746 1617 819 1666 eninr
870 1616 1104 1682 theginiensibus,
1134 1615 1180 1680 qui
1204 1612 1289 1663 Poeni
1314 1625 1413 1675 genere

278 1704 331 1754 quo
353 1703 437 1738 sensu
455 1687 501 1738 hic
522 1692 654 1751 ponatur,
679 1685 820 1736 declarant
870 1685 943 1736 aliua
965 1702 1077 1752 prorsus
1103 1689 1168 1735 sunt
1192 1682 1306 1748 originis
1329 1683 1414 1743 atque

278 1763 348 1808 nott.
366 1758 400 1806 ad
416 1757 440 1819 1,
454 1755 561 1808 530011.
576 1757 625 1818 vl,
639 1755 682 1806 35.
703 1755 819 1804 Beeum-
870 1757 974 1820 stirpis.
997 1755 1181 1806 Valckenario
1194 1753 1350 1804 Herodotus
1363 1764 1413 1814 pro

278 1828 348 1878 lein:
365 1827 473 1877 Griech.
484 1826 557 1878 Mod.
568 1841 594 1890 p.
611 1826 668 1876 182.
688 1824 820 1875 Probavit
871 1817 986 1891 Λιβύων
1000 1827 1144 1890 scripsisse
1154 1817 1415 1883 videturMaziv'asv

278 1911 387 1962 qnoque
396 1895 429 1946 G.
439 1897 587 1948 Hermann.
600 1898 629 1945 iu
640 1894 757 1959 Opuecc.
770 1895 819 1944 Ν.
872 1893 917 1961 (de
936 1910 989 1960 qus
1007 1905 1089 1960 gente
1108 1893 1179 1943 conl.
1201 1891 1255 1953 Ν,
1273 1889 1334 1953 178)
1363 1893 1415 1938 aut

277 1982 340 2032 pag.
352 1966 396 2016 90.
870 1965 947 2014 eliud
963 1966 1035 2029 qnod
1053 1963 1176 2014 Africani
1193 1959 1288 2026 populi
1305 1974 1413 2011 nomen.

314 2023 379 2084 οὔτε
396 2028 519 2097 ποιήσας
535 2023 622 2082 οὐδέν
638 2029 696 2082 τών
710 2029 793 2097 νομιζ
808 2059 820 2069 -
870 2034 1052 2100 Wesselingio
1074 2033 1228 2086 adsentitur
1248 2029 1413 2080 Larcherus.

279 2100 382 2167 μένων]
409 2102 537 2168 Neglexit
557 2104 684 2153 nimirum
704 2101 749 2154 ille
766 2119 820 2153 om·

279 2175 325 2223 nis
340 2189 387 2234 ee,
400 2187 471 2236 quae
483 2187 500 2220 a
515 2171 623 2222 civibus
636 2172 671 2221 ad
685 2173 821 2222 coloniam

279 2241 448 2294 condendam
460 2241 694 2306 proficiscentibus
703 2242 756 2291 rite
764 2241 822 2291 fieri

279 2313 414 2375 solebant,
426 2327 507 2361 sacra
516 2310 636 2377 publica,
646 2311 715 2360 ritus
723 2310 822 2362 solem·

279 2397 341 2442 nes,
359 2381 415 2430 alia
432 2380 458 2430 id
475 2395 576 2445 genus,
590 2380 623 2431 de
636 2380 735 2445 quibus
748 2379 820 2430 coni.

279 2450 380 2500 Herod.
397 2451 425 2509 1,
447 2450 496 2500 146
516 2450 581 2515 ibiq.
600 2455 671 2504 nott.
693 2455 722 2500 et
739 2450 768 2500 G.
789 2450 819 2499 F.

279 2521 435 2571 Hermann:
448 2517 600 2572 Lehrbuch.
611 2526 663 2573 ete.
676 2522 701 2582 ξ.
715 2521 749 2570 75
760 2523 819 2568 not.

279 2590 304 2649 3,
323 2592 371 2656 qui
384 2591 466 2641 etiam
485 2590 591 2639 monuit
603 2589 636 2640 de
651 2591 772 2641 dictione
787 2585 821 2637 τὰ

280 2655 506 2780 lllllffillnllr
523 2659 688 2780 lll1lsllsml¹
691 2660 699 2708 ἰ
707 2676 755 2779 ’etl
756 2674 819 2779 ullu

688 2767 695 2793 ‚
752 2766 757 2777 .
815 2766 821 2778 .

279 2801 345 2861 Vll,
361 2798 418 2859 146,
429 2797 476 2849 nbi
487 2797 524 2848 cf.
537 2804 606 2849 nott.
615 2800 722 2849 —Mox
732 2790 820 2856 ἀπίει,

280 2875 310 2918 ut
324 2860 391 2929 ἐξίει
406 2870 428 2931 1,
441 2868 468 2930 6,
479 2868 528 2917 ubi
537 2868 592 2919 vid.
601 2872 670 2918 nott.
684 2862 758 2917 ἀνίει
769 2867 822 2925 111,

283 2938 340 3002 109,
348 2938 412 2989 alia.
426 2936 642 3003 Magisadrertit
651 2938 722 2988 celer
732 2943 821 2987 trene-

280 3010 335 3058 itus
351 3024 368 3057 ιι
383 3009 521 3072 praesenti
534 2998 639 3073 (ἀπίει)
652 3009 688 3058 ad
700 3013 822 3073 praeter-

279 3078 348 3127 itum
359 3074 539 3141 κατηγέοντο,
552 3093 714 3143 quamquem
728 3078 756 3128 in
766 3079 821 3128 He·

280 3146 375 3196 rodoto
386 3146 453 3195 talia
467 3149 555 3195 minus
568 3147 703 3199 offendere
713 3147 822 3199 debent.

280 3215 342 3267 Vid.
358 3214 443 3264 allata
461 3216 494 3265 ed
508 3216 540 3276 V,
554 3216 598 3267 56.

314 3278 485 3347 κατηγέοντο
496 3278 528 3333 dl
538 3278 568 3333 oi
575 3274 678 3347 ἄνδρες
687 3283 820 3349 Θηραῖοι]

284 3353 411 3403 Pheraeos
421 3353 495 3403 viros
506 3356 645 3404 exstitisse
654 3355 737 3405 duces
747 3354 822 3405 hand

280 3424 390 3485 mirum,
406 3423 504 3488 quippe
515 3439 627 3487 quorum
642 3425 759 3474 maxime
774 3425 822 3474 flo-

279 3493 336 3542 ruit
347 3493 537 3544 commercium
551 3509 612 3544 cum
625 3493 718 3544 Africa
738 3498 821 3559 atque

279 3562 405 3625 inprimis
416 3578 475 3611 curn
482 3562 595 3627 Cyrene,
607 3563 821 3629 quaeThereeo·

279 3647 338 3681 rum
354 3631 407 3680 fuit
419 3630 535 3682 colonie.
561 3633 603 3685 Ci.
616 3633 665 3696 IV,
681 3634 731 3684 166
744 3649 819 3699 seqq.

279 3702 320 3751 De
336 3701 430 3764 Cinype
442 3702 478 3752 cl.
492 3703 540 3763 Ν,
555 3702 613 3752 176.
634 3702 692 3756 198.
707 3704 821 3753 —Cum

279 3776 394 3821 recentt.
410 3771 471 3822 edd.
490 3771 600 3836 reposui
615 3764 758 3831 ἐξελαθείς
772 3789 820 3838 pro

279 3830 456 3899 ἐξελασθεὶς,
470 3841 502 3891 de
516 3857 569 3907 quo
582 3842 691 3905 saepius
705 3844 732 3892 in
747 3845 820 3908 prio-

185 3975 188 3982 ·
278 3910 353 3961 ribus
379 3911 511 3960 monitum
530 3915 580 3961 est.
617 3911 678 3962 Vid.
702 3913 819 3965 Bredov.

299 3995 343 4042 ug.
359 3980 417 4030 342.

280 3996 298 4045 p
314 4041 371 4099 ὑπὸ
385 4041 511 4100 Μακέων
529 4061 559 4098 τε
577 4045 627 4098 καὶ
642 4042 755 4117 Λιβύων
770 4048 819 4101 καί

280 4115 500 4184 Καρχηδονίων]
516 4121 641 4171 Haerent
651 4120 680 4170 in
691 4121 734 4173 his
741 4123 821 4173 Wes-

279 4188 410 4253 selingius
432 4193 517 4255 atque
530 4189 680 4249 Valcken,
706 4207 818 4257 quorum

281 4255 326 4307 ille
340 4258 488 4322 particulas
503 4272 532 4307 τε
548 4254 597 4308 καὶ
610 4262 739 4313 inductus
750 4262 818 4327 vult,

279 4340 340 4375 cnm
355 4328 468 4389 Macae,
488 4326 521 4377 de
545 4329 642 4393 quibus
655 4332 755 4382 Noster
770 4332 818 4395 Ν,

871 2104 1006 2170 Equidem
1023 2103 1102 2154 codd.
1126 2103 1221 2153 invitis
1235 2099 1303 2149 nihil
1319 2101 1414 2149 immu-

872 2179 933 2223 tare
947 2188 1030 2224 ausus
1048 2189 1121 2235 sum,
1140 2188 1202 2223 cum
1219 2172 1303 2220 rerba
1318 2182 1347 2217 τε
1366 2164 1414 2217 καὶ

872 2236 986 2309 Λιβύων
1000 2244 1082 2294 etiam
1093 2243 1134 2292 ita
1146 2242 1238 2306 accipi
1252 2240 1367 2305 possint,
1383 2241 1415 2287 ut

872 2314 943 2362 idern
960 2314 1073 2364 valeant
1092 2317 1174 2378 atque
1194 2305 1252 2360 καλ
1271 2306 1339 2357 τῶν
1356 2299 1415 2355 ἄλ-

873 2382 940 2430 λων
955 2377 1083 2449 Λιβύων,
1102 2382 1144 2431 rel
1161 2384 1202 2431 ite
1214 2380 1306 2445 posite
1319 2377 1415 2429 existi·

872 2457 988 2515 mentor,
997 2459 1028 2502 ut
1039 2467 1093 2502 non
1102 2452 1287 2516 distinguatur
1296 2448 1414 2499 alterum

871 2518 1415 2585 abaltero,sedutalterumalterodecla·

870 2589 1416 2657 retur,qualie,monenteSchweigh.,iu-

870 2665 1017 2713 veniuntur
1033 2664 1060 2723 1,
1074 2664 1098 2713 2.
1112 2661 1154 2715 16.
1166 2664 1214 2723 27,
1232 2660 1309 2710 alibi.
1351 2660 1415 2709 Nie-

873 2731 969 2783 buhrio
977 2737 1087 2784 anctore
1096 2731 1236 2782 Bekkerus
1247 2744 1363 2796 eumque
1374 2745 1417 2780 se·

873 2808 953 2852 entus
963 2801 1088 2854 Dindorl.
1099 2800 1254 2851 etDietsch.
1261 2801 1362 2851 omissi
1369 2815 1416 2851 ro·

873 2868 1174 2936 culdaalscripseruut:
1185 2861 1243 2919 6πὸ
1251 2867 1377 2920 Μακέων
1385 2881 1416 2918 τι

873 2936 988 3009 Λιβύων
996 2936 1045 2990 καί
1051 2937 1268 3005 Καρχηδονίων,
1280 2941 1417 2989 utilscae

872 3012 970 3075 Libyci
980 3012 1253 3077 etCarthaginienses
1260 3009 1416 3074 intelligen-

872 3084 930 3130 tur:
955 3096 1118 3147 quamquam
1141 3080 1323 3146 quaerendum
1338 3094 1417 3143 sane,

873 3167 936 3201 num
953 3152 994 3201 ite
1004 3166 1057 3202 vox
1064 3141 1178 3218 Λιβύων
1188 3149 1251 3200 allis
1261 3149 1417 3200 nominibus

873 3221 1022 3284 gentilibus
1034 3224 1093 3272 sine
1106 3220 1200 3271 addito
1213 3219 1331 3270 articulo
1346 3219 1416 3268 edii-

873 3305 934 3341 τοι-ο
945 3290 1038 3341 liceat.
1060 3291 1185 3352 Accedit,
1200 3289 1271 3356 qnod
1283 3305 1340 3339 una
1355 3294 1416 3338 ten-

873 3364 929 3409 tum
936 3362 1076 3411 Macetum
1086 3375 1153 3426 gens
1161 3360 1273 3425 cognita
1282 3364 1333 3419 est,
1343 3374 1417 3425 qnae

872 3435 903 3479 ut
912 3430 947 3479 ab
958 3429 1020 3482 aliis
1028 3431 1147 3481 eiusdem
1158 3431 1275 3480 nominis
1285 3429 1417 3495 gentibus

871 3500 1049 3563 discernetur,
1059 3500 1214 3551 huiusmodi
1226 3500 1416 3550 additamento

871 3569 943 3620 haud
964 3570 1077 3637 indiget.
1112 3571 1209 3635 Itaque
1221 3569 1362 3635 vulgatam
1378 3569 1414 3619 le·

872 3642 990 3691 ctionem
1005 3640 1129 3691 omnibus
1147 3640 1226 3690 libris
1242 3641 1353 3704 scriptis
1371 3640 1417 3688 fir-

872 3715 974 3759 matam
988 3710 1158 3762 retinendam
1171 3709 1245 3759 duxi.
1277 3710 1331 3759 Cur
1348 3725 1415 3759 vero

871 3781 1022 3843 Spartanos
1033 3782 1092 3831 Afri
1102 3779 1266 3843 expulerint,
1281 3780 1308 3829 id
1323 3794 1337 3828 e
1348 3779 1416 3844 Scy-

871 3848 929 3900 lace
944 3866 968 3915 p.
987 3851 1035 3902 112
1058 3850 1093 3917 [ξ.
1111 3849 1169 3902 108.
1184 3865 1210 3915 p.
1225 3850 1258 3899 47
1272 3847 1413 3915 Hersen]

870 3925 997 3970 mouente
1010 3921 1194 3972 Valckenario
1212 3919 1359 3970 aestimare
1381 3918 1415 3969 li·

871 3990 953 4041 cebit.

1047 4162 1112 4216 Cir.
1127 4164 1230 4217 XLIII.

904 4255 977 4331 ἀνὴρ
988 4253 1143 4333 Ἐλεώνιος]
1171 4258 1312 4332 ,Ἐλέωνα
1327 4267 1414 4329 potita

870 4340 1001 4386 memorat
1021 4334 1101 4386 Iliad.
1122 4337 1162 4399 ll,
1185 4336 1237 4388 500
1261 4340 1289 4386 et
1310 4334 1415 4385 Strabo

282 4395 345 4455 175,
365 4400 393 4445 et
409 4397 462 4460 ipsi
479 4397 535 4446 sint
549 4398 650 4462 Libyes
667 4402 766 4451 neceb
786 4403 819 4451 iis
869 4421 952 4470 prope
965 4406 1122 4470 Tanagram
1136 4407 1183 4456 lx.
1208 4423 1234 4472 p.
1248 4406 1299 4456 622
1312 4422 1332 4454 s.
1348 4404 1413 4456 405.

278 4464 424 4516 ullomodo
439 4465 572 4532 distingui
583 4470 700 4533 possint,
714 4471 762 4521 sed
774 4473 819 4521 Li·
868 4475 940 4524 HInc
960 4469 1109 4533 Ἐλεώνιος
1131 4476 1204 4541 epnd
1228 4474 1416 4543 Etlinicogra·
