3100 5175
440 403 808 467 TERPSICHORE.
829 406 868 466 V.
892 413 935 469 92.
955 418 1005 464 aa

1231 399 1289 464 185

153 583 268 662 ξαντος
281 575 342 648 τὸν
356 582 433 666 βίον
448 568 504 664 εὖ,
525 577 679 669 διάδοχός
692 583 727 649 οί
737 585 795 669 τῆς
809 583 1008 663 τυραννίδος
1022 573 1040 648 ὁ
1053 589 1131 660 ταῖς
1144 586 1290 666 Περίαν-

155 688 230 769 δρος
250 689 393 770 γίνεται.
437 677 472 751 ‘0
486 689 604 752 τοίνυν
618 689 826 773 Περίανδρος
845 680 921 752 κατ’
939 680 1040 771 ἀρχὰς
1054 683 1116 773 μὲν
1130 674 1171 771 ἦν
1186 680 1289 773 hatui-

154 814 245 876 τερος
259 791 322 856 τοῦ
336 783 476 874 πατρὸς,
493 788 569 855 ἐπεί
579 814 615 855 τε
630 789 665 858 δὲ
679 783 825 879 ὡμίλησε
840 785 884 857 δι’
898 784 1050 876 ἀγγέλων
1061 786 1291 880 Θρασυβούλῳ

153 1002 187 1036 τα
203 978 278 1051 ἔτεα]
305 985 382 1036 Idem
400 988 485 1038 tradit
498 990 522 1038 N
525 986 629 1040 icolaus
643 991 701 1040 Da·

153 1049 700 1210 1131111.151113111111311

152 1211 256 1247 merum
268 1194 369 1246 cilicie
390 1198 544 1248 coniunctis
559 1198 627 1249 locis
642 1199 701 1249 Ari·

153 1265 263 1316 stotelis
277 1265 372 1330 (Polit
385 1267 417 1329 V,
429 1267 455 1324 9,
471 1267 516 1331 22)
530 1274 558 1317 et
569 1269 700 1332 Diogenis

153 1337 248 1387 Laiirt.
257 1335 333 1397 1,05,
345 1334 476 1385 observat
487 1337 614 1388 Fischer:
626 1339 701 1389 Gris-

154 1404 266 1456 ohische
281 1404 432 1456 Zeittaleln
451 1422 476 1471 p.
493 1407 535 1457 112.
569 1409 611 1458 De
625 1408 701 1458 chro-

155 1475 268 1540 nologia
279 1490 372 1540 regum
381 1473 505 1525 Corinthi
512 1478 699 1541 cgitLarcher.

155 1545 226 1595 Tab.
243 1544 338 1594 chron.
357 1559 417 1609 cap.
436 1545 475 1595 18.
499 1562 562 1611 pag.
576 1548 627 1598 515
641 1564 699 1613 seq.

155 1622 183 1665 et
195 1616 224 1663 in
234 1619 300 1665 nota
311 1613 347 1662 ad
359 1613 385 1662 h.
399 1614 551 1672 l.,Diodori
563 1615 701 1681 fragmen·

156 1689 183 1734 to
197 1684 263 1733 libri
272 1684 333 1745 v11,
351 1684 422 1748 quod
433 1685 468 1734 ad
482 1688 506 1748 ξ.
517 1687 533 1734 2
546 1687 698 1746 attulimus,

155 1754 224 1805 hene
239 1752 366 1804 confisus.
395 1752 486 1803 Aleten
498 1754 542 1805 ille
558 1759 636 1821 ponit
649 1757 701 1807 Co-

155 1823 241 1874 rinthi
255 1839 347 1888 regem
363 1822 429 1874 1060
449 1839 474 1871 a.
491 1825 553 1875 Chr.
570 1842 597 1879 n.
619 1825 700 1891 (1074

156 1910 172 1943 a
196 1893 261 1944 Chr.
278 1909 314 1954 n.,
331 1893 356 1941 si
369 1893 535 1956 Wagnerum
549 1896 627 1960 sequi
642 1912 699 1945 ma-

155 1964 189 2013 lis
203 1964 232 2012 in
242 1963 361 2028 Specim.
377 1978 441 2012 rerr.
454 1962 576 2014 Corinth.
591 1981 655 2030 pag.
665 1965 700 2016 82

156 2049 213 2098 req.
237 2039 265 2083 et
286 2033 314 2080 in
326 2030 477 2082 Comruent.
490 2033 524 2084 de
536 2035 700 2085 Bacchiedis

157 2102 281 2153 Corinth.
293 2116 357 2166 pag.
373 2103 402 2151 21
420 2109 488 2164 not,
501 2105 547 2153 ubi
563 2104 614 2155 hoc
628 2121 700 2156 anno

158 2172 315 2223 Corinthum
329 2170 365 2220 ah
377 2169 455 2220 Aleta
466 2179 628 2238 occupatam
644 2181 701 2226 sta-

157 2245 210 2292 tuit
228 2249 257 2292 et
270 2240 369 2292 Aleten
391 2246 525 2293 mortuum
542 2260 613 2295 anno
634 2245 702 2296 1036

158 2316 221 2361 ante
231 2311 292 2361 Chr.
306 2309 355 2372 m),
371 2310 542 2376 Bacchiadas,
556 2321 701 2378 postquam

159 2381 250 2431 Aletes
266 2383 379 2444 eiusque
399 2395 572 2434 successores
591 2400 638 2448 per
649 2383 700 2434 327

159 2467 245 2501 annos
258 2464 371 2516 regnum
384 2454 538 2515 tenuerant,
550 2469 637 2504 rernm
655 2469 702 2518 po·

159 2523 225 2571 titos
242 2518 378 2570 ennodii
391 2520 529 2574 anteChr.
545 2539 583 2584 u.,
597 2526 701 2575 eiectos

160 2608 176 2641 a
185 2592 293 2656 Cypsela
306 2605 379 2640 anno
391 2591 442 2643 663
455 2597 519 2643 ante
527 2592 589 2644 Chr.
603 2612 650 2677 n,
654 2594 700 2659 qui

160 2667 222 2727 post
235 2661 353 2725 triginta
367 2676 498 2712 annorum
510 2679 622 2729 regnum
642 2664 702 2729 ipse

160 2731 228 2781 obiit
249 2745 323 2779 anno
343 2729 394 2781 683
415 2737 479 2783 ante
499 2731 562 2784 Chr.
581 2750 624 2784 n.:
650 2749 702 2798 qno

162 2802 254 2851 eodem
284 2815 357 2849 anno
387 2802 522 2852 successit
545 2804 702 2866 Periander,

164 2886 241 2937 quem
257 2875 395 2920 mortuum
409 2874 487 2934 ponit
501 2872 571 2925 idem
585 2872 704 2924 Larche·

162 2956 206 2991 rus
220 2955 292 2990 anno
305 2939 357 2991 563
369 2945 432 2990 ante
445 2940 507 2993 Chr.
519 2958 546 2994 u.
573 2943 616 2994 Ci.
633 2948 701 2994 nott

162 3011 195 3061 ad
214 3010 274 3071 111,
295 3008 339 3060 48.
365 3008 481 3073 Melius,
499 3012 606 3077 opinor,
623 3013 653 3063 C
670 3013 701 3066 Ο.

162 3079 308 3132 Muellerus
327 3083 479 3162 temporum
497 3082 620 3133 rationes
638 3097 703 3134 con·

162 3152 271 3211 stituit,
289 3149 414 3213 quamvis
425 3151 560 3201 Herodoti
570 3153 705 3203 narratio·

161 3236 221 3271 nem
243 3220 277 3270 de
300 3217 417 3283 Cypsela
438 3219 645 3288 Cypseiidisque
668 3221 704 3271 ad

163 3294 288 3341 exactam
298 3287 504 3354 chronologiam
516 3291 612 3342 referri
619 3306 704 3361 posse

162 3365 254 3425 neget:
278 3358 334 3408 vid.
348 3358 483 3428 Aeginett.
502 3376 565 3426 pag.
580 3362 622 3413 66.
635 3363 702 3412 Dor.

162 3430 185 3482 I
193 3447 219 3495 p
228 3429 279 3481 168
290 3426 353 3478 coll.
361 3412 489 3493 Wagner.
502 3431 544 3480 De
554 3432 703 3482 Periandro

164 3516 224 3564 pag.
242 3499 280 3549 11.
294 3500 337 3549 24.
353 3498 387 3547 25
399 3504 428 3549 et
439 3499 656 3554 mCommentat
671 3500 704 3552 de

162 3565 360 3620 Bacchiadisl.
375 3569 492 3627 supral.
518 3571 600 3620 Hunc
619 3570 643 3621 si
663 3586 704 3620 ss-

163 3640 282 3704 quimur,
305 3637 438 3702 Cypselus
458 3642 593 3703 tyrannus
617 3655 704 3690 rerum

163 3710 267 3771 potitur
293 3722 366 3756 anno
386 3707 436 3758 657
460 3714 525 3758 ants
546 3708 609 3759 Chr.
629 3725 656 3759 n
681 3725 703 3759 s

163 3779 268 3844 Olymp.
283 3776 369 3836 XXX,
386 3779 401 3825 4
404 3776 643 3843 ‚Cypselidaeque
658 3794 706 3842 per

164 3847 338 3913 septuaginta
357 3862 405 3896 sex
425 3862 511 3897 anuos
535 3848 638 3899 additis
658 3865 706 3899 sex

85 3916 89 3924 '
164 3918 327 3968 mensibus'
320 3916 462 3980 imperinm
481 3922 640 3980 tenuerunt,
655 3919 707 3969 Pe·

164 3987 274 4037 riander
298 4001 413 4047 regnare
437 3988 529 4051 coepit
550 3986 706 4053 Olympiad.

165 4055 323 4115 XXXVIII,
343 4054 354 4103 l
375 4070 397 4107 s.
413 4054 541 4107 creante
556 4057 618 4108 Chr.
636 4074 663 4111 n.
678 4062 706 4107 et

165 4126 231 4176 obiit
246 4125 523 4190 olymp.xi.vl11.r
539 4143 561 4178 s.
576 4127 629 4177 584
641 4131 706 4178 ante

166 4196 225 4247 Chr.
246 4212 293 4252 n.;
316 4198 412 4244 contra
434 4194 602 4247 Schultzium
621 4198 645 4246 si
665 4213 707 4248 se·

166 4280 287 4330 quamur,
301 4264 381 4328 Spec.
394 4265 525 4329 Apparat.
542 4267 604 4316 crit.
622 4283 646 4330 p.
663 4265 705 4329 37,

165 4332 310 4386 Periander
326 4334 380 4383 iam
397 4349 470 4384 auno
491 4336 541 4387 503
561 4340 627 4386 ante
643 4335 706 4386 Chr.

166 4421 192 4455 n.
207 4409 257 4454 aut
269 4404 305 4455 ad
317 4419 448 4454 summurn
462 4404 515 4455 580
525 4411 590 4456 aute
601 4404 665 4456 Chr.
678 4422 705 4455 n.

167 4473 234 4525 diem
248 4474 317 4526 obiit
334 4489 498 4539 supremum.
524 4472 659 4540 Equidem
678 4476 707 4525 in

750 990 793 1041 his
811 990 888 1056 sequi
902 989 972 1041 malo
988 989 1160 1041 Pischerum:
1182 987 1291 1039 Griech.

750 1060 900 1111 Zeittaieln
918 1075 944 1125 p.
958 1060 992 1110 02
1008 1065 1036 1109 et
1048 1059 1226 1109 Ribbeckium
1248 1061 1290 1109 in:

751 1129 1039 1195 Bentley'srtbhandll.
1049 1130 1093 1179 iib.
1102 1128 1228 1179 Phalaris
1238 1134 1290 1181 etc.

752 1216 815 1266 pag
829 1199 889 1252 500.
913 1200 982 1249 Tnm
996 1197 1129 1265 Cypselus
1144 1215 1233 1249 reruni
1246 1216 1292 1262 pa·

751 1271 821 1319 titus
838 1268 979 1335 ponendus
996 1271 1048 1318 erit
1066 1268 1173 1334 Olymp.
1191 1269 1292 1331 XXXI,

751 1341 768 1389 2
782 1355 839 1391 sive
855 1355 918 1389 ann.
933 1340 984 1392 655
1003 1344 1066 1389 ante
1079 1338 1142 1394 Chr.
1158 1355 1199 1400 n.,
1218 1339 1292 1390 inde·

751 1425 804 1475 qne
816 1415 937 1459 mortuus
954 1414 1017 1474 post
1035 1408 1149 1471 triginta
1161 1424 1292 1459 annorum

750 1495 861 1544 regnum
875 1478 982 1545 Olymp.
997 1478 1155 1541 XXXVIII,
1169 1482 1185 1528 4
1205 1494 1226 1527 s.
1241 1478 1293 1529 625

751 1556 817 1599 ante
836 1548 898 1599 Chr.
922 1565 965 1598 n.:
993 1564 1044 1614 quo
1066 1563 1138 1598 anno
1160 1550 1293 1598 successit

751 1619 910 1680 Periander,
922 1619 971 1683 qui
981 1624 1044 1684 post
1054 1618 1237 1681 quadraginta
1246 1634 1293 1667 an-

751 1704 846 1738 norum
866 1703 978 1752 regnum
1005 1688 1292 1753 moritur01ympiad.

751 1758 885 1817 XLVIII,
900 1760 915 1807 4
937 1773 960 1807 s.
972 1758 1024 1808 585
1040 1763 1104 1807 aute
1117 1757 1179 1811 Chr.
1198 1774 1224 1808 n.
1245 1758 1293 1823 (ci.

750 1828 864 1880 Fischer
877 1825 895 1877 1.
909 1827 927 1876 l.
941 1842 1006 1893 pag.
1024 1825 1093 1892 119).

787 1925 835 1978 καὶ
848 1927 1052 1990 διαπλέξαντος
1065 1925 1116 1979 τὸν
1130 1927 1196 1997 βίον
1210 1915 1257 1996 ον’]
1274 1933 1292 1981 1.

752 2017 775 2051 e.
790 2017 892 2067 memque
905 2006 971 2051 uitae
990 2016 1088 2051 mersum
1103 2001 1165 2051 bene
1180 2003 1294 2064 perepic-

751 2080 804 2132 aet,
821 2070 949 2134 prospera
970 2087 1031 2120 usus
1046 2071 1159 2133 ferrand.
1190 2072 1295 2154 Optimi

752 2143 853 2207 quique
864 2141 942 2191 codd
951 2140 1119 2191 hicafferuut
1128 2136 1296 2222 διαπλέξαν-

752 2226 811 2273 τος,
823 2227 882 2260 cum
897 2211 961 2261 alirn
974 2218 1047 2261 esset
1059 2203 1295 2274 διαπλευσαντος,

753 2281 826 2347 qnod
838 2286 911 2332 certe
924 2282 1017 2332 Ionum
1028 2298 1060 2333 ex
1069 2281 1178 2332 dicendi
1188 2284 1296 2333 ratione

753 2351 852 2401 mutari
874 2351 1020 2401 debebat
1013 2367 1040 2400 m
1070 2346 1294 2409 draalm'ouvtor.

752 2425 788 2472 At
803 2426 876 2471 recte
888 2420 934 2471 hic
951 2420 1052 2471 dicitur
1067 2416 1248 2485 διαπλέκειν,
1264 2427 1296 2473 ut

753 2493 808 2540 iam
822 2507 973 2541 monuimus
984 2492 1020 2541 ad
1033 2493 1080 2552 IV
1096 2493 1156 2543 205.
1184 2460 1295 2544 Addunt

752 2560 884 2612 Herodot.
903 2561 970 2638 VII,
992 2561 1027 2612 46
1045 2531 1104 2626 (uhi
1124 2578 1171 2625 pro
1190 2556 1296 2626 γλυκὺν

752 2623 882 2697 γεύσας
906 2621 957 2680 τὸν
963 2598 1074 2680 οιίώνα
1097 2631 1145 2682 alii
1165 2627 1295 2693 πλέξας).

753 2701 852 2752 Athen.
866 2702 915 2752 xi
931 2717 992 2766 pag
1013 2702 1101 2753 4588.
1138 2702 1219 2753 Plura
1232 2704 1296 2754 Cat

753 2774 815 2822 tier.
840 2771 868 2820 in
881 2769 1033 2835 Gazophyl.
1048 2787 1112 2836 pag.
1126 2773 1160 2823 76
1177 2774 1264 2837 etqui
1280 2788 1297 2822 a

755 2843 802 2893 Cr.
819 2843 923 2890 citetur
939 2842 1026 2906 Toup.
1046 2841 1216 2892 adSuidam.
1231 2844 1254 2892 Ι.
1269 2859 1296 2906 ρ.

755 2913 798 2962 20.
820 2911 918 2974 Negris
928 2925 1023 2960 vocem
1035 2907 1239 2970 διαπλέξαντος
1252 2929 1298 2961 ex·

755 2981 840 3057 plicat
858 2971 1121 3035 τελειώσαντος-
1140 2982 1182 3031 De
1198 2980 1296 3031 vocula

756 3037 787 3099 εὖ
800 3051 955 3114 postposita
971 3049 1008 3099 cf.
1022 3054 1091 3098 nott.
1108 3050 1143 3099 ad
1158 3051 1212 3131 ΙΙΙ,
1224 3051 1258 3101 55
1270 3056 1298 3101 et

755 3121 853 3185 ,27
878 3120 910 3168 In
926 3134 1002 3183 seqq.
1017 3119 1052 3168 ad
1073 3114 1138 3167 κατ’
1151 3111 1241 3183 ἅρχας
1259 3121 1297 3171 ο1.

755 3192 794 3249 V,
808 3189 842 3239 62
857 3192 885 3239 et
899 3189 934 3238 ad
950 3186 1111 3254 particulam
1125 3181 1164 3238 ἔτι
1178 3194 1247 3240 nott.
1261 3191 1297 3240 ad

782 3296 844 3411 ‘0'
843 3358 942 3410 τοίνυν
965 3358 1144 3424 Περίανδρος
1163 3378 1188 3412 ιι.
1210 3378 1234 3412 τ.
1254 3361 1296 3428 1,]

755 3431 870 3515 Spectat
887 3430 940 3482 huc
959 3447 1039 3496 quam
1054 3433 1169 3484 maxime
1182 3433 1297 3484 Parthe-

756 3502 796 3550 nii
815 3503 938 3551 narratio
953 3504 1074 3554 Eroticc.
1092 3504 1139 3563 17,
1157 3504 1204 3554 uhi
1218 3504 1298 3553 initio

755 3570 824 3621 haec
841 3571 981 3649 leguntur:
1007 3567 1113 3636 λέγεται
1132 3542 1163 3622 δὲ
1183 3568 1231 3622 καὶ
1248 3571 1299 3621 lla-

757 3638 896 3702 ρίαυδρον
918 3656 969 3690 τον
989 3641 1151 3702 Κορίνθιον
1174 3640 1228 3707 τὴν
1246 3657 1298 3707 μεν

755 3704 848 3789 ἀρχὴν
863 3704 973 3773 ἐπιεικῆ
992 3726 1020 3760 τε
1036 3707 1084 3760 καὶ
1105 3712 1199 3775 πρᾶον
1214 3706 1298 3775 εἶναι,

755 3794 879 3839 occupor
899 3775 931 3830 δὲ
955 3775 1149 3841 οονικτίδερον
1165 3751 1300 3844 γενέσθαι

757 3840 799 3897 δι’
813 3845 845 3898 αί
845 3848 909 3914 τίρν
923 3842 1019 3913 τήνδε.
1043 3853 1148 3914 Quibus
1160 3853 1209 3905 Cr.
1223 3852 1299 3903 addit

756 3920 860 3982 Ephori
881 3922 1004 3981 fragmm.
1025 3938 1050 3985 p.
1067 3921 1115 3971 211
1134 3923 1222 3973 Marx.
1252 3922 1300 3971 Se-

757 3992 852 4052 quitur
864 3991 987 4040 narratio
1004 3991 1036 4041 de
1049 3990 1158 4040 funesto
1170 3992 1298 4041 concubi·

758 4063 803 4121 tu,
818 4074 897 4123 quam
912 4059 1064 4109 Ouidianae
1079 4058 1187 4110 fabulae
1210 4061 1243 4109 de
1257 4061 1301 4109 Ci-

758 4144 828 4189 nyra
842 4133 870 4178 et
881 4126 991 4190 Myrrha
1005 4130 1032 4178 M
1035 4128 1184 4192 etamorph.
1200 4130 1233 4187 X,
1249 4129 1300 4180 298

759 4196 924 4248 simillimam
950 4197 1003 4247 huc
1026 4199 1222 4249 transscribere
1247 4215 1300 4250 non

759 4273 851 4317 vacat.
876 4268 978 4317 Postea
990 4284 1053 4319 vero
1066 4269 1214 4319 Periander
1227 4286 1300 4320 men-

760 4341 814 4388 tem
826 4352 920 4387 sanam
934 4338 974 4386 ita
987 4338 1139 4401 perdidisse
1153 4338 1256 4399 fertur,
1269 4344 1300 4390 nt

759 4422 865 4456 omnem
884 4407 1075 4459 crudelitatem
1093 4411 1120 4458 in
1142 4409 1217 4460 cives
1237 4425 1300 4459 suos

760 4482 907 4530 exerceret.
923 4478 956 4528 In
966 4479 1123 4529 universnm
1134 4483 1225 4531 autern
1237 4495 1301 4532 num
