3100 5175
271 387 334 454 296

706 384 970 450 HERODOTI

274 567 437 654 ἐξοδίῃσι,
456 559 602 632 ὁκόσοισι
616 556 659 632 ἂν
673 554 722 632 τόν
735 565 896 633 ἐθέλωσι·
921 567 988 652 τῶν
1003 559 1041 630 δὲ
1053 560 1236 648 θυομένων
1251 553 1411 629 ἁπάντων

274 667 315 737 roi
338 666 485 757 δέρματά
503 695 540 737 τε
560 669 616 738 καὶ
630 663 670 735 τό
692 672 781 736 voire
802 663 987 754 λαμβάνειν
1012 666 1127 750 σφέας.
1165 663 1352 751 ταῦταμὲν
1372 660 1411 732 τό

227 774 468 861 57έμπολέμια.
517 770 563 841 Τὰ
584 770 620 840 δὲ
642 768 727 840 ἄλλα
740 768 789 861 Υτόι
804 775 957 858 εἰρηναῖα
977 767 1060 837 κατὰ
1080 767 1160 836 τόδε
1183 787 1244 853 σφι
1267 769 1410 836 δέδοται.

275 871 319 965 ἢν
339 882 469 963 θυσίην
490 902 538 955 τις
567 876 748 963 δημοτελέα
770 878 938 962 ποιέηται,
968 871 1120 959 πρώτους
1141 871 1195 939 ἐπὶ
1215 867 1253 938 τό
1274 875 1413 940 δεῖπνον

275 983 359 1062 ἵζειν
371 976 449 1058 τοὺς
463 979 635 1066 βασιλέας,
651 979 706 1047 καὶ
720 975 786 1047 eino
801 977 932 1046 τούτων
945 980 1080 1063 πρῶτον
1095 972 1277 1062 ἄρχεσθαι,
1293 973 1412 1062 διπλή-

276 1104 332 1152 σια
346 1084 506 1170 νέμοντας
522 1083 665 1173 ἑκατέρῳ
680 1079 718 1150 τό
733 1064 842 1151 adesa
857 1076 878 1169 ἦ
891 1095 977 1149 τοῖσι
992 1077 1121 1148 ἄλλοισι
1138 1076 1331 1165 δαιτυμόσι·
1359 1079 1414 1146 καί

278 1249 381 1311 sacris,
403 1263 419 1298 e
437 1248 552 1313 pellibus
571 1245 702 1313 collisque
717 1251 822 1298 maeta-

278 1323 367 1369 terum
380 1318 554 1368 victimarum
569 1317 660 1381 colligi
670 1317 729 1367 vult
742 1317 771 1366 C.
786 1316 819 1367 0.

277 1386 400 1440 Mueller.
412 1387 479 1437 Dor.
492 1386 530 1440 11.
545 1401 609 1451 pag.
621 1386 706 1437 1111-
721 1386 763 1436 Ad
774 1402 822 1436 vo-

278 1472 336 1508 cem
359 1448 528 1574 πρσβόιοισι
551 1455 624 1506 coni.
647 1460 717 1506 nott.
739 1454 774 1505 nd
798 1457 821 1519 Ι,

279 1525 339 1578 183.
354 1527 407 1577 Pro
429 1522 542 1587 ξοδίησι
554 1525 626 1590 quod
635 1525 722 1575 Cobet
729 1525 832 1589 (Varro

276 1597 367 1647 Leett.
388 1610 451 1660 pag.
473 1595 524 1645 265
545 1601 573 1645 et
588 1597 757 1659 Mnemosyn.
772 1595 821 1645 VI.

277 1680 340 1731 pag.
351 1664 414 1730 412)
426 1664 522 1729 reponi
538 1664 597 1714 vult
609 1654 732 1725 ἐξόδοισι
754 1663 821 1730 (quo

277 1734 349 1784 idem
365 1734 513 1799 significari
526 1734 604 1784 addit
617 1749 651 1783 no
661 1735 685 1785 si
695 1735 822 1798 scripsis-

278 1808 322 1855 set
337 1804 437 1855 Noster
451 1793 537 1852 ὁπότε
551 1796 652 1863 ἔξοδον
665 1802 820 1866 ποιοῖντο),

279 1872 308 1923 id
330 1873 440 1924 minime
455 1873 639 1923 necessarium
662 1873 820 1923 videbatur.

277 1942 356 1993 Unus
373 1942 442 1993 liber
460 1941 600 1992 Saneroiti
620 1941 704 1992 habet
727 1943 821 1990 τοῖσιν

279 2002 429 2071 leoninae
447 2011 497 2062 reli
518 2014 546 2061 ni
560 2013 588 2061 in
598 2011 714 2077 vulgata
727 2028 821 2062 omnes

279 2082 466 2133 consentiunt.
500 2027 609 2141 έξοδίαι
630 2086 694 2132 sunt
716 2082 821 2134 bellicae

279 2151 466 2212 expeditiones,
481 2155 512 2200 ut
521 2152 590 2201 bene
602 2155 694 2201 monet
704 2151 820 2202 Wessel.

279 2220 370 2270 citans
382 2221 436 2284 IX,
453 2218 496 2270 28.
521 2220 659 2283 Aristoph.
673 2221 743 2273 Nub.
758 2220 819 2272 579.

279 2287 819 2354 seren.v.p.382As.2oess.Sshwsrgh.

280 2359 350 2408 citet
362 2359 456 2407 Lexic.
469 2357 566 2421 Polyb.
583 2374 646 2422 pag.
660 2358 720 2413 230.

314 2417 349 2474 roi
362 2423 447 2490 νῶτα]
465 2427 547 2488 „virt
559 2427 639 2477 Iliad.
652 2428 714 2489 vn,
728 2428 777 2480 321
794 2431 822 2478 et

280 2494 354 2546 coni.
369 2495 488 2546 Dammii
506 2496 573 2548 Lex.
587 2497 697 2546 Homer.
719 2498 740 2549 l.
755 2513 820 2563 pag.

281 2563 348 2617 1565
369 2580 461 2630 supra.
494 2564 575 2616 Plato
599 2566 641 2617 De
666 2566 769 2630 republ.
789 2568 820 2617 V.

279 2651 305 2700 p.
321 2634 372 2685 468
385 2652 411 2700 p.
425 2636 473 2687 251
490 2635 577 2687 Bekk.
594 2642 622 2686 et
635 2636 709 2686 Bake
726 2638 761 2687 ad
772 2638 823 2687 Po-

280 2704 381 2756 sidonii
390 2704 495 2771 Reliqq.
505 2722 530 2770 p.
542 2704 590 2757 139
599 2706 696 2771 seqq.“
712 2707 821 2757 Creuz.

279 2774 363 2824 Plura
381 2774 474 2825 dehis
493 2775 550 2827 vid.
573 2778 647 2838 apud
665 2775 695 2828 C.
709 2778 740 2826 F.
755 2779 824 2828 ller-

280 2859 376 2893 mann:
405 2844 614 2895 Gottesdienstl.
636 2845 749 2896 Alterth.
774 2847 822 2896 der

280 2912 387 2965 Griech.
401 2916 427 2977 5.
442 2914 484 2965 28.
499 2919 556 2965 not.
572 2914 605 2965 28
621 2931 698 2980 seqq.
712 2916 752 2965 erl.
766 2931 820 2966 seo.

465 3085 530 3136 Cer.
549 3087 636 3138 LVll.

320 3175 352 3235 ”v
371 3184 446 3236 δυσί
465 3204 520 3237 ντι
556 3186 573 3236 δ
594 3203 629 3237 oo
648 3183 691 3237 ελέ
786 3188 790 3203 '

279 3203 338 3320 ταιη]
356 3257 410 3306 Ρτο
422 3205 496 3321 νόΙς.
507 3204 657 3321 δςημοηόελέῖ,
674 3203 823 3310 οιῗίόιυολόόο

279 3325 343 3375 libri
361 3326 486 3375 nonnulli
503 3322 675 3391 δημοτελὴς,
695 3328 757 3378 dedi
775 3325 824 3391 δη-

278 3392 411 3457 μοτελὲα,
438 3395 472 3444 de
496 3411 548 3459 qno
577 3397 682 3446 monuit
705 3398 821 3449 Bredor.

280 3479 344 3582 lb·
363 3461 570 3584 illisis
583 3460 823 3588 illibi?

279 3600 313 3652 de
335 3602 452 3666 publicis
476 3603 600 3668 intelligo
622 3551 724 3668 elicita,
753 3553 822 3671 quale

281 3672 341 3736 quis
355 3672 462 3737 publice
482 3673 581 3723 adhoc
600 3676 767 3726 constitutus
786 3678 822 3726 ei-

278 3740 377 3790 vitatis
388 3743 467 3806 quusi
477 3744 585 3793 nornine
597 3746 713 3809 peragit,
737 3746 820 3796 Nem·

279 3826 331 3875 qne
349 3827 382 3861 eo
402 3811 476 3861 ducit
494 3811 592 3862 vocula
612 3829 668 3877 τις,
691 3829 761 3879 qune
784 3817 821 3866 ad

278 3896 361 3930 unum
375 3880 407 3932 de
421 3882 530 3947 regibus
542 3883 638 3933 referri
649 3885 755 3949 nequit,
772 3886 821 3936 sed

278 3951 468 4017 magistratum
483 3951 574 4016 potius
587 3953 727 4005 declarare
743 3956 820 4006 vide·

278 4025 337 4084 tur,
352 4021 386 4071 ad
400 4022 475 4073 cuins
485 4038 583 4073 munus
596 4023 647 4074 hoe
657 4025 819 4075 sacrificium

278 4090 444 4155 pertinebat.
464 4091 510 4142 Sic
521 4108 628 4159 quoqne
642 4093 761 4159 intelligi
773 4111 821 4146 vo·

277 4160 330 4210 luit
338 4160 597 4228 Schweighaeuser,
613 4163 656 4213 his
669 4168 760 4215 tamen
773 4165 822 4216 sd·

277 4229 368 4291 iectis‚
381 4231 479 4295 quibus
490 4232 614 4298 equidem
625 4233 754 4284 secedere
765 4250 820 4285 non

278 4313 403 4361 possum:
423 4300 496 4364 „Sed
514 4303 614 4363 poterit
627 4305 710 4352 etiam
729 4301 819 4367 θυσίη

278 4360 433 4430 δημοτελὴς
442 4370 557 4435 intelligi
568 4371 728 4423 sacrificinm
739 4390 756 4423 a
766 4375 820 4438 pri-

277 4440 343 4485 vato
356 4436 465 4487 homine
482 4441 523 4489 its
540 4440 709 4505 institutum,
727 4448 758 4493 ut
771 4458 817 4507 po-

872 1245 981 1311 pulares
991 1244 1036 1295 ille
1049 1260 1113 1295 snos
1124 1244 1167 1296 vel
1180 1242 1297 1294 curiales
1308 1244 1344 1293 nd
1354 1260 1416 1294 cou-

871 1317 976 1365 virium
987 1314 1100 1368 vocet.“
1126 1313 1157 1363 ld
1171 1315 1244 1364 enim
1256 1314 1304 1362 vix
1319 1316 1416 1378 opinor

871 1401 939 1437 voce
948 1376 1105 1448 δημοτελὴς
1116 1382 1233 1438 iudicari
1243 1386 1357 1448 poterit,
1370 1399 1417 1434 eu·

872 1456 916 1506 ius
934 1455 989 1505 vim
1007 1453 1112 1504 indicat
1124 1454 1317 1504 Demosthenis
1340 1453 1415 1504 locus

872 1540 889 1575 a
901 1523 1083 1588 Wesselingio
1095 1523 1214 1583 allatus,
1234 1524 1262 1572 iu
1274 1525 1374 1574 Neaer.
1389 1538 1415 1587 p.

872 1594 923 1646 739
939 1594 976 1658 [p.
993 1591 1069 1652 1374,
1082 1595 1099 1642 2
1112 1591 1235 1658 Reisk.]‚
1249 1593 1297 1642 ubi
1309 1583 1344 1640 τά
1353 1584 1416 1655 ίερόι

870 1658 905 1713 τὰ
925 1661 1065 1729 δημοτελῆ
1083 1666 1148 1713 sunt
1166 1655 1201 1710 τὰ
1220 1654 1283 1723 ἱεροὶ
1306 1655 1342 1710 τὰ
1364 1659 1416 1725 τῆς

872 1724 994 1792 πόλεωςς
1018 1735 1136 1796 itemque
1151 1731 1274 1782 Philonis
1289 1732 1357 1794 Leg.
1380 1731 1415 1781 ad

871 1802 931 1853 Gai.
953 1817 1015 1866 pag.
1036 1801 1152 1864 111311),
1178 1802 1226 1851 ubi
1245 1793 1342 1863 ἔορταλ
1365 1799 1415 1863 δη-

862 1871 999 1934 μοτελεῖς
1014 1871 1077 1934 sesti
1089 1869 1241 1923 Iudaeorum
1259 1872 1329 1933 dies,
1354 1870 1415 1921 coll.

872 1941 948 1992 Stob.
960 1941 1167 1992 Sernuxxu.
1176 1956 1239 2005 pag.
1247 1942 1307 1992 445.
1316 1942 1348 1989 T.
1361 1940 1413 1992 ΙΙΙ.

871 2026 896 2075 p.
913 2010 947 2061 88
959 2010 1047 2060 Gaios.
1070 2015 1098 2061 et
1113 2010 1234 2074 Hesyoh.
1253 2027 1275 2061 s.
1288 2027 1314 2060 v.
1329 2007 1415 2073 δημο-

871 2076 936 2142 τελῆ
955 2080 1021 2145 ihiq.
1039 2078 1140 2128 Albert.
1160 2081 1193 2131 T.
1204 2081 1226 2129 1.
1244 2096 1271 2144 p.
1284 2079 1344 2131 933.
1375 2083 1414 2129 Ae

871 2147 914 2200 vel
925 2147 1113 2230 Xenophontis
1129 2147 1204 2199 loeus
1221 2150 1301 2200 modo
1315 2147 1415 2199 allatus

873 2212 971 2284 (θύειν
989 2232 1040 2279 μιν
1060 2211 1175 2283 βασιλέα
1194 2210 1268 2281 πρός
1291 2217 1343 2282 τῆς
1364 2209 1416 2267 πό-

871 2287 939 2344 λεως
957 2279 991 2335 τό
1014 2282 1137 2351 δημόσια
1155 2276 1280 2352 ἅπαντα)
1304 2289 1357 2338 huc
1375 2287 1415 2338 fa-

871 2372 933 2407 cere
946 2355 1062 2406 videtur.
1082 2356 1199 2407 Verbum
1212 2357 1307 2406 ποιεῖν
1314 2361 1415 2411 Nostro

872 2427 1002 2492 frequens
1021 2428 1049 2476 in
1061 2441 1199 2477 sacrorum
1214 2429 1366 2490 mentione,
1385 2432 1414 2478 ut

872 2498 925 2559 VI,
945 2495 1002 2545 108.
1022 2496 1076 2559 IX,
1100 2497 1145 2559 111,
1168 2496 1214 2546 ιι1)1
1232 2503 1326 2549 noster
1339 2497 1415 2548 locus

873 2581 927 2615 non
939 2564 1011 2631 fugit
1020 2565 1241 2632 tresselingiunn
1254 2567 1301 2631 IV,
1312 2567 1357 2627 60.
1370 2567 1416 2618 ubi

874 2635 968 2687 eodem
984 2636 1064 2686 modo
1077 2630 1222 2698 ἓρδεσθαι.
1235 2664 1270 2674 -
1284 2638 1362 2699 Quae
1375 2655 1416 2689 se·

873 2711 1001 2771 quuntnr,
1017 2706 1086 2755 citat
1096 2707 1224 2759 Eustoth.
1233 2707 1266 2757 ad
1278 2708 1381 2772 Odyss·
1391 2724 1417 2772 p.

875 2776 978 2839 letes
993 2792 1016 2825 s.
1032 2775 1098 2837 279,
1114 2776 1156 2828 33.
1173 2793 1235 2842 pag.
1252 2776 1328 2838 1482,
1344 2777 1379 2827 20
1393 2794 1415 2829 s.

875 2845 938 2907 148,
958 2845 1000 2895 38.
1020 2872 1049 2880 -
1078 2841 1207 2911 βασιλέας
1231 2851 1257 2895 et
1281 2840 1418 2911 βασιλέων

873 2913 936 2963 dedi
945 2929 994 2992 pre
1005 2910 1140 2979 βασιλῆας
1150 2922 1178 2966 et
1186 2911 1329 2982 βασιλήων
1340 2919 1417 2967 item-

872 2999 924 3048 que
937 2998 1046 3032 τουτων
1059 3000 1107 3048 pro
1122 2978 1256 3036 τουτέων.

917 3046 1053 3115 διπλήσια
1080 3047 1215 3116 νέμοντας
1236 3043 1358 3120 ἑκατέρῳ
1385 3045 1419 3103 τό

874 3113 968 3171 πάντα
985 3136 1012 3174 ιι,
1030 3137 1053 3171 τ.
1068 3122 1104 3188 1.]
1125 3124 1185 3175 Ηοο
1207 3125 1248 3173 ita
1263 3124 1418 3190 intelligen-

875 3191 951 3255 dum,
969 3196 1000 3241 ut
1018 3194 1128 3258 utrique
1142 3195 1199 3259 regi
1216 3193 1355 3259 duplicem
1373 3209 1418 3245 eo·

875 3276 947 3323 rum,
968 3277 1036 3326 qnae
1058 3263 1172 3328 singulis
1187 3264 1331 3327 Spartanis
1348 3265 1418 3315 obti-

875 3330 980 3394 gerint,
1006 3334 1159 3395 portionem
1178 3334 1359 3397 adposuerint
1377 3335 1419 3385 id·

875 3414 927 3464 que
940 3400 967 3449 in
980 3400 1095 3466 singulis
1110 3403 1179 3453 cibis
1193 3396 1238 3467 (τὰ
1251 3396 1357 3470 πάντα)
1371 3403 1418 3454 ολι·

875 3470 1025 3530 servarint,
1039 3473 1083 3536 qni
1099 3489 1156 3523 mos
1170 3473 1287 3537 priscam
1300 3489 1368 3525 sane
1378 3489 1418 3524 re·

875 3539 948 3589 dolet
958 3545 1093 3605 aetatem,
1106 3542 1214 3607 qualern
1225 3544 1362 3593 Homerus
1373 3545 1418 3594 de·

874 3610 1000 3673 scripsit:
1028 3611 1061 3660 de
1081 3626 1150 3675 qno,
1171 3618 1201 3661 ut
1223 3612 1292 3663 bene
1313 3614 1419 3664 monuit

872 3679 1035 3745 Wesseling.
1047 3718 1054 3743 ,
1068 3682 1140 3731 coni.
1150 3682 1313 3733 Enstathius
1325 3684 1360 3734 sd
1373 3684 1416 3733 lli.
1439 3695 1446 3703 ·

874 3764 901 3812 p.
915 3749 957 3807 72,
972 3750 1007 3800 20
1019 3767 1041 3800 s.
1055 3751 1099 3812 54,
1112 3750 1146 3801 32
1160 3757 1186 3801 et
1197 3768 1259 3817 pag.
1271 3754 1332 3816 682,
1346 3754 1381 3804 511
1394 3771 1416 3805 s.

871 3818 932 3879 557,
945 3819 987 3867 22.
1018 3820 1140 3885 Namque
1153 3837 1170 3870 a
1182 3822 1323 3888 Lycurgo,
1337 3828 1370 3874 ut
1379 3824 1418 3874 ie·

871 3887 984 3948 rebant,
1003 3888 1145 3942 institutus
1164 3890 1209 3940 ille
1229 3908 1287 3942 mos
1306 3894 1417 3944 honoris

872 3956 1008 4022 quandam
1021 3958 1250 4021 significationem
1260 3962 1366 4021 hebuit,
1377 3967 1418 4013 te-

871 4031 914 4077 ste
924 4026 1103 4090 Xenophonte
1114 4031 1155 4081 De
1166 4047 1194 4080 re
1216 4031 1271 4082 ubl.
1279 4034 1345 4086 Lac.
1355 4034 1415 4082 XV.

871 4098 920 4214 {A
935 4091 994 4160 (καί
1004 4093 1134 4168 διμοιρία
1150 4114 1180 4164 γε
1196 4046 1243 4150 {al
1256 4098 1296 4169 τῷ
1307 4100 1416 4169 δείπνῳ
1460 4138 1468 4151 .

884 4163 1015 4229 τίμησιν,
1036 4158 1088 4231 erip
1106 4166 1154 4217 ἴνα
1173 4166 1310 4221 διπλάσια
1332 4188 1416 4221 κατα-

871 4229 1006 4299 φόηοιεν,
1028 4227 1091 4285 ἀλλ’
1111 4235 1160 4287 λ’να
1182 4237 1230 4289 καλ
1251 4233 1309 4290 ἀπὸ
1330 4240 1416 4291 τοῦδε
1503 4234 1509 4251 ’

869 4303 984 4369 τιμῆσαι
995 4299 1099 4370 ἔχοιεν,
1115 4306 1145 4357 εί
1153 4324 1217 4359 τινα
1231 4306 1395 4378 βούλοιντο)
1406 4330 1414 4373 3

870 4376 1004 4439 pertinuit
1013 4380 1104 4426 etitem
1113 4379 1148 4428 nd
1157 4396 1189 4431 ea
1200 4381 1337 4445 convivia,
1345 4397 1416 4447 qnae

871 4443 1001 4494 συσσίτια
1014 4444 1082 4509 (vid.
1098 4454 1166 4499 nott.
1182 4451 1216 4500 ad
1227 4449 1307 4516 1,(18)
1320 4452 1416 4518 appel-
