<?xml version="1.0" encoding="UTF-8"?>
<!DOCTYPE html PUBLIC "-//W3C//DTD XHTML 1.0 Transitional//EN"
    "http://www.w3.org/TR/xhtml1/DTD/xhtml1-transitional.dtd">
<html xmlns="http://www.w3.org/1999/xhtml" xml:lang="en" lang="en">
 <head>
  <title>
</title>
<meta http-equiv="Content-Type" content="text/html;charset=utf-8" />
  <meta name='ocr-system' content='tesseract 3.04.00' />
  <meta name='ocr-capabilities' content='ocr_page ocr_carea ocr_par ocr_line ocrx_word'/>
</head>
<body>
  <div class='ocr_page' id='page_1' title='image "./herodotihalicar01unkngoog/herodotihalicar01unkngoog_0518.png"; bbox 0 0 3100 5175; ppageno 0'>
   <div class='ocr_carea' id='block_1_1' title="bbox 713 378 980 452">
    <p class='ocr_par' dir='ltr' id='par_1_1' title="bbox 713 378 980 452">
     <span class='ocr_line' id='line_1_1' title="bbox 713 378 980 452; baseline 0.004 -1"><span class='ocrx_word' id='word_1_1' title='bbox 713 378 980 452; x_wconf 71' lang='lat' dir='ltr'>Hussono’m</span> 
     </span>
    </p>
   </div>
   <div class='ocr_carea' id='block_1_2' title="bbox 283 558 1428 861">
    <p class='ocr_par' dir='ltr' id='par_1_2' title="bbox 283 558 1428 861">
     <span class='ocr_line' id='line_1_2' title="bbox 284 558 1426 653; baseline 0.001 -22"><span class='ocrx_word' id='word_1_2' title='bbox 284 558 419 632; x_wconf 85' lang='grc' dir='ltr'><em>Πόντου</em></span> <span class='ocrx_word' id='word_1_3' title='bbox 434 565 491 652; x_wconf 82' lang='grc' dir='ltr'>τῆς</span> <span class='ocrx_word' id='word_1_4' title='bbox 513 561 625 651; x_wconf 77' lang='grc' dir='ltr'><em>ἑτέρης</em></span> <span class='ocrx_word' id='word_1_5' title='bbox 646 568 713 632; x_wconf 77' lang='grc' dir='ltr'>πῶυ</span> <span class='ocrx_word' id='word_1_6' title='bbox 733 559 868 653; x_wconf 77' lang='grc' dir='ltr'><strong><em>ιἰνέμων</em></strong></span> <span class='ocrx_word' id='word_1_7' title='bbox 884 569 1014 636; x_wconf 77' lang='grc' dir='ltr'><strong><em>εἵνεκεν</em></strong></span> <span class='ocrx_word' id='word_1_8' title='bbox 1028 569 1095 634; x_wconf 74' lang='lat' dir='ltr'>rain</span> <span class='ocrx_word' id='word_1_9' title='bbox 1109 571 1241 635; x_wconf 80' lang='grc' dir='ltr'><strong><em>ἔσωθεν</em></strong></span> <span class='ocrx_word' id='word_1_10' title='bbox 1255 562 1426 635; x_wconf 73' lang='grc' dir='ltr'><strong><em>ἐκπνεόυ·</em></strong></span> 
     </span>
     <span class='ocr_line' id='line_1_3' title="bbox 283 666 1427 757; baseline 0.003 -24"><span class='ocrx_word' id='word_1_11' title='bbox 283 693 368 753; x_wconf 83' lang='grc' dir='ltr'>των,</span> <span class='ocrx_word' id='word_1_12' title='bbox 383 666 493 754; x_wconf 73' lang='grc' dir='ltr'>τηςόὲ</span> <span class='ocrx_word' id='word_1_13' title='bbox 516 668 628 755; x_wconf 78' lang='grc' dir='ltr'><strong><em>ἑτέρης</em></strong></span> <span class='ocrx_word' id='word_1_14' title='bbox 641 674 698 756; x_wconf 71' lang='grc' dir='ltr'>τῆς</span> <span class='ocrx_word' id='word_1_15' title='bbox 712 666 794 753; x_wconf 84' lang='grc' dir='ltr'>πρὸς</span> <span class='ocrx_word' id='word_1_16' title='bbox 809 670 948 757; x_wconf 76' lang='grc' dir='ltr'>ἑσπέρης</span> <span class='ocrx_word' id='word_1_17' title='bbox 960 697 996 738; x_wconf 80' lang='grc' dir='ltr'>τε</span> <span class='ocrx_word' id='word_1_18' title='bbox 1010 670 1065 738; x_wconf 83' lang='grc' dir='ltr'>καὶ</span> <span class='ocrx_word' id='word_1_19' title='bbox 1079 674 1140 738; x_wconf 82' lang='grc' dir='ltr'>τοῦ</span> <span class='ocrx_word' id='word_1_20' title='bbox 1154 675 1302 757; x_wconf 79' lang='grc' dir='ltr'><strong><em>Αἰγαίου</em></strong></span> <span class='ocrx_word' id='word_1_21' title='bbox 1317 666 1427 755; x_wconf 79' lang='grc' dir='ltr'><strong><em>εὗρον</em></strong></span> 
     </span>
     <span class='ocr_line' id='line_1_4' title="bbox 283 769 1428 861; baseline 0.003 -23"><span class='ocrx_word' id='word_1_22' title='bbox 283 796 319 839; x_wconf 84' lang='lat' dir='ltr'>ss</span> <span class='ocrx_word' id='word_1_23' title='bbox 334 771 389 838; x_wconf 78' lang='lat' dir='ltr'>sai</span> <span class='ocrx_word' id='word_1_24' title='bbox 409 770 511 839; x_wconf 79' lang='lat' dir='ltr'>odron</span> <span class='ocrx_word' id='word_1_25' title='bbox 530 774 642 841; x_wconf 80' lang='grc' dir='ltr'><strong><em>εἵνεκα</em></strong></span> <span class='ocrx_word' id='word_1_26' title='bbox 649 822 659 858; x_wconf 89' lang='grc'><strong>,</strong></span> <span class='ocrx_word' id='word_1_27' title='bbox 680 772 859 842; x_wconf 77' lang='grc' dir='ltr'><strong><em>διέκπλοον</em></strong></span> <span class='ocrx_word' id='word_1_28' title='bbox 878 771 914 841; x_wconf 74' lang='lat' dir='ltr'>dl</span> <span class='ocrx_word' id='word_1_29' title='bbox 937 769 1133 861; x_wconf 73' lang='grc' dir='ltr'><strong><em>ὑπόφαυσιν</em></strong></span> <span class='ocrx_word' id='word_1_30' title='bbox 1151 776 1336 844; x_wconf 79' lang='grc' dir='ltr'><strong><em>κατέλιπον</em></strong></span> <span class='ocrx_word' id='word_1_31' title='bbox 1354 778 1428 841; x_wconf 76' lang='grc' dir='ltr'>των</span> 
     </span>
    </p>
   </div>
   <div class='ocr_carea' id='block_1_3' title="bbox 272 953 828 3059">
    <p class='ocr_par' dir='ltr' id='par_1_3' title="bbox 272 953 828 3059">
     <span class='ocr_line' id='line_1_5' title="bbox 283 953 827 1054; baseline -0.002 -32"><span class='ocrx_word' id='word_1_32' title='bbox 283 953 450 1054; x_wconf 75' lang='grc' dir='ltr'><strong><em>όνυιιωχεόη</em></strong></span> <span class='ocrx_word' id='word_1_33' title='bbox 461 988 495 1025; x_wconf 84' lang='lat' dir='ltr'>ex</span> <span class='ocrx_word' id='word_1_34' title='bbox 504 972 729 1023; x_wconf 73' lang='lat' dir='ltr'>antecedentibus</span> <span class='ocrx_word' id='word_1_35' title='bbox 739 971 827 1037; x_wconf 86' lang='lat' dir='ltr'>repeti</span> 
     </span>
     <span class='ocr_line' id='line_1_6' title="bbox 282 1034 827 1107; baseline -0.007 -13"><span class='ocrx_word' id='word_1_36' title='bbox 282 1034 379 1094; x_wconf 83' lang='lat' dir='ltr'>vult</span> <span class='ocrx_word' id='word_1_37' title='bbox 366 1059 382 1106; x_wconf 89' lang='grc' dir='ltr'><strong><em>η</em></strong></span> <span class='ocrx_word' id='word_1_38' title='bbox 404 1036 512 1107; x_wconf 77' lang='grc' dir='ltr'><strong><em>γέφυρα</em></strong></span> <span class='ocrx_word' id='word_1_39' title='bbox 531 1041 647 1107; x_wconf 79' lang='lat' dir='ltr'>indeque</span> <span class='ocrx_word' id='word_1_40' title='bbox 668 1040 757 1092; x_wconf 87' lang='lat' dir='ltr'>locum</span> <span class='ocrx_word' id='word_1_41' title='bbox 785 1043 827 1091; x_wconf 87' lang='lat' dir='ltr'>sic</span> 
     </span>
     <span class='ocr_line' id='line_1_7' title="bbox 283 1111 827 1177; baseline -0.004 -14"><span class='ocrx_word' id='word_1_42' title='bbox 283 1114 395 1177; x_wconf 79' lang='lat' dir='ltr'>Anglice</span> <span class='ocrx_word' id='word_1_43' title='bbox 407 1112 507 1164; x_wconf 81' lang='lat' dir='ltr'>reddit:</span> <span class='ocrx_word' id='word_1_44' title='bbox 525 1112 627 1174; x_wconf 63' lang='lat' dir='ltr'>‚namt</span> <span class='ocrx_word' id='word_1_45' title='bbox 607 1123 647 1162; x_wconf 79' lang='lat' dir='ltr'>tre</span> <span class='ocrx_word' id='word_1_46' title='bbox 656 1112 744 1176; x_wconf 76' lang='lat' dir='ltr'>bridpe</span> <span class='ocrx_word' id='word_1_47' title='bbox 753 1111 827 1177; x_wconf 76' lang='lat' dir='ltr'>rripit</span> 
     </span>
     <span class='ocr_line' id='line_1_8' title="bbox 282 1181 826 1245; baseline 0 -16"><span class='ocrx_word' id='word_1_48' title='bbox 282 1183 343 1233; x_wconf 69' lang='lat' dir='ltr'>leont</span> <span class='ocrx_word' id='word_1_49' title='bbox 357 1198 389 1245; x_wconf 86' lang='lat' dir='ltr'>up</span> <span class='ocrx_word' id='word_1_50' title='bbox 401 1200 432 1231; x_wconf 88' lang='grc' dir='ltr'>οι</span> <span class='ocrx_word' id='word_1_51' title='bbox 441 1186 554 1245; x_wconf 72' lang='lat' dir='ltr'>arramire,</span> <span class='ocrx_word' id='word_1_52' title='bbox 572 1182 612 1232; x_wconf 77' lang='lat' dir='ltr'>tlte</span> <span class='ocrx_word' id='word_1_53' title='bbox 628 1185 724 1233; x_wconf 83' lang='lat' dir='ltr'>termion</span> <span class='ocrx_word' id='word_1_54' title='bbox 745 1183 778 1244; x_wconf 77' lang='lat' dir='ltr'>of</span> <span class='ocrx_word' id='word_1_55' title='bbox 786 1181 826 1230; x_wconf 77' lang='lat' dir='ltr'>his</span> 
     </span>
     <span class='ocr_line' id='line_1_9' title="bbox 283 1250 826 1313; baseline 0 -13"><span class='ocrx_word' id='word_1_56' title='bbox 283 1254 369 1302; x_wconf 79' lang='lat' dir='ltr'>calleo</span> <span class='ocrx_word' id='word_1_57' title='bbox 385 1254 513 1303; x_wconf 80' lang='lat' dir='ltr'>rtrelcberl</span> <span class='ocrx_word' id='word_1_58' title='bbox 528 1268 617 1302; x_wconf 79' lang='lat' dir='ltr'>across</span> <span class='ocrx_word' id='word_1_59' title='bbox 630 1254 697 1313; x_wconf 85' lang='lat' dir='ltr'>fron</span> <span class='ocrx_word' id='word_1_60' title='bbox 711 1250 786 1301; x_wconf 82' lang='lat' dir='ltr'>altore</span> <span class='ocrx_word' id='word_1_61' title='bbox 800 1259 826 1300; x_wconf 87' lang='lat' dir='ltr'>to</span> 
     </span>
     <span class='ocr_line' id='line_1_10' title="bbox 283 1322 825 1387; baseline -0.004 -15"><span class='ocrx_word' id='word_1_62' title='bbox 283 1322 387 1372; x_wconf 79' lang='lat' dir='ltr'>aiore.“</span> <span class='ocrx_word' id='word_1_63' title='bbox 418 1323 459 1372; x_wconf 77' lang='lat' dir='ltr'>ric</span> <span class='ocrx_word' id='word_1_64' title='bbox 470 1324 592 1386; x_wconf 78' lang='lat' dir='ltr'>Longius</span> <span class='ocrx_word' id='word_1_65' title='bbox 608 1337 714 1387; x_wconf 88' lang='lat' dir='ltr'>quoque</span> <span class='ocrx_word' id='word_1_66' title='bbox 729 1335 825 1370; x_wconf 80' lang='lat' dir='ltr'>verna-</span> 
     </span>
     <span class='ocr_line' id='line_1_11' title="bbox 283 1392 825 1457; baseline -0.007 -14"><span class='ocrx_word' id='word_1_67' title='bbox 283 1392 344 1443; x_wconf 91' lang='lat' dir='ltr'>cule</span> <span class='ocrx_word' id='word_1_68' title='bbox 354 1393 563 1457; x_wconf 87' lang='lat' dir='ltr'>interpretatus:</span> <span class='ocrx_word' id='word_1_69' title='bbox 577 1392 674 1454; x_wconf 73' lang='lat' dir='ltr'>„dunat</span> <span class='ocrx_word' id='word_1_70' title='bbox 685 1392 732 1441; x_wconf 80' lang='lat' dir='ltr'>cler</span> <span class='ocrx_word' id='word_1_71' title='bbox 741 1392 825 1441; x_wconf 85' lang='lat' dir='ltr'>Strom</span> 
     </span>
     <span class='ocr_line' id='line_1_12' title="bbox 284 1459 827 1557; baseline -0.004 -46"><span class='ocrx_word' id='word_1_72' title='bbox 284 1464 325 1513; x_wconf 82' lang='lat' dir='ltr'>die</span> <span class='ocrx_word' id='word_1_73' title='bbox 335 1471 537 1557; x_wconf 76' lang='grc' dir='ltr'><strong><em>ιιιιεηιιρανιιιωι</em></strong></span> <span class='ocrx_word' id='word_1_74' title='bbox 545 1460 628 1512; x_wconf 85' lang='lat' dir='ltr'>Seile&#39;</span> <span class='ocrx_word' id='word_1_75' title='bbox 619 1478 643 1513; x_wconf 84' lang='lat' dir='ltr'>ru</span> <span class='ocrx_word' id='word_1_76' title='bbox 653 1462 700 1511; x_wconf 84' lang='lat' dir='ltr'>der</span> <span class='ocrx_word' id='word_1_77' title='bbox 709 1459 827 1510; x_wconf 72' lang='lat' dir='ltr'>Seleuciae</span> 
     </span>
     <span class='ocr_line' id='line_1_13' title="bbox 283 1532 827 1595; baseline -0.006 -14"><span class='ocrx_word' id='word_1_78' title='bbox 283 1532 396 1595; x_wconf 85' lang='lat' dir='ltr'>ln&#39;elte‚¹</span> <span class='ocrx_word' id='word_1_79' title='bbox 419 1532 473 1582; x_wconf 91' lang='lat' dir='ltr'>loci</span> <span class='ocrx_word' id='word_1_80' title='bbox 494 1546 602 1583; x_wconf 79' lang='lat' dir='ltr'>aeneum</span> <span class='ocrx_word' id='word_1_81' title='bbox 622 1533 668 1580; x_wconf 78' lang='lat' dir='ltr'>ria</span> <span class='ocrx_word' id='word_1_82' title='bbox 683 1535 827 1581; x_wconf 89' lang='lat' dir='ltr'>assecutus</span> 
     </span>
     <span class='ocr_line' id='line_1_14' title="bbox 285 1571 826 1667; baseline -0.009 -15"><span class='ocrx_word' id='word_1_83' title='bbox 285 1571 613 1676; x_wconf 79' lang='lat' dir='ltr'>esse’vioesor.1psnm</span> <span class='ocrx_word' id='word_1_84' title='bbox 632 1601 742 1650; x_wconf 83' lang='lat' dir='ltr'>verbum</span> <span class='ocrx_word' id='word_1_85' title='bbox 757 1588 826 1647; x_wconf 84' lang='grc' dir='ltr'><strong><em>ιἰνα-</em></strong></span> 
     </span>
     <span class='ocr_line' id='line_1_15' title="bbox 284 1662 828 1753; baseline -0.006 -33"><span class='ocrx_word' id='word_1_86' title='bbox 284 1662 419 1735; x_wconf 61' lang='lat' dir='ltr'>sopenna</span> <span class='ocrx_word' id='word_1_87' title='bbox 434 1671 572 1722; x_wconf 89' lang='lat' dir='ltr'>inhibendi</span> <span class='ocrx_word' id='word_1_88' title='bbox 587 1685 724 1753; x_wconf 85' lang='lat' dir='ltr'>navesque</span> <span class='ocrx_word' id='word_1_89' title='bbox 743 1669 828 1734; x_wconf 87' lang='lat' dir='ltr'>repri-</span> 
     </span>
     <span class='ocr_line' id='line_1_16' title="bbox 285 1738 826 1806; baseline -0.007 -15"><span class='ocrx_word' id='word_1_90' title='bbox 285 1742 374 1792; x_wconf 90' lang='lat' dir='ltr'>mendi</span> <span class='ocrx_word' id='word_1_91' title='bbox 399 1741 600 1806; x_wconf 75' lang='lat' dir='ltr'>significatione</span> <span class='ocrx_word' id='word_1_92' title='bbox 623 1740 766 1805; x_wconf 77' lang='lat' dir='ltr'>attigimus</span> <span class='ocrx_word' id='word_1_93' title='bbox 791 1738 826 1787; x_wconf 90' lang='lat' dir='ltr'>ad</span> 
     </span>
     <span class='ocr_line' id='line_1_17' title="bbox 285 1808 827 1872; baseline -0.009 -11"><span class='ocrx_word' id='word_1_94' title='bbox 285 1812 338 1869; x_wconf 86' lang='lat' dir='ltr'>vl,</span> <span class='ocrx_word' id='word_1_95' title='bbox 354 1811 411 1863; x_wconf 85' lang='lat' dir='ltr'>llo.</span> <span class='ocrx_word' id='word_1_96' title='bbox 450 1811 605 1862; x_wconf 88' lang='lat' dir='ltr'>Herodotea</span> <span class='ocrx_word' id='word_1_97' title='bbox 624 1816 715 1860; x_wconf 87' lang='lat' dir='ltr'>autem</span> <span class='ocrx_word' id='word_1_98' title='bbox 735 1808 827 1872; x_wconf 78' lang='lat' dir='ltr'>tangit</span> 
     </span>
     <span class='ocr_line' id='line_1_18' title="bbox 284 1878 826 1943; baseline -0.009 -12"><span class='ocrx_word' id='word_1_99' title='bbox 284 1883 393 1931; x_wconf 44' lang='lat' dir='ltr'>Armrian</span> <span class='ocrx_word' id='word_1_100' title='bbox 410 1881 497 1931; x_wconf 80' lang='lat' dir='ltr'>Anah.</span> <span class='ocrx_word' id='word_1_101' title='bbox 510 1881 542 1943; x_wconf 83' lang='lat' dir='ltr'>V,</span> <span class='ocrx_word' id='word_1_102' title='bbox 558 1884 582 1931; x_wconf 84' lang='lat'>7.</span> <span class='ocrx_word' id='word_1_103' title='bbox 598 1880 662 1943; x_wconf 78' lang='lat'>§·.3</span> <span class='ocrx_word' id='word_1_104' title='bbox 688 1878 826 1930; x_wconf 72' lang='lat' dir='ltr'>scholium</span> 
     </span>
     <span class='ocr_line' id='line_1_19' title="bbox 284 1938 826 2029; baseline -0.007 -29"><span class='ocrx_word' id='word_1_105' title='bbox 284 1951 420 2027; x_wconf 80' lang='lat' dir='ltr'><strong>quoddam</strong></span> <span class='ocrx_word' id='word_1_106' title='bbox 435 1951 514 2001; x_wconf 79' lang='lat' dir='ltr'>affert</span> <span class='ocrx_word' id='word_1_107' title='bbox 528 1946 697 2029; x_wconf 57' lang='lat' dir='ltr'>peremptio,</span> <span class='ocrx_word' id='word_1_108' title='bbox 718 1938 813 2012; x_wconf 84' lang='grc' dir='ltr'><strong><em>όναβα</em></strong></span> <span class='ocrx_word' id='word_1_109' title='bbox 795 1962 826 1995; x_wconf 91' lang='grc' dir='ltr'>α-</span> 
     </span>
     <span class='ocr_line' id='line_1_20' title="bbox 285 2014 828 2079; baseline -0.009 -8"><span class='ocrx_word' id='word_1_110' title='bbox 285 2014 384 2079; x_wconf 73' lang='grc' dir='ltr'><strong><em>στάζει.</em></strong></span> <span class='ocrx_word' id='word_1_111' title='bbox 413 2022 455 2072; x_wconf 78' lang='lat' dir='ltr'>Ire</span> <span class='ocrx_word' id='word_1_112' title='bbox 470 2037 537 2071; x_wconf 86' lang='lat' dir='ltr'>voce</span> <span class='ocrx_word' id='word_1_113' title='bbox 549 2014 635 2069; x_wconf 88' lang='grc' dir='ltr'><strong><em>τόιον</em></strong></span> <span class='ocrx_word' id='word_1_114' title='bbox 647 2019 761 2070; x_wconf 88' lang='lat' dir='ltr'>laudant</span> <span class='ocrx_word' id='word_1_115' title='bbox 771 2019 828 2067; x_wconf 91' lang='lat' dir='ltr'>Dc·</span> 
     </span>
     <span class='ocr_line' id='line_1_21' title="bbox 284 2088 824 2153; baseline 0.002 -13"><span class='ocrx_word' id='word_1_116' title='bbox 284 2091 359 2141; x_wconf 88' lang='lat' dir='ltr'>braer</span> <span class='ocrx_word' id='word_1_117' title='bbox 370 2089 480 2141; x_wconf 80' lang='lat' dir='ltr'>Added</span> <span class='ocrx_word' id='word_1_118' title='bbox 488 2091 601 2140; x_wconf 85' lang='lat' dir='ltr'>Person</span> <span class='ocrx_word' id='word_1_119' title='bbox 611 2088 750 2153; x_wconf 79' lang='lat' dir='ltr'>aristoph.</span> <span class='ocrx_word' id='word_1_120' title='bbox 759 2103 824 2152; x_wconf 84' lang='lat' dir='ltr'>pag.</span> 
     </span>
     <span class='ocr_line' id='line_1_22' title="bbox 287 2158 827 2222; baseline -0.011 -10"><span class='ocrx_word' id='word_1_121' title='bbox 287 2161 314 2212; x_wconf 92' lang='lat' dir='ltr'>ll</span> <span class='ocrx_word' id='word_1_122' title='bbox 321 2167 344 2210; x_wconf 76' lang='lat'>2&#39;.</span> <span class='ocrx_word' id='word_1_123' title='bbox 375 2160 453 2222; x_wconf 86' lang='lat' dir='ltr'>Quod</span> <span class='ocrx_word' id='word_1_124' title='bbox 466 2175 530 2210; x_wconf 88' lang='lat' dir='ltr'>vere</span> <span class='ocrx_word' id='word_1_125' title='bbox 541 2158 583 2211; x_wconf 80' lang='lat' dir='ltr'>uel</span> <span class='ocrx_word' id='word_1_126' title='bbox 596 2158 666 2208; x_wconf 91' lang='lat' dir='ltr'>hac</span> <span class='ocrx_word' id='word_1_127' title='bbox 660 2174 686 2208; x_wconf 91' lang='lat' dir='ltr'>m</span> <span class='ocrx_word' id='word_1_128' title='bbox 698 2174 727 2208; x_wconf 90' lang='lat' dir='ltr'>re</span> <span class='ocrx_word' id='word_1_129' title='bbox 739 2158 827 2207; x_wconf 85' lang='lat' dir='ltr'>Hero·</span> 
     </span>
     <span class='ocr_line' id='line_1_23' title="bbox 285 2228 826 2293; baseline -0.009 -13"><span class='ocrx_word' id='word_1_130' title='bbox 285 2231 350 2280; x_wconf 92' lang='lat' dir='ltr'>doto</span> <span class='ocrx_word' id='word_1_131' title='bbox 371 2229 537 2293; x_wconf 79' lang='lat' dir='ltr'>exprobrant</span> <span class='ocrx_word' id='word_1_132' title='bbox 557 2229 597 2278; x_wconf 87' lang='lat' dir='ltr'>rei</span> <span class='ocrx_word' id='word_1_133' title='bbox 618 2229 726 2278; x_wconf 86' lang='lat' dir='ltr'>navalia</span> <span class='ocrx_word' id='word_1_134' title='bbox 752 2228 826 2292; x_wconf 80' lang='lat' dir='ltr'>igno·</span> 
     </span>
     <span class='ocr_line' id='line_1_24' title="bbox 283 2296 824 2363; baseline 0 -15"><span class='ocrx_word' id='word_1_135' title='bbox 283 2299 417 2360; x_wconf 77' lang='lat' dir='ltr'>rentiam,</span> <span class='ocrx_word' id='word_1_136' title='bbox 432 2298 588 2363; x_wconf 83' lang='lat' dir='ltr'>obloquitur</span> <span class='ocrx_word' id='word_1_137' title='bbox 602 2299 690 2348; x_wconf 88' lang='lat' dir='ltr'>Kruae</span> <span class='ocrx_word' id='word_1_138' title='bbox 700 2297 718 2347; x_wconf 91' lang='lat' dir='ltr'>l.</span> <span class='ocrx_word' id='word_1_139' title='bbox 730 2296 747 2349; x_wconf 90' lang='grc'>1,</span> <span class='ocrx_word' id='word_1_140' title='bbox 759 2312 824 2362; x_wconf 80' lang='lat' dir='ltr'>pag.</span> 
     </span>
     <span class='ocr_line' id='line_1_25' title="bbox 286 2367 824 2432; baseline -0.004 -13"><span class='ocrx_word' id='word_1_141' title='bbox 286 2368 352 2425; x_wconf 78' lang='lat' dir='ltr'>tot.</span> <span class='ocrx_word' id='word_1_142' title='bbox 377 2368 400 2415; x_wconf 87' lang='lat' dir='ltr'>ai</span> <span class='ocrx_word' id='word_1_143' title='bbox 421 2367 529 2431; x_wconf 90' lang='lat' dir='ltr'>quidem</span> <span class='ocrx_word' id='word_1_144' title='bbox 553 2368 712 2432; x_wconf 84' lang='lat' dir='ltr'>posterioris</span> <span class='ocrx_word' id='word_1_145' title='bbox 733 2368 824 2432; x_wconf 89' lang='lat' dir='ltr'>pontis</span> 
     </span>
     <span class='ocr_line' id='line_1_26' title="bbox 284 2436 826 2501; baseline -0.002 -14"><span class='ocrx_word' id='word_1_146' title='bbox 284 2452 370 2487; x_wconf 86' lang='lat' dir='ltr'>nares</span> <span class='ocrx_word' id='word_1_147' title='bbox 384 2438 499 2487; x_wconf 84' lang='lat' dir='ltr'>maiores</span> <span class='ocrx_word' id='word_1_148' title='bbox 511 2441 593 2501; x_wconf 89' lang='lat' dir='ltr'>atque</span> <span class='ocrx_word' id='word_1_149' title='bbox 603 2436 717 2487; x_wconf 86' lang='lat' dir='ltr'>latiores</span> <span class='ocrx_word' id='word_1_150' title='bbox 729 2451 826 2487; x_wconf 90' lang='lat' dir='ltr'>secun-</span> 
     </span>
     <span class='ocr_line' id='line_1_27' title="bbox 285 2505 826 2571; baseline -0.004 -15"><span class='ocrx_word' id='word_1_151' title='bbox 285 2507 319 2556; x_wconf 91' lang='lat' dir='ltr'>do</span> <span class='ocrx_word' id='word_1_152' title='bbox 333 2506 414 2556; x_wconf 80' lang='lat' dir='ltr'>fluvio</span> <span class='ocrx_word' id='word_1_153' title='bbox 429 2506 537 2571; x_wconf 88' lang='lat' dir='ltr'>positae</span> <span class='ocrx_word' id='word_1_154' title='bbox 549 2506 678 2555; x_wconf 88' lang='lat' dir='ltr'>maiorem</span> <span class='ocrx_word' id='word_1_155' title='bbox 691 2507 773 2555; x_wconf 89' lang='lat' dir='ltr'>etiam</span> <span class='ocrx_word' id='word_1_156' title='bbox 787 2505 826 2557; x_wconf 87' lang='lat' dir='ltr'>ei·</span> 
     </span>
     <span class='ocr_line' id='line_1_28' title="bbox 283 2575 825 2643; baseline -0.002 -16"><span class='ocrx_word' id='word_1_157' title='bbox 283 2577 364 2628; x_wconf 87' lang='lat' dir='ltr'>licere</span> <span class='ocrx_word' id='word_1_158' title='bbox 378 2575 521 2628; x_wconf 81' lang='lat' dir='ltr'>debuerint</span> <span class='ocrx_word' id='word_1_159' title='bbox 534 2576 733 2627; x_wconf 88' lang='lat' dir='ltr'>contentionem</span> <span class='ocrx_word' id='word_1_160' title='bbox 745 2592 825 2643; x_wconf 90' lang='lat' dir='ltr'>qnam</span> 
     </span>
     <span class='ocr_line' id='line_1_29' title="bbox 284 2646 826 2712; baseline -0.004 -15"><span class='ocrx_word' id='word_1_161' title='bbox 284 2647 401 2698; x_wconf 88' lang='lat' dir='ltr'>minores</span> <span class='ocrx_word' id='word_1_162' title='bbox 415 2646 514 2711; x_wconf 91' lang='lat' dir='ltr'>prioris</span> <span class='ocrx_word' id='word_1_163' title='bbox 532 2647 622 2710; x_wconf 88' lang='lat' dir='ltr'>pontis</span> <span class='ocrx_word' id='word_1_164' title='bbox 637 2662 739 2708; x_wconf 83' lang='lat' dir='ltr'>naves,</span> <span class='ocrx_word' id='word_1_165' title='bbox 759 2661 826 2712; x_wconf 89' lang='lat' dir='ltr'>qua·</span> 
     </span>
     <span class='ocr_line' id='line_1_30' title="bbox 272 2715 823 2787; baseline -0.004 -20"><span class='ocrx_word' id='word_1_166' title='bbox 272 2733 342 2787; x_wconf 31' lang='lat' dir='ltr'>‚rum</span> <span class='ocrx_word' id='word_1_167' title='bbox 366 2717 495 2768; x_wconf 88' lang='lat' dir='ltr'>rudentes</span> <span class='ocrx_word' id='word_1_168' title='bbox 525 2715 580 2766; x_wconf 85' lang='lat' dir='ltr'>illis</span> <span class='ocrx_word' id='word_1_169' title='bbox 608 2716 823 2768; x_wconf 78' lang='lat' dir='ltr'>intenderentur.</span> 
     </span>
     <span class='ocr_line' id='line_1_31' title="bbox 282 2786 823 2853; baseline -0.009 -14"><span class='ocrx_word' id='word_1_170' title='bbox 282 2789 433 2853; x_wconf 85' lang='lat' dir='ltr'>Utrumque</span> <span class='ocrx_word' id='word_1_171' title='bbox 459 2786 530 2837; x_wconf 86' lang='lat' dir='ltr'>euim</span> <span class='ocrx_word' id='word_1_172' title='bbox 554 2792 677 2850; x_wconf 85' lang='lat' dir='ltr'>pontem,</span> <span class='ocrx_word' id='word_1_173' title='bbox 707 2787 823 2836; x_wconf 87' lang='lat' dir='ltr'>alterum</span> 
     </span>
     <span class='ocr_line' id='line_1_32' title="bbox 284 2855 826 2918; baseline -0.009 -10"><span class='ocrx_word' id='word_1_174' title='bbox 284 2858 430 2918; x_wconf 77' lang='lat' dir='ltr'>exercitui,</span> <span class='ocrx_word' id='word_1_175' title='bbox 459 2856 573 2907; x_wconf 85' lang='lat' dir='ltr'>alterurn</span> <span class='ocrx_word' id='word_1_176' title='bbox 593 2857 722 2907; x_wconf 89' lang='lat' dir='ltr'>iumentis</span> <span class='ocrx_word' id='word_1_177' title='bbox 741 2855 826 2906; x_wconf 86' lang='lat' dir='ltr'>desti·</span> 
     </span>
     <span class='ocr_line' id='line_1_33' title="bbox 282 2923 825 2978; baseline -0.006 -1"><span class='ocrx_word' id='word_1_178' title='bbox 282 2932 377 2978; x_wconf 83' lang='lat' dir='ltr'>uatum</span> <span class='ocrx_word' id='word_1_179' title='bbox 390 2943 422 2978; x_wconf 89' lang='lat' dir='ltr'>eo</span> <span class='ocrx_word' id='word_1_180' title='bbox 437 2926 582 2978; x_wconf 81' lang='lat' dir='ltr'>intervallo</span> <span class='ocrx_word' id='word_1_181' title='bbox 594 2931 727 2976; x_wconf 86' lang='lat' dir='ltr'>structum</span> <span class='ocrx_word' id='word_1_182' title='bbox 740 2923 825 2975; x_wconf 83' lang='lat' dir='ltr'>luisse</span> 
     </span>
     <span class='ocr_line' id='line_1_34' title="bbox 284 2996 824 3059; baseline -0.008 -12"><span class='ocrx_word' id='word_1_183' title='bbox 284 2997 412 3048; x_wconf 83' lang='lat' dir='ltr'>credibile</span> <span class='ocrx_word' id='word_1_184' title='bbox 430 3002 487 3059; x_wconf 81' lang='lat' dir='ltr'>eat,</span> <span class='ocrx_word' id='word_1_185' title='bbox 507 3000 538 3046; x_wconf 84' lang='lat' dir='ltr'>ut</span> <span class='ocrx_word' id='word_1_186' title='bbox 554 3011 588 3045; x_wconf 90' lang='lat' dir='ltr'>ne</span> <span class='ocrx_word' id='word_1_187' title='bbox 606 3011 690 3046; x_wconf 86' lang='lat' dir='ltr'>nares</span> <span class='ocrx_word' id='word_1_188' title='bbox 708 3010 737 3045; x_wconf 91' lang='lat' dir='ltr'>se</span> <span class='ocrx_word' id='word_1_189' title='bbox 754 2996 824 3044; x_wconf 87' lang='lat' dir='ltr'>inri-</span> 
     </span>
    </p>
   </div>
   <div class='ocr_carea' id='block_1_4' title="bbox 282 3061 840 3131">
    <p class='ocr_par' dir='ltr' id='par_1_4' title="bbox 282 3061 840 3131">
     <span class='ocr_line' id='line_1_35' title="bbox 282 3061 840 3131; baseline -0.009 -14"><span class='ocrx_word' id='word_1_190' title='bbox 282 3083 341 3118; x_wconf 86' lang='lat' dir='ltr'>cem</span> <span class='ocrx_word' id='word_1_191' title='bbox 364 3066 506 3131; x_wconf 72' lang='lat' dir='ltr'>pulsantes</span> <span class='ocrx_word' id='word_1_192' title='bbox 529 3081 561 3115; x_wconf 88' lang='lat' dir='ltr'>ac</span> <span class='ocrx_word' id='word_1_193' title='bbox 586 3066 713 3116; x_wconf 84' lang='lat' dir='ltr'>ferientes</span> <span class='ocrx_word' id='word_1_194' title='bbox 734 3061 840 3113; x_wconf 87' lang='lat' dir='ltr'>damni&#39;</span> 
     </span>
    </p>
   </div>
   <div class='ocr_carea' id='block_1_5' title="bbox 210 3134 825 4523">
    <p class='ocr_par' dir='ltr' id='par_1_5' title="bbox 210 3134 825 4523">
     <span class='ocr_line' id='line_1_36' title="bbox 282 3134 823 3202; baseline -0.007 -15"><span class='ocrx_word' id='word_1_195' title='bbox 282 3137 347 3202; x_wconf 90' lang='lat' dir='ltr'>quid</span> <span class='ocrx_word' id='word_1_196' title='bbox 359 3141 497 3200; x_wconf 87' lang='lat' dir='ltr'>caperent,</span> <span class='ocrx_word' id='word_1_197' title='bbox 508 3135 576 3185; x_wconf 87' lang='lat' dir='ltr'>bene</span> <span class='ocrx_word' id='word_1_198' title='bbox 587 3140 712 3185; x_wconf 89' lang='lat' dir='ltr'>monente</span> <span class='ocrx_word' id='word_1_199' title='bbox 722 3134 823 3183; x_wconf 83' lang='lat' dir='ltr'>Krnsio</span> 
     </span>
     <span class='ocr_line' id='line_1_37' title="bbox 283 3204 824 3271; baseline -0.002 -17"><span class='ocrx_word' id='word_1_200' title='bbox 283 3205 301 3254; x_wconf 91' lang='lat' dir='ltr'>l.</span> <span class='ocrx_word' id='word_1_201' title='bbox 319 3205 337 3256; x_wconf 90' lang='lat' dir='ltr'>l.</span> <span class='ocrx_word' id='word_1_202' title='bbox 352 3222 413 3271; x_wconf 80' lang='lat' dir='ltr'>pag.</span> <span class='ocrx_word' id='word_1_203' title='bbox 431 3206 496 3262; x_wconf 73' lang='lat'>101,</span> <span class='ocrx_word' id='word_1_204' title='bbox 514 3207 555 3254; x_wconf 86' lang='lat' dir='ltr'>cui</span> <span class='ocrx_word' id='word_1_205' title='bbox 569 3206 677 3255; x_wconf 88' lang='lat' dir='ltr'>omniuo</span> <span class='ocrx_word' id='word_1_206' title='bbox 691 3204 744 3253; x_wconf 90' lang='lat' dir='ltr'>dno</span> <span class='ocrx_word' id='word_1_207' title='bbox 757 3218 824 3267; x_wconf 91' lang='lat' dir='ltr'>pon-</span> 
     </span>
     <span class='ocr_line' id='line_1_38' title="bbox 282 3272 825 3326; baseline -0.004 -1"><span class='ocrx_word' id='word_1_208' title='bbox 282 3280 322 3326; x_wconf 85' lang='lat' dir='ltr'>tes</span> <span class='ocrx_word' id='word_1_209' title='bbox 341 3275 388 3324; x_wconf 84' lang='lat' dir='ltr'>hic</span> <span class='ocrx_word' id='word_1_210' title='bbox 406 3292 438 3325; x_wconf 89' lang='lat' dir='ltr'>eo</span> <span class='ocrx_word' id='word_1_211' title='bbox 459 3273 572 3325; x_wconf 85' lang='lat' dir='ltr'>consilio</span> <span class='ocrx_word' id='word_1_212' title='bbox 587 3273 721 3324; x_wconf 84' lang='lat' dir='ltr'>exstructi</span> <span class='ocrx_word' id='word_1_213' title='bbox 739 3272 825 3323; x_wconf 81' lang='lat' dir='ltr'>irrisae</span> 
     </span>
     <span class='ocr_line' id='line_1_39' title="bbox 281 3343 823 3408; baseline -0.004 -14"><span class='ocrx_word' id='word_1_214' title='bbox 281 3344 410 3395; x_wconf 77' lang='lat' dir='ltr'>videnlur</span> <span class='ocrx_word' id='word_1_215' title='bbox 424 3343 462 3407; x_wconf 88' lang='lat' dir='ltr'>(p.</span> <span class='ocrx_word' id='word_1_216' title='bbox 477 3344 539 3408; x_wconf 85' lang='grc'><strong>911),</strong></span> <span class='ocrx_word' id='word_1_217' title='bbox 562 3359 616 3408; x_wconf 91' lang='lat' dir='ltr'>quo</span> <span class='ocrx_word' id='word_1_218' title='bbox 631 3347 823 3407; x_wconf 83' lang='lat' dir='ltr'>tempestatum</span> 
     </span>
     <span class='ocr_line' id='line_1_40' title="bbox 282 3413 825 3476; baseline 0 -13"><span class='ocrx_word' id='word_1_219' title='bbox 282 3430 299 3463; x_wconf 84' lang='lat' dir='ltr'>a</span> <span class='ocrx_word' id='word_1_220' title='bbox 310 3414 421 3464; x_wconf 88' lang='lat' dir='ltr'>meridie</span> <span class='ocrx_word' id='word_1_221' title='bbox 430 3413 678 3476; x_wconf 82' lang='lat' dir='ltr'>supervenientium</span> <span class='ocrx_word' id='word_1_222' title='bbox 691 3413 732 3463; x_wconf 82' lang='lat' dir='ltr'>vis</span> <span class='ocrx_word' id='word_1_223' title='bbox 746 3428 825 3476; x_wconf 90' lang='lat' dir='ltr'>prae·</span> 
     </span>
     <span class='ocr_line' id='line_1_41' title="bbox 282 3481 824 3565; baseline -0.002 -31"><span class='ocrx_word' id='word_1_224' title='bbox 282 3487 435 3544; x_wconf 81' lang='lat' dir='ltr'>caveretur,</span> <span class='ocrx_word' id='word_1_225' title='bbox 451 3497 484 3532; x_wconf 89' lang='lat' dir='ltr'>ac</span> <span class='ocrx_word' id='word_1_226' title='bbox 495 3481 573 3530; x_wconf 91' lang='lat' dir='ltr'>simul</span> <span class='ocrx_word' id='word_1_227' title='bbox 586 3481 704 3532; x_wconf 85' lang='lat' dir='ltr'>fluminis</span> <span class='ocrx_word' id='word_1_228' title='bbox 716 3484 758 3532; x_wconf 79' lang='lat' dir='ltr'>vis</span> <span class='ocrx_word' id='word_1_229' title='bbox 770 3498 824 3565; x_wconf 86' lang='lat' dir='ltr'>quo</span> 
     </span>
     <span class='ocr_line' id='line_1_42' title="bbox 282 3550 825 3602; baseline -0.002 0"><span class='ocrx_word' id='word_1_230' title='bbox 282 3552 371 3602; x_wconf 89' lang='lat' dir='ltr'>miuus</span> <span class='ocrx_word' id='word_1_231' title='bbox 385 3551 512 3600; x_wconf 87' lang='lat' dir='ltr'>damnum</span> <span class='ocrx_word' id='word_1_232' title='bbox 525 3550 638 3600; x_wconf 83' lang='lat' dir='ltr'>interret</span> <span class='ocrx_word' id='word_1_233' title='bbox 650 3550 784 3601; x_wconf 88' lang='lat' dir='ltr'>naribue&#39;</span> <span class='ocrx_word' id='word_1_234' title='bbox 777 3568 825 3601; x_wconf 90' lang='lat' dir='ltr'>uu·</span> 
     </span>
     <span class='ocr_line' id='line_1_43' title="bbox 282 3619 824 3688; baseline -0.004 -16"><span class='ocrx_word' id='word_1_235' title='bbox 282 3621 430 3688; x_wconf 88' lang='lat' dir='ltr'>pediretur‚</span> <span class='ocrx_word' id='word_1_236' title='bbox 442 3634 501 3670; x_wconf 89' lang='lat' dir='ltr'>cnm</span> <span class='ocrx_word' id='word_1_237' title='bbox 513 3619 566 3670; x_wconf 91' lang='lat' dir='ltr'>duo</span> <span class='ocrx_word' id='word_1_238' title='bbox 576 3634 605 3670; x_wconf 88' lang='lat' dir='ltr'>se</span> <span class='ocrx_word' id='word_1_239' title='bbox 615 3620 732 3669; x_wconf 87' lang='lat' dir='ltr'>invicem</span> <span class='ocrx_word' id='word_1_240' title='bbox 744 3622 824 3687; x_wconf 89' lang='lat' dir='ltr'>qnasi</span> 
     </span>
     <span class='ocr_line' id='line_1_44' title="bbox 281 3691 823 3754; baseline -0.006 -11"><span class='ocrx_word' id='word_1_241' title='bbox 281 3696 374 3743; x_wconf 86' lang='lat' dir='ltr'>mutuo</span> <span class='ocrx_word' id='word_1_242' title='bbox 393 3691 559 3740; x_wconf 87' lang='lat' dir='ltr'>sustinerent</span> <span class='ocrx_word' id='word_1_243' title='bbox 580 3692 692 3753; x_wconf 82' lang='lat' dir='ltr'>pontes,</span> <span class='ocrx_word' id='word_1_244' title='bbox 710 3705 823 3754; x_wconf 87' lang='lat' dir='ltr'>quorum</span> 
     </span>
     <span class='ocr_line' id='line_1_45' title="bbox 281 3758 823 3827; baseline -0.004 -15"><span class='ocrx_word' id='word_1_245' title='bbox 281 3762 327 3827; x_wconf 87' lang='lat' dir='ltr'>qui</span> <span class='ocrx_word' id='word_1_246' title='bbox 355 3763 463 3823; x_wconf 82' lang='lat' dir='ltr'>Aegaeo</span> <span class='ocrx_word' id='word_1_247' title='bbox 490 3758 557 3808; x_wconf 87' lang='lat' dir='ltr'>mari</span> <span class='ocrx_word' id='word_1_248' title='bbox 583 3758 713 3809; x_wconf 84' lang='lat' dir='ltr'>obversus</span> <span class='ocrx_word' id='word_1_249' title='bbox 740 3765 823 3822; x_wconf 82' lang='lat' dir='ltr'>esset¹</span> 
     </span>
     <span class='ocr_line' id='line_1_46' title="bbox 281 3827 825 3892; baseline -0.004 -11"><span class='ocrx_word' id='word_1_250' title='bbox 281 3829 430 3881; x_wconf 90' lang='lat' dir='ltr'>maioribus</span> <span class='ocrx_word' id='word_1_251' title='bbox 450 3828 514 3878; x_wconf 89' lang='lat' dir='ltr'>hinc</span> <span class='ocrx_word' id='word_1_252' title='bbox 532 3828 651 3892; x_wconf 77' lang='lat' dir='ltr'>navigiis</span> <span class='ocrx_word' id='word_1_253' title='bbox 667 3827 765 3879; x_wconf 86' lang='lat' dir='ltr'>confici</span> <span class='ocrx_word' id='word_1_254' title='bbox 779 3830 825 3879; x_wconf 87' lang='lat' dir='ltr'>de-</span> 
     </span>
     <span class='ocr_line' id='line_1_47' title="bbox 281 3899 824 3963; baseline -0.004 -12"><span class='ocrx_word' id='word_1_255' title='bbox 281 3900 373 3951; x_wconf 83' lang='lat' dir='ltr'>buisse</span> <span class='ocrx_word' id='word_1_256' title='bbox 388 3902 467 3963; x_wconf 87' lang='lat' dir='ltr'>putat</span> <span class='ocrx_word' id='word_1_257' title='bbox 480 3913 560 3960; x_wconf 88' lang='lat' dir='ltr'>qnam</span> <span class='ocrx_word' id='word_1_258' title='bbox 574 3899 620 3963; x_wconf 87' lang='lat' dir='ltr'>qui</span> <span class='ocrx_word' id='word_1_259' title='bbox 635 3899 750 3949; x_wconf 88' lang='lat' dir='ltr'>Pontum</span> <span class='ocrx_word' id='word_1_260' title='bbox 764 3914 824 3963; x_wconf 87' lang='lat' dir='ltr'>ape·</span> 
     </span>
     <span class='ocr_line' id='line_1_48' title="bbox 282 3968 824 4034; baseline -0.006 -14"><span class='ocrx_word' id='word_1_261' title='bbox 282 3973 378 4020; x_wconf 87' lang='lat' dir='ltr'>ctaret.</span> <span class='ocrx_word' id='word_1_262' title='bbox 409 3968 541 4034; x_wconf 85' lang='lat' dir='ltr'>Equidem</span> <span class='ocrx_word' id='word_1_263' title='bbox 559 3984 576 4017; x_wconf 85' lang='lat' dir='ltr'>a</span> <span class='ocrx_word' id='word_1_264' title='bbox 598 3968 657 4017; x_wconf 81' lang='lat' dir='ltr'>viro</span> <span class='ocrx_word' id='word_1_265' title='bbox 679 3969 759 4020; x_wconf 90' lang='lat' dir='ltr'>docto</span> <span class='ocrx_word' id='word_1_266' title='bbox 783 3970 824 4017; x_wconf 92' lang='lat' dir='ltr'>ita</span> 
     </span>
     <span class='ocr_line' id='line_1_49' title="bbox 280 4038 822 4103; baseline -0.004 -13"><span class='ocrx_word' id='word_1_267' title='bbox 280 4039 429 4101; x_wconf 83' lang='lat' dir='ltr'>dissentio,</span> <span class='ocrx_word' id='word_1_268' title='bbox 447 4042 479 4088; x_wconf 86' lang='lat' dir='ltr'>nt</span> <span class='ocrx_word' id='word_1_269' title='bbox 496 4053 555 4089; x_wconf 91' lang='lat' dir='ltr'>eum</span> <span class='ocrx_word' id='word_1_270' title='bbox 575 4043 698 4103; x_wconf 80' lang='lat' dir='ltr'>pontem,</span> <span class='ocrx_word' id='word_1_271' title='bbox 722 4039 768 4103; x_wconf 90' lang='lat' dir='ltr'>qui</span> <span class='ocrx_word' id='word_1_272' title='bbox 786 4038 822 4088; x_wconf 90' lang='lat' dir='ltr'>ad</span> 
     </span>
     <span class='ocr_line' id='line_1_50' title="bbox 279 4108 821 4173; baseline -0.006 -13"><span class='ocrx_word' id='word_1_273' title='bbox 279 4110 394 4160; x_wconf 86' lang='lat' dir='ltr'>Pontum</span> <span class='ocrx_word' id='word_1_274' title='bbox 417 4126 439 4159; x_wconf 85' lang='lat' dir='ltr'>s.</span> <span class='ocrx_word' id='word_1_275' title='bbox 456 4109 649 4173; x_wconf 87' lang='lat' dir='ltr'>Propontidem</span> <span class='ocrx_word' id='word_1_276' title='bbox 670 4108 821 4171; x_wconf 77' lang='lat' dir='ltr'>spectabat,</span> 
     </span>
     <span class='ocr_line' id='line_1_51' title="bbox 280 4177 821 4246; baseline -0.008 -17"><span class='ocrx_word' id='word_1_277' title='bbox 280 4179 426 4246; x_wconf 80' lang='lat' dir='ltr'>maioribus</span> <span class='ocrx_word' id='word_1_278' title='bbox 439 4194 472 4229; x_wconf 87' lang='lat' dir='ltr'>nc</span> <span class='ocrx_word' id='word_1_279' title='bbox 485 4193 596 4230; x_wconf 89' lang='lat' dir='ltr'>numero</span> <span class='ocrx_word' id='word_1_280' title='bbox 611 4177 731 4243; x_wconf 91' lang='lat' dir='ltr'>pluribus</span> <span class='ocrx_word' id='word_1_281' title='bbox 745 4178 821 4226; x_wconf 87' lang='lat' dir='ltr'>nari-</span> 
     </span>
     <span class='ocr_line' id='line_1_52' title="bbox 279 4247 820 4309; baseline -0.007 -10"><span class='ocrx_word' id='word_1_282' title='bbox 279 4250 330 4299; x_wconf 88' lang='lat' dir='ltr'>bus</span> <span class='ocrx_word' id='word_1_283' title='bbox 356 4254 545 4300; x_wconf 89' lang='lat' dir='ltr'>constructum</span> <span class='ocrx_word' id='word_1_284' title='bbox 572 4263 632 4299; x_wconf 87' lang='lat' dir='ltr'>esse</span> <span class='ocrx_word' id='word_1_285' title='bbox 658 4247 820 4309; x_wconf 84' lang='lat' dir='ltr'>existimem,</span> 
     </span>
     <span class='ocr_line' id='line_1_53' title="bbox 280 4316 821 4369; baseline -0.004 -1"><span class='ocrx_word' id='word_1_286' title='bbox 280 4335 340 4368; x_wconf 92' lang='lat' dir='ltr'>cum</span> <span class='ocrx_word' id='word_1_287' title='bbox 354 4320 483 4369; x_wconf 88' lang='lat' dir='ltr'>maiorem</span> <span class='ocrx_word' id='word_1_288' title='bbox 495 4320 625 4368; x_wconf 85' lang='lat' dir='ltr'>fluctuum</span> <span class='ocrx_word' id='word_1_289' title='bbox 637 4316 691 4365; x_wconf 85' lang='lat' dir='ltr'>vim</span> <span class='ocrx_word' id='word_1_290' title='bbox 703 4317 821 4366; x_wconf 83' lang='lat' dir='ltr'>sustine·</span> 
     </span>
     <span class='ocr_line' id='line_1_54' title="bbox 279 4384 822 4452; baseline -0.004 -15"><span class='ocrx_word' id='word_1_291' title='bbox 279 4393 330 4446; x_wconf 73' lang='grc' dir='ltr'><strong><em>τοι,</em></strong></span> <span class='ocrx_word' id='word_1_292' title='bbox 349 4404 430 4452; x_wconf 88' lang='lat' dir='ltr'>quam</span> <span class='ocrx_word' id='word_1_293' title='bbox 443 4389 557 4438; x_wconf 84' lang='lat' dir='ltr'>alterurn</span> <span class='ocrx_word' id='word_1_294' title='bbox 569 4391 678 4451; x_wconf 90' lang='lat' dir='ltr'>pontem</span> <span class='ocrx_word' id='word_1_295' title='bbox 690 4384 761 4434; x_wconf 88' lang='lat' dir='ltr'>infra</span> <span class='ocrx_word' id='word_1_296' title='bbox 775 4400 822 4449; x_wconf 91' lang='lat' dir='ltr'>po·</span> 
     </span>
     <span class='ocr_line' id='line_1_55' title="bbox 210 4457 821 4523; baseline -0.017 -9"><span class='ocrx_word' id='word_1_297' title='bbox 210 4503 216 4514; x_wconf 90' lang='lat'><strong>.</strong></span> <span class='ocrx_word' id='word_1_298' title='bbox 252 4491 256 4500; x_wconf 86' lang='lat'><em>.</em></span> <span class='ocrx_word' id='word_1_299' title='bbox 279 4458 361 4511; x_wconf 88' lang='lat' dir='ltr'>situm</span> <span class='ocrx_word' id='word_1_300' title='bbox 372 4463 400 4508; x_wconf 88' lang='lat' dir='ltr'>et</span> <span class='ocrx_word' id='word_1_301' title='bbox 414 4459 449 4508; x_wconf 90' lang='lat' dir='ltr'>ad</span> <span class='ocrx_word' id='word_1_302' title='bbox 462 4458 597 4523; x_wconf 79' lang='lat' dir='ltr'>Aegaeum</span> <span class='ocrx_word' id='word_1_303' title='bbox 609 4468 681 4504; x_wconf 86' lang='lat' dir='ltr'>mare</span> <span class='ocrx_word' id='word_1_304' title='bbox 694 4457 821 4518; x_wconf 85' lang='lat' dir='ltr'>spectau-</span> 
     </span>
    </p>
   </div>
   <div class='ocr_carea' id='block_1_6' title="bbox 866 970 1426 4523">
    <p class='ocr_par' dir='ltr' id='par_1_6' title="bbox 866 970 1426 4523">
     <span class='ocr_line' id='line_1_56' title="bbox 876 970 1426 1052; baseline 0 -30"><span class='ocrx_word' id='word_1_305' title='bbox 876 978 947 1051; x_wconf 83' lang='lat' dir='ltr'>tem,</span> <span class='ocrx_word' id='word_1_306' title='bbox 967 974 1002 1024; x_wconf 91' lang='lat' dir='ltr'>ad</span> <span class='ocrx_word' id='word_1_307' title='bbox 1015 989 1097 1052; x_wconf 89' lang='lat' dir='ltr'>quem</span> <span class='ocrx_word' id='word_1_308' title='bbox 1113 974 1247 1025; x_wconf 88' lang='lat' dir='ltr'>Herodoti</span> <span class='ocrx_word' id='word_1_309' title='bbox 1265 970 1392 1025; x_wconf 64' lang='lat' dir='ltr'>rerba*</span> <span class='ocrx_word' id='word_1_310' title='bbox 1375 987 1426 1022; x_wconf 82' lang='grc' dir='ltr'>ινα</span> 
     </span>
     <span class='ocr_line' id='line_1_57' title="bbox 874 1032 1425 1109; baseline -0.002 -19"><span class='ocrx_word' id='word_1_311' title='bbox 874 1033 1041 1109; x_wconf 75' lang='grc' dir='ltr'><strong><em>ανακωηιόη</em></strong></span> <span class='ocrx_word' id='word_1_312' title='bbox 1064 1036 1115 1092; x_wconf 83' lang='grc' dir='ltr'>τόν</span> <span class='ocrx_word' id='word_1_313' title='bbox 1138 1036 1225 1093; x_wconf 83' lang='grc' dir='ltr'><strong><em>τόνον</em></strong></span> <span class='ocrx_word' id='word_1_314' title='bbox 1246 1058 1306 1092; x_wconf 83' lang='grc' dir='ltr'>των</span> <span class='ocrx_word' id='word_1_315' title='bbox 1322 1032 1425 1092; x_wconf 64' lang='lat' dir='ltr'>duro·</span> 
     </span>
     <span class='ocr_line' id='line_1_58' title="bbox 874 1113 1426 1179; baseline -0.002 -17"><span class='ocrx_word' id='word_1_316' title='bbox 874 1115 1026 1177; x_wconf 85' lang='lat' dir='ltr'>pertinent,</span> <span class='ocrx_word' id='word_1_317' title='bbox 1049 1129 1119 1179; x_wconf 87' lang='lat' dir='ltr'>quae</span> <span class='ocrx_word' id='word_1_318' title='bbox 1132 1113 1211 1164; x_wconf 87' lang='lat' dir='ltr'>valde</span> <span class='ocrx_word' id='word_1_319' title='bbox 1228 1115 1348 1164; x_wconf 83' lang='lat' dir='ltr'>obscura</span> <span class='ocrx_word' id='word_1_320' title='bbox 1363 1128 1426 1162; x_wconf 79' lang='lat' dir='ltr'>erse</span> 
     </span>
     <span class='ocr_line' id='line_1_59' title="bbox 874 1183 1423 1248; baseline -0.002 -16"><span class='ocrx_word' id='word_1_321' title='bbox 874 1188 1038 1248; x_wconf 83' lang='lat' dir='ltr'>conquestus</span> <span class='ocrx_word' id='word_1_322' title='bbox 1062 1190 1105 1234; x_wconf 88' lang='lat' dir='ltr'>est</span> <span class='ocrx_word' id='word_1_323' title='bbox 1122 1185 1193 1233; x_wconf 81' lang='lat' dir='ltr'>Kraz</span> <span class='ocrx_word' id='word_1_324' title='bbox 1216 1184 1235 1236; x_wconf 88' lang='lat'>1.</span> <span class='ocrx_word' id='word_1_325' title='bbox 1252 1183 1271 1233; x_wconf 91' lang='lat' dir='ltr'>l.</span> <span class='ocrx_word' id='word_1_326' title='bbox 1290 1199 1356 1248; x_wconf 82' lang='lat' dir='ltr'>pag.</span> <span class='ocrx_word' id='word_1_327' title='bbox 1381 1183 1423 1244; x_wconf 83' lang='lat' dir='ltr'>lo,</span> 
     </span>
     <span class='ocr_line' id='line_1_60' title="bbox 877 1254 1425 1318; baseline -0.004 -16"><span class='ocrx_word' id='word_1_328' title='bbox 877 1268 946 1317; x_wconf 86' lang='lat' dir='ltr'>quae</span> <span class='ocrx_word' id='word_1_329' title='bbox 963 1258 1053 1302; x_wconf 85' lang='lat' dir='ltr'>autern</span> <span class='ocrx_word' id='word_1_330' title='bbox 1074 1254 1134 1303; x_wconf 76' lang='lat' dir='ltr'>met</span> <span class='ocrx_word' id='word_1_331' title='bbox 1150 1254 1258 1318; x_wconf 86' lang='lat' dir='ltr'>quidem</span> <span class='ocrx_word' id='word_1_332' title='bbox 1281 1254 1425 1303; x_wconf 77' lang='lat' dir='ltr'>sententia</span> 
     </span>
     <span class='ocr_line' id='line_1_61' title="bbox 874 1321 1425 1388; baseline 0.002 -17"><span class='ocrx_word' id='word_1_333' title='bbox 874 1321 955 1373; x_wconf 89' lang='lat' dir='ltr'>aliter</span> <span class='ocrx_word' id='word_1_334' title='bbox 972 1337 1006 1373; x_wconf 89' lang='lat' dir='ltr'>ac</span> <span class='ocrx_word' id='word_1_335' title='bbox 1022 1338 1106 1388; x_wconf 89' lang='lat' dir='ltr'>supra</span> <span class='ocrx_word' id='word_1_336' title='bbox 1124 1323 1245 1373; x_wconf 82' lang='lat' dir='ltr'>indicavi</span> <span class='ocrx_word' id='word_1_337' title='bbox 1262 1324 1358 1386; x_wconf 88' lang='lat' dir='ltr'>accipi</span> <span class='ocrx_word' id='word_1_338' title='bbox 1379 1338 1425 1372; x_wconf 87' lang='lat' dir='ltr'>ne-</span> 
     </span>
     <span class='ocr_line' id='line_1_62' title="bbox 876 1391 1425 1456; baseline -0.002 -14"><span class='ocrx_word' id='word_1_339' title='bbox 876 1394 1047 1456; x_wconf 89' lang='lat' dir='ltr'>quennt.1n</span> <span class='ocrx_word' id='word_1_340' title='bbox 1062 1391 1185 1443; x_wconf 86' lang='lat' dir='ltr'>clausula</span> <span class='ocrx_word' id='word_1_341' title='bbox 1195 1391 1296 1442; x_wconf 87' lang='lat' dir='ltr'>addam</span> <span class='ocrx_word' id='word_1_342' title='bbox 1307 1394 1331 1442; x_wconf 85' lang='grc'>1</span> <span class='ocrx_word' id='word_1_343' title='bbox 1333 1392 1425 1442; x_wconf 89' lang='lat' dir='ltr'>olardi</span> 
     </span>
     <span class='ocr_line' id='line_1_63' title="bbox 876 1448 1424 1512; baseline -0.004 0"><span class='ocrx_word' id='word_1_344' title='bbox 876 1462 1039 1512; x_wconf 86' lang='lat' dir='ltr'>sententiam</span> <span class='ocrx_word' id='word_1_345' title='bbox 1051 1461 1184 1512; x_wconf 86' lang='lat' dir='ltr'>Herodoti</span> <span class='ocrx_word' id='word_1_346' title='bbox 1192 1448 1264 1512; x_wconf 80' lang='lat' dir='ltr'>bunc</span> <span class='ocrx_word' id='word_1_347' title='bbox 1276 1462 1389 1511; x_wconf 89' lang='lat' dir='ltr'>locnm&#39;</span> <span class='ocrx_word' id='word_1_348' title='bbox 1382 1472 1424 1510; x_wconf 81' lang='lat' dir='ltr'>rra</span> 
     </span>
     <span class='ocr_line' id='line_1_64' title="bbox 877 1530 1422 1594; baseline 0 -14"><span class='ocrx_word' id='word_1_349' title='bbox 877 1530 981 1582; x_wconf 81' lang='lat' dir='ltr'>Gallice</span> <span class='ocrx_word' id='word_1_350' title='bbox 999 1532 1186 1594; x_wconf 87' lang='lat' dir='ltr'>reddentis:,</span> <span class='ocrx_word' id='word_1_351' title='bbox 1189 1530 1242 1592; x_wconf 83' lang='lat' dir='ltr'>‚Ila</span> <span class='ocrx_word' id='word_1_352' title='bbox 1263 1532 1367 1581; x_wconf 76' lang='lat' dir='ltr'>micent</span> <span class='ocrx_word' id='word_1_353' title='bbox 1387 1547 1422 1580; x_wconf 86' lang='lat' dir='ltr'>en</span> 
     </span>
     <span class='ocr_line' id='line_1_65' title="bbox 877 1601 1424 1652; baseline 0.002 -2"><span class='ocrx_word' id='word_1_354' title='bbox 877 1605 982 1650; x_wconf 82' lang='lat' dir='ltr'>trevere</span> <span class='ocrx_word' id='word_1_355' title='bbox 1011 1603 1078 1652; x_wconf 89' lang='lat' dir='ltr'>trois</span> <span class='ocrx_word' id='word_1_356' title='bbox 1104 1607 1166 1652; x_wconf 87' lang='lat' dir='ltr'>cent</span> <span class='ocrx_word' id='word_1_357' title='bbox 1190 1601 1319 1652; x_wconf 82' lang='lat' dir='ltr'>soixante</span> <span class='ocrx_word' id='word_1_358' title='bbox 1349 1602 1424 1651; x_wconf 85' lang='lat' dir='ltr'>vais-</span> 
     </span>
     <span class='ocr_line' id='line_1_66' title="bbox 876 1670 1422 1734; baseline -0.002 -14"><span class='ocrx_word' id='word_1_359' title='bbox 876 1684 973 1734; x_wconf 82' lang='lat' dir='ltr'>seanx,</span> <span class='ocrx_word' id='word_1_360' title='bbox 996 1671 1064 1720; x_wconf 90' lang='lat' dir='ltr'>dont</span> <span class='ocrx_word' id='word_1_361' title='bbox 1083 1670 1121 1722; x_wconf 90' lang='lat' dir='ltr'>les</span> <span class='ocrx_word' id='word_1_362' title='bbox 1139 1672 1224 1721; x_wconf 75' lang='lat' dir='ltr'>flanos</span> <span class='ocrx_word' id='word_1_363' title='bbox 1242 1670 1422 1733; x_wconf 72' lang='lat' dir='ltr'>regardaient</span> 
     </span>
     <span class='ocr_line' id='line_1_67' title="bbox 875 1739 1421 1805; baseline -0.002 -16"><span class='ocrx_word' id='word_1_364' title='bbox 875 1739 901 1790; x_wconf 89' lang='lat' dir='ltr'>le</span> <span class='ocrx_word' id='word_1_365' title='bbox 918 1740 1106 1804; x_wconf 74' lang='lat' dir='ltr'>Pom-Buxio,</span> <span class='ocrx_word' id='word_1_366' title='bbox 1129 1748 1157 1792; x_wconf 89' lang='lat' dir='ltr'>et</span> <span class='ocrx_word' id='word_1_367' title='bbox 1175 1742 1211 1790; x_wconf 92' lang='lat' dir='ltr'>dn</span> <span class='ocrx_word' id='word_1_368' title='bbox 1226 1740 1288 1791; x_wconf 74' lang='lat' dir='ltr'>cote</span> <span class='ocrx_word' id='word_1_369' title='bbox 1309 1741 1359 1805; x_wconf 88' lang='lat' dir='ltr'>qui</span> <span class='ocrx_word' id='word_1_370' title='bbox 1379 1756 1421 1789; x_wconf 85' lang='lat' dir='ltr'>re-</span> 
     </span>
     <span class='ocr_line' id='line_1_68' title="bbox 875 1809 1421 1876; baseline 0.002 -19"><span class='ocrx_word' id='word_1_371' title='bbox 875 1810 943 1874; x_wconf 78' lang='lat' dir='ltr'>gard</span> <span class='ocrx_word' id='word_1_372' title='bbox 956 1809 1136 1876; x_wconf 86' lang='lat' dir='ltr'>l&#39;He&#39;llespont</span> <span class='ocrx_word' id='word_1_373' title='bbox 1146 1810 1180 1859; x_wconf 88' lang='lat' dir='ltr'>ils</span> <span class='ocrx_word' id='word_1_374' title='bbox 1192 1826 1225 1860; x_wconf 91' lang='lat' dir='ltr'>en</span> <span class='ocrx_word' id='word_1_375' title='bbox 1236 1811 1337 1860; x_wconf 80' lang='lat' dir='ltr'>unirent</span> <span class='ocrx_word' id='word_1_376' title='bbox 1353 1813 1421 1858; x_wconf 83' lang='lat' dir='ltr'>troia</span> 
     </span>
     <span class='ocr_line' id='line_1_69' title="bbox 875 1878 1420 1944; baseline 0 -15"><span class='ocrx_word' id='word_1_377' title='bbox 875 1883 939 1929; x_wconf 91' lang='lat' dir='ltr'>cent</span> <span class='ocrx_word' id='word_1_378' title='bbox 958 1880 1082 1944; x_wconf 84' lang='lat' dir='ltr'>diapose&#39;s</span> <span class='ocrx_word' id='word_1_379' title='bbox 1096 1896 1129 1931; x_wconf 90' lang='lat' dir='ltr'>en</span> <span class='ocrx_word' id='word_1_380' title='bbox 1147 1880 1295 1944; x_wconf 76' lang='lat' dir='ltr'>piramide,</span> <span class='ocrx_word' id='word_1_381' title='bbox 1316 1878 1373 1930; x_wconf 83' lang='lat' dir='ltr'>afiu</span> <span class='ocrx_word' id='word_1_382' title='bbox 1387 1880 1420 1929; x_wconf 90' lang='lat' dir='ltr'>de</span> 
     </span>
     <span class='ocr_line' id='line_1_70' title="bbox 876 1948 1420 2014; baseline 0 -17"><span class='ocrx_word' id='word_1_383' title='bbox 876 1964 983 2014; x_wconf 87' lang='lat' dir='ltr'>rompre</span> <span class='ocrx_word' id='word_1_384' title='bbox 1001 1948 1027 1999; x_wconf 91' lang='lat' dir='ltr'>le</span> <span class='ocrx_word' id='word_1_385' title='bbox 1045 1957 1158 2000; x_wconf 82' lang='lat' dir='ltr'>coursut</span> <span class='ocrx_word' id='word_1_386' title='bbox 1175 1949 1208 1999; x_wconf 89' lang='lat' dir='ltr'>de</span> <span class='ocrx_word' id='word_1_387' title='bbox 1225 1950 1299 1999; x_wconf 86' lang='lat' dir='ltr'>l&#39;ean</span> <span class='ocrx_word' id='word_1_388' title='bbox 1323 1956 1352 1999; x_wconf 90' lang='lat' dir='ltr'>et</span> <span class='ocrx_word' id='word_1_389' title='bbox 1369 1965 1420 2014; x_wconf 87' lang='lat' dir='ltr'>que</span> 
     </span>
     <span class='ocr_line' id='line_1_71' title="bbox 866 2012 1419 2084; baseline -0.002 -16"><span class='ocrx_word' id='word_1_390' title='bbox 866 2012 915 2068; x_wconf 75' lang='lat' dir='ltr'>&#39;les</span> <span class='ocrx_word' id='word_1_391' title='bbox 932 2018 1064 2084; x_wconf 77' lang='lat' dir='ltr'>cordages</span> <span class='ocrx_word' id='word_1_392' title='bbox 1082 2024 1193 2070; x_wconf 86' lang='lat' dir='ltr'>eusseut</span> <span class='ocrx_word' id='word_1_393' title='bbox 1210 2018 1271 2084; x_wconf 90' lang='lat' dir='ltr'>plus</span> <span class='ocrx_word' id='word_1_394' title='bbox 1289 2019 1323 2070; x_wconf 93' lang='lat' dir='ltr'>de</span> <span class='ocrx_word' id='word_1_395' title='bbox 1345 2019 1419 2069; x_wconf 82' lang='lat' dir='ltr'>iorce</span> 
     </span>
     <span class='ocr_line' id='line_1_72' title="bbox 875 2087 1420 2154; baseline -0.004 -15"><span class='ocrx_word' id='word_1_396' title='bbox 875 2087 1103 2153; x_wconf 53' lang='lat' dir='ltr'>pourre&#39;sister‘q</span> <span class='ocrx_word' id='word_1_397' title='bbox 1122 2091 1265 2154; x_wconf 85' lang='lat' dir='ltr'>inquibus</span> <span class='ocrx_word' id='word_1_398' title='bbox 1282 2089 1358 2154; x_wconf 88' lang='lat' dir='ltr'>quod</span> <span class='ocrx_word' id='word_1_399' title='bbox 1375 2090 1420 2137; x_wconf 87' lang='lat' dir='ltr'>sni</span> 
     </span>
     <span class='ocr_line' id='line_1_73' title="bbox 876 2159 1420 2226; baseline -0.002 -18"><span class='ocrx_word' id='word_1_400' title='bbox 876 2173 926 2209; x_wconf 89' lang='lat' dir='ltr'>nus</span> <span class='ocrx_word' id='word_1_401' title='bbox 939 2164 1067 2210; x_wconf 84' lang='lat' dir='ltr'>accurate</span> <span class='ocrx_word' id='word_1_402' title='bbox 1077 2162 1218 2226; x_wconf 74' lang='grc' dir='ltr'><strong><em>ρηναιιίιίἱι</em></strong></span> <span class='ocrx_word' id='word_1_403' title='bbox 1229 2176 1283 2210; x_wconf 85' lang='lat' dir='ltr'>vox</span> <span class='ocrx_word' id='word_1_404' title='bbox 1297 2159 1420 2209; x_wconf 88' lang='lat' dir='ltr'>adhibita</span> 
     </span>
     <span class='ocr_line' id='line_1_74' title="bbox 877 2228 1419 2292; baseline -0.002 -13"><span class='ocrx_word' id='word_1_405' title='bbox 877 2233 933 2292; x_wconf 84' lang='lat' dir='ltr'>est,</span> <span class='ocrx_word' id='word_1_406' title='bbox 953 2228 1021 2280; x_wconf 91' lang='lat' dir='ltr'>haec</span> <span class='ocrx_word' id='word_1_407' title='bbox 1038 2229 1082 2280; x_wconf 91' lang='lat' dir='ltr'>ille</span> <span class='ocrx_word' id='word_1_408' title='bbox 1104 2229 1232 2280; x_wconf 88' lang='lat' dir='ltr'>adnotat:</span> <span class='ocrx_word' id='word_1_409' title='bbox 1259 2229 1419 2290; x_wconf 79' lang='lat' dir='ltr'>„Herodoto</span> 
     </span>
     <span class='ocr_line' id='line_1_75' title="bbox 876 2298 1419 2364; baseline 0.002 -18"><span class='ocrx_word' id='word_1_410' title='bbox 876 2298 1013 2349; x_wconf 81' lang='lat' dir='ltr'>veutdire</span> <span class='ocrx_word' id='word_1_411' title='bbox 1035 2315 1086 2364; x_wconf 90' lang='lat' dir='ltr'>que</span> <span class='ocrx_word' id='word_1_412' title='bbox 1101 2299 1128 2349; x_wconf 88' lang='lat' dir='ltr'>la</span> <span class='ocrx_word' id='word_1_413' title='bbox 1139 2299 1231 2363; x_wconf 75' lang='lat' dir='ltr'>&#39;ligure</span> <span class='ocrx_word' id='word_1_414' title='bbox 1253 2300 1287 2349; x_wconf 89' lang='lat' dir='ltr'>de</span> <span class='ocrx_word' id='word_1_415' title='bbox 1306 2305 1419 2363; x_wconf 77' lang='lat' dir='ltr'>tepent</span> 
     </span>
     <span class='ocr_line' id='line_1_76' title="bbox 877 2366 1419 2433; baseline 0.002 -16"><span class='ocrx_word' id='word_1_416' title='bbox 877 2366 945 2417; x_wconf 75' lang='lat' dir='ltr'>erait</span> <span class='ocrx_word' id='word_1_417' title='bbox 965 2368 1143 2433; x_wconf 83' lang='lat' dir='ltr'>triangulaire</span> <span class='ocrx_word' id='word_1_418' title='bbox 1161 2368 1197 2419; x_wconf 92' lang='lat' dir='ltr'>du</span> <span class='ocrx_word' id='word_1_419' title='bbox 1216 2368 1277 2419; x_wconf 80' lang='lat' dir='ltr'>cote&#39;</span> <span class='ocrx_word' id='word_1_420' title='bbox 1300 2368 1336 2418; x_wconf 85' lang='lat' dir='ltr'>du</span> <span class='ocrx_word' id='word_1_421' title='bbox 1357 2385 1419 2418; x_wconf 87' lang='lat' dir='ltr'>cou-</span> 
     </span>
     <span class='ocr_line' id='line_1_77' title="bbox 875 2437 1418 2503; baseline 0.002 -17"><span class='ocrx_word' id='word_1_422' title='bbox 875 2443 938 2487; x_wconf 89' lang='lat' dir='ltr'>rant</span> <span class='ocrx_word' id='word_1_423' title='bbox 951 2438 995 2503; x_wconf 89' lang='lat' dir='ltr'>qui</span> <span class='ocrx_word' id='word_1_424' title='bbox 1012 2443 1069 2488; x_wconf 89' lang='lat' dir='ltr'>sort</span> <span class='ocrx_word' id='word_1_425' title='bbox 1084 2439 1116 2489; x_wconf 90' lang='lat' dir='ltr'>de</span> <span class='ocrx_word' id='word_1_426' title='bbox 1130 2438 1156 2487; x_wconf 84' lang='lat' dir='ltr'>la</span> <span class='ocrx_word' id='word_1_427' title='bbox 1169 2453 1225 2488; x_wconf 89' lang='lat' dir='ltr'>mer</span> <span class='ocrx_word' id='word_1_428' title='bbox 1237 2437 1274 2487; x_wconf 86' lang='lat' dir='ltr'>du</span> <span class='ocrx_word' id='word_1_429' title='bbox 1282 2438 1369 2487; x_wconf 90' lang='lat' dir='ltr'>Pont:</span> <span class='ocrx_word' id='word_1_430' title='bbox 1389 2454 1418 2487; x_wconf 91' lang='lat' dir='ltr'>or</span> 
     </span>
     <span class='ocr_line' id='line_1_78' title="bbox 875 2506 1416 2572; baseline -0.002 -14"><span class='ocrx_word' id='word_1_431' title='bbox 875 2513 948 2558; x_wconf 84' lang='lat' dir='ltr'>cette</span> <span class='ocrx_word' id='word_1_432' title='bbox 962 2508 1048 2572; x_wconf 82' lang='lat' dir='ltr'>figure</span> <span class='ocrx_word' id='word_1_433' title='bbox 1059 2513 1101 2557; x_wconf 88' lang='lat' dir='ltr'>est</span> <span class='ocrx_word' id='word_1_434' title='bbox 1112 2506 1188 2571; x_wconf 87' lang='lat' dir='ltr'>celle,</span> <span class='ocrx_word' id='word_1_435' title='bbox 1203 2507 1248 2571; x_wconf 90' lang='lat' dir='ltr'>qni</span> <span class='ocrx_word' id='word_1_436' title='bbox 1263 2513 1307 2556; x_wconf 88' lang='lat' dir='ltr'>est</span> <span class='ocrx_word' id='word_1_437' title='bbox 1319 2507 1345 2556; x_wconf 92' lang='lat' dir='ltr'>la</span> <span class='ocrx_word' id='word_1_438' title='bbox 1357 2508 1416 2571; x_wconf 91' lang='lat' dir='ltr'>plns</span> 
     </span>
     <span class='ocr_line' id='line_1_79' title="bbox 875 2576 1416 2643; baseline -0.006 -14"><span class='ocrx_word' id='word_1_439' title='bbox 875 2593 973 2643; x_wconf 89' lang='lat' dir='ltr'>propre</span> <span class='ocrx_word' id='word_1_440' title='bbox 992 2594 1059 2642; x_wconf 91' lang='lat' dir='ltr'>pour</span> <span class='ocrx_word' id='word_1_441' title='bbox 1077 2576 1189 2628; x_wconf 73' lang='lat' dir='ltr'>resistes</span> <span class='ocrx_word' id='word_1_442' title='bbox 1203 2580 1298 2628; x_wconf 86' lang='lat' dir='ltr'>contre</span> <span class='ocrx_word' id='word_1_443' title='bbox 1317 2576 1416 2627; x_wconf 79' lang='lat' dir='ltr'>l’effort</span> 
     </span>
     <span class='ocr_line' id='line_1_80' title="bbox 875 2647 1416 2712; baseline -0.002 -14"><span class='ocrx_word' id='word_1_444' title='bbox 875 2649 911 2698; x_wconf 93' lang='lat' dir='ltr'>du</span> <span class='ocrx_word' id='word_1_445' title='bbox 932 2653 1047 2698; x_wconf 89' lang='lat' dir='ltr'>conrant</span> <span class='ocrx_word' id='word_1_446' title='bbox 1066 2653 1093 2697; x_wconf 86' lang='lat' dir='ltr'>et</span> <span class='ocrx_word' id='word_1_447' title='bbox 1109 2652 1177 2698; x_wconf 85' lang='lat' dir='ltr'>e’est</span> <span class='ocrx_word' id='word_1_448' title='bbox 1196 2647 1282 2707; x_wconf 79' lang='lat' dir='ltr'>ainsi,</span> <span class='ocrx_word' id='word_1_449' title='bbox 1305 2662 1360 2712; x_wconf 89' lang='lat' dir='ltr'>que</span> <span class='ocrx_word' id='word_1_450' title='bbox 1379 2648 1416 2698; x_wconf 86' lang='lat' dir='ltr'>les</span> 
     </span>
     <span class='ocr_line' id='line_1_81' title="bbox 874 2716 1417 2781; baseline 0.002 -15"><span class='ocrx_word' id='word_1_451' title='bbox 874 2722 955 2781; x_wconf 89' lang='lat' dir='ltr'>ponta</span> <span class='ocrx_word' id='word_1_452' title='bbox 971 2717 1004 2766; x_wconf 91' lang='lat' dir='ltr'>de</span> <span class='ocrx_word' id='word_1_453' title='bbox 1018 2716 1136 2767; x_wconf 81' lang='lat' dir='ltr'>bateaux</span> <span class='ocrx_word' id='word_1_454' title='bbox 1146 2718 1297 2767; x_wconf 82' lang='lat' dir='ltr'>construite</span> <span class='ocrx_word' id='word_1_455' title='bbox 1312 2733 1358 2766; x_wconf 93' lang='lat' dir='ltr'>sur</span> <span class='ocrx_word' id='word_1_456' title='bbox 1370 2717 1417 2767; x_wconf 87' lang='lat' dir='ltr'>des</span> 
     </span>
     <span class='ocr_line' id='line_1_82' title="bbox 875 2785 1417 2851; baseline 0 -14"><span class='ocrx_word' id='word_1_457' title='bbox 875 2790 975 2837; x_wconf 82' lang='lat' dir='ltr'>flenves</span> <span class='ocrx_word' id='word_1_458' title='bbox 1001 2786 1111 2851; x_wconf 78' lang='lat' dir='ltr'>rapidos</span> <span class='ocrx_word' id='word_1_459' title='bbox 1137 2791 1165 2837; x_wconf 90' lang='lat' dir='ltr'>et</span> <span class='ocrx_word' id='word_1_460' title='bbox 1192 2785 1348 2850; x_wconf 78' lang='lat' dir='ltr'>impetueux</span> <span class='ocrx_word' id='word_1_461' title='bbox 1373 2787 1417 2837; x_wconf 90' lang='lat' dir='ltr'>de·</span> 
     </span>
     <span class='ocr_line' id='line_1_83' title="bbox 873 2856 1417 2908; baseline 0 -2"><span class='ocrx_word' id='word_1_462' title='bbox 873 2858 981 2907; x_wconf 86' lang='lat' dir='ltr'>rraient</span> <span class='ocrx_word' id='word_1_463' title='bbox 993 2856 1051 2907; x_wconf 76' lang='lat' dir='ltr'>btre</span> <span class='ocrx_word' id='word_1_464' title='bbox 1063 2857 1137 2908; x_wconf 82' lang='lat' dir='ltr'>faits.</span> <span class='ocrx_word' id='word_1_465' title='bbox 1154 2856 1231 2908; x_wconf 83' lang='lat' dir='ltr'>Celui</span> <span class='ocrx_word' id='word_1_466' title='bbox 1240 2858 1274 2907; x_wconf 90' lang='lat' dir='ltr'>de</span> <span class='ocrx_word' id='word_1_467' title='bbox 1284 2856 1417 2907; x_wconf 73' lang='lat' dir='ltr'>Cremone</span> 
     </span>
     <span class='ocr_line' id='line_1_84' title="bbox 874 2926 1416 2991; baseline 0.002 -16"><span class='ocrx_word' id='word_1_468' title='bbox 874 2931 917 2991; x_wconf 89' lang='lat' dir='ltr'>qu</span> <span class='ocrx_word' id='word_1_469' title='bbox 920 2942 955 2975; x_wconf 92' lang='lat' dir='ltr'>on</span> <span class='ocrx_word' id='word_1_470' title='bbox 967 2926 998 2975; x_wconf 85' lang='lat' dir='ltr'>fit</span> <span class='ocrx_word' id='word_1_471' title='bbox 1012 2943 1059 2977; x_wconf 88' lang='lat' dir='ltr'>sur</span> <span class='ocrx_word' id='word_1_472' title='bbox 1071 2926 1095 2976; x_wconf 92' lang='lat' dir='ltr'>le</span> <span class='ocrx_word' id='word_1_473' title='bbox 1107 2928 1146 2975; x_wconf 92' lang='lat' dir='ltr'>Po</span> <span class='ocrx_word' id='word_1_474' title='bbox 1158 2942 1191 2976; x_wconf 85' lang='lat' dir='ltr'>cn</span> <span class='ocrx_word' id='word_1_475' title='bbox 1208 2928 1275 2977; x_wconf 72' lang='lat'>1722</span> <span class='ocrx_word' id='word_1_476' title='bbox 1288 2928 1359 2976; x_wconf 75' lang='lat' dir='ltr'>erait</span> <span class='ocrx_word' id='word_1_477' title='bbox 1371 2928 1416 2976; x_wconf 88' lang='lat' dir='ltr'>tri</span> 
     </span>
     <span class='ocr_line' id='line_1_85' title="bbox 874 2994 1102 3060; baseline -0.009 -14"><span class='ocrx_word' id='word_1_478' title='bbox 874 2994 1035 3060; x_wconf 84' lang='lat' dir='ltr'>augulaire“</span> <span class='ocrx_word' id='word_1_479' title='bbox 1051 3002 1102 3046; x_wconf 86' lang='lat' dir='ltr'>etc</span> 
     </span>
     <span class='ocr_line' id='line_1_86' title="bbox 914 3055 1418 3129; baseline 0 -15"><span class='ocrx_word' id='word_1_480' title='bbox 914 3063 971 3114; x_wconf 75' lang='grc' dir='ltr'>τῶν</span> <span class='ocrx_word' id='word_1_481' title='bbox 988 3058 1097 3114; x_wconf 68' lang='grc' dir='ltr'><strong><em>ἔσωθεν</em></strong></span> <span class='ocrx_word' id='word_1_482' title='bbox 1113 3055 1302 3129; x_wconf 69' lang='grc' dir='ltr'><strong><em>ἐκπνεόντων]</em></strong></span> <span class='ocrx_word' id='word_1_483' title='bbox 1326 3081 1363 3116; x_wconf 72' lang='grc' dir='ltr'>ιω</span> <span class='ocrx_word' id='word_1_484' title='bbox 1382 3069 1418 3115; x_wconf 79' lang='lat' dir='ltr'>iu·</span> 
     </span>
     <span class='ocr_line' id='line_1_87' title="bbox 873 3135 1415 3199; baseline -0.002 -14"><span class='ocrx_word' id='word_1_485' title='bbox 873 3139 962 3188; x_wconf 73' lang='lat' dir='ltr'>teriori</span> <span class='ocrx_word' id='word_1_486' title='bbox 973 3135 1080 3198; x_wconf 52' lang='lat' dir='ltr'>marui.</span> <span class='ocrx_word' id='word_1_487' title='bbox 1096 3151 1119 3187; x_wconf 90' lang='lat' dir='ltr'>e</span> <span class='ocrx_word' id='word_1_488' title='bbox 1135 3136 1223 3186; x_wconf 89' lang='lat' dir='ltr'>Ponto</span> <span class='ocrx_word' id='word_1_489' title='bbox 1236 3135 1281 3186; x_wconf 84' lang='lat' dir='ltr'>vel</span> <span class='ocrx_word' id='word_1_490' title='bbox 1293 3139 1387 3199; x_wconf 89' lang='lat' dir='ltr'>potina</span> <span class='ocrx_word' id='word_1_491' title='bbox 1401 3152 1415 3184; x_wconf 90' lang='lat' dir='ltr'>e</span> 
     </span>
     <span class='ocr_line' id='line_1_88' title="bbox 873 3203 1414 3270; baseline -0.002 -16"><span class='ocrx_word' id='word_1_492' title='bbox 873 3203 1052 3270; x_wconf 82' lang='lat' dir='ltr'>Propontide)</span> <span class='ocrx_word' id='word_1_493' title='bbox 1061 3206 1180 3270; x_wconf 78' lang='lat' dir='ltr'>slmztinrn.</span> <span class='ocrx_word' id='word_1_494' title='bbox 1205 3205 1256 3255; x_wconf 90' lang='lat' dir='ltr'>ln</span> <span class='ocrx_word' id='word_1_495' title='bbox 1248 3221 1309 3270; x_wconf 88' lang='lat' dir='ltr'>rpso</span> <span class='ocrx_word' id='word_1_496' title='bbox 1320 3206 1414 3256; x_wconf 79' lang='lat' dir='ltr'>verbo·</span> 
     </span>
     <span class='ocr_line' id='line_1_89' title="bbox 874 3275 1414 3353; baseline 0.006 -30"><span class='ocrx_word' id='word_1_497' title='bbox 874 3290 933 3324; x_wconf 89' lang='lat' dir='ltr'>rum</span> <span class='ocrx_word' id='word_1_498' title='bbox 946 3281 1075 3327; x_wconf 76' lang='lat' dir='ltr'>contextu</span> <span class='ocrx_word' id='word_1_499' title='bbox 1088 3275 1154 3324; x_wconf 89' lang='lat' dir='ltr'>nihil</span> <span class='ocrx_word' id='word_1_500' title='bbox 1167 3276 1326 3353; x_wconf 79' lang='lat' dir='ltr'>mutandum</span> <span class='ocrx_word' id='word_1_501' title='bbox 1341 3276 1414 3326; x_wconf 83' lang='lat' dir='ltr'>vide·</span> 
     </span>
     <span class='ocr_line' id='line_1_90' title="bbox 873 3337 1414 3427; baseline -0.002 -32.973"><span class='ocrx_word' id='word_1_502' title='bbox 873 3350 927 3395; x_wconf 88' lang='lat' dir='ltr'>tor</span> <span class='ocrx_word' id='word_1_503' title='bbox 970 3346 1107 3427; x_wconf 90' lang='lat' dir='ltr'>Namque</span> <span class='ocrx_word' id='word_1_504' title='bbox 1116 3339 1165 3401; x_wconf 83' lang='grc' dir='ltr'>τὰς</span> <span class='ocrx_word' id='word_1_505' title='bbox 1187 3340 1239 3407; x_wconf 75' lang='grc' dir='ltr'>μὲν</span> <span class='ocrx_word' id='word_1_506' title='bbox 1263 3337 1337 3406; x_wconf 83' lang='grc' dir='ltr'>πρός</span> <span class='ocrx_word' id='word_1_507' title='bbox 1364 3342 1414 3394; x_wconf 72' lang='grc' dir='ltr'>τοῦ</span> 
     </span>
     <span class='ocr_line' id='line_1_91' title="bbox 874 3407 1414 3479; baseline 0 -16"><span class='ocrx_word' id='word_1_508' title='bbox 874 3408 1036 3464; x_wconf 78' lang='grc' dir='ltr'><strong><em>Πόντου</em></strong></span> <span class='ocrx_word' id='word_1_509' title='bbox 1000 3431 1051 3478; x_wconf 76' lang='grc' dir='ltr'>της</span> <span class='ocrx_word' id='word_1_510' title='bbox 1065 3407 1159 3476; x_wconf 76' lang='grc' dir='ltr'><strong><em>ἑτέρης</em></strong></span> <span class='ocrx_word' id='word_1_511' title='bbox 1169 3428 1278 3465; x_wconf 79' lang='lat' dir='ltr'>ancorae</span> <span class='ocrx_word' id='word_1_512' title='bbox 1288 3413 1414 3479; x_wconf 77' lang='lat' dir='ltr'>iutelligit</span> 
     </span>
     <span class='ocr_line' id='line_1_92' title="bbox 874 3484 1414 3564; baseline -0.002 -29"><span class='ocrx_word' id='word_1_513' title='bbox 874 3485 986 3535; x_wconf 87' lang='lat' dir='ltr'>alterius</span> <span class='ocrx_word' id='word_1_514' title='bbox 1011 3486 1101 3564; x_wconf 87' lang='lat' dir='ltr'>pontis</span> <span class='ocrx_word' id='word_1_515' title='bbox 1126 3484 1213 3533; x_wconf 89' lang='lat' dir='ltr'>Ponto</span> <span class='ocrx_word' id='word_1_516' title='bbox 1237 3484 1346 3534; x_wconf 78' lang='grc' dir='ltr'><strong><em>Ειιιίιιο</em></strong></span> <span class='ocrx_word' id='word_1_517' title='bbox 1370 3484 1414 3534; x_wconf 89' lang='lat' dir='ltr'>ob·</span> 
     </span>
     <span class='ocr_line' id='line_1_93' title="bbox 874 3543 1413 3617; baseline -0.004 -14"><span class='ocrx_word' id='word_1_518' title='bbox 874 3555 959 3616; x_wconf 70' lang='lat' dir='ltr'>tersi,</span> <span class='ocrx_word' id='word_1_519' title='bbox 975 3552 1025 3616; x_wconf 76' lang='grc' dir='ltr'>τῆς</span> <span class='ocrx_word' id='word_1_520' title='bbox 1038 3547 1068 3602; x_wconf 77' lang='lat' dir='ltr'>el</span> <span class='ocrx_word' id='word_1_521' title='bbox 1080 3543 1175 3617; x_wconf 77' lang='grc' dir='ltr'><strong><em>ἑτέρης</em></strong></span> <span class='ocrx_word' id='word_1_522' title='bbox 1187 3553 1238 3617; x_wconf 76' lang='grc' dir='ltr'>τῆς</span> <span class='ocrx_word' id='word_1_523' title='bbox 1251 3548 1326 3616; x_wconf 76' lang='grc' dir='ltr'>πρὸς</span> <span class='ocrx_word' id='word_1_524' title='bbox 1337 3544 1413 3604; x_wconf 79' lang='grc' dir='ltr'><strong><em>ἕσπέ</em></strong></span> 
     </span>
     <span class='ocr_line' id='line_1_94' title="bbox 875 3623 1412 3689; baseline 0.002 -18"><span class='ocrx_word' id='word_1_525' title='bbox 875 3639 965 3686; x_wconf 85' lang='grc' dir='ltr'><strong><em>ρηςιι.</em></strong></span> <span class='ocrx_word' id='word_1_526' title='bbox 980 3639 1002 3671; x_wconf 88' lang='lat' dir='ltr'>r.</span> <span class='ocrx_word' id='word_1_527' title='bbox 1019 3623 1042 3671; x_wconf 92' lang='grc'>1.</span> <span class='ocrx_word' id='word_1_528' title='bbox 1056 3638 1164 3673; x_wconf 83' lang='lat' dir='ltr'>ancoras</span> <span class='ocrx_word' id='word_1_529' title='bbox 1183 3625 1290 3688; x_wconf 86' lang='lat' dir='ltr'>pontis,</span> <span class='ocrx_word' id='word_1_530' title='bbox 1311 3640 1357 3689; x_wconf 90' lang='lat' dir='ltr'>qur</span> <span class='ocrx_word' id='word_1_531' title='bbox 1371 3641 1412 3674; x_wconf 93' lang='lat' dir='ltr'>oc</span> 
     </span>
     <span class='ocr_line' id='line_1_95' title="bbox 874 3692 1412 3772; baseline -0.004 -28"><span class='ocrx_word' id='word_1_532' title='bbox 874 3693 1019 3744; x_wconf 83' lang='lat' dir='ltr'>uidentem</span> <span class='ocrx_word' id='word_1_533' title='bbox 1026 3708 1119 3743; x_wconf 79' lang='lat' dir='ltr'>rorans</span> <span class='ocrx_word' id='word_1_534' title='bbox 1140 3692 1174 3742; x_wconf 87' lang='lat' dir='ltr'>ad</span> <span class='ocrx_word' id='word_1_535' title='bbox 1190 3708 1263 3744; x_wconf 84' lang='lat' dir='ltr'>nare</span> <span class='ocrx_word' id='word_1_536' title='bbox 1275 3695 1412 3772; x_wconf 77' lang='lat' dir='ltr'>Aegaeum</span> 
     </span>
     <span class='ocr_line' id='line_1_96' title="bbox 875 3752 1412 3828; baseline -0.002 -16"><span class='ocrx_word' id='word_1_537' title='bbox 875 3762 1028 3827; x_wconf 85' lang='lat' dir='ltr'>spectabat</span> <span class='ocrx_word' id='word_1_538' title='bbox 1047 3763 1078 3812; x_wconf 91' lang='lat' dir='ltr'>In</span> <span class='ocrx_word' id='word_1_539' title='bbox 1090 3763 1212 3827; x_wconf 78' lang='lat' dir='ltr'>proxime</span> <span class='ocrx_word' id='word_1_540' title='bbox 1222 3778 1298 3828; x_wconf 85' lang='lat' dir='ltr'>seqq</span> <span class='ocrx_word' id='word_1_541' title='bbox 1311 3779 1359 3827; x_wconf 92' lang='lat' dir='ltr'>pro</span> <span class='ocrx_word' id='word_1_542' title='bbox 1370 3752 1412 3811; x_wconf 73' lang='grc' dir='ltr'>εὖ·</span> 
     </span>
     <span class='ocr_line' id='line_1_97' title="bbox 875 3831 1412 3894; baseline 0.008 -16"><span class='ocrx_word' id='word_1_543' title='bbox 875 3846 926 3892; x_wconf 80' lang='lat' dir='ltr'>ooo</span> <span class='ocrx_word' id='word_1_544' title='bbox 943 3833 984 3880; x_wconf 88' lang='lat' dir='ltr'>vir</span> <span class='ocrx_word' id='word_1_545' title='bbox 998 3831 1114 3882; x_wconf 88' lang='lat' dir='ltr'>doctus</span> <span class='ocrx_word' id='word_1_546' title='bbox 1107 3849 1148 3882; x_wconf 91' lang='grc' dir='ltr'><strong><em>ιιι.</em></strong></span> <span class='ocrx_word' id='word_1_547' title='bbox 1169 3832 1330 3894; x_wconf 73' lang='lat' dir='ltr'>Allpemein.</span> <span class='ocrx_word' id='word_1_548' title='bbox 1342 3834 1412 3882; x_wconf 86' lang='lat' dir='ltr'>Lite</span> 
     </span>
     <span class='ocr_line' id='line_1_98' title="bbox 874 3901 1410 3966; baseline 0.004 -16"><span class='ocrx_word' id='word_1_549' title='bbox 874 3906 927 3950; x_wconf 89' lang='lat' dir='ltr'>rat.</span> <span class='ocrx_word' id='word_1_550' title='bbox 948 3903 1016 3952; x_wconf 86' lang='lat' dir='ltr'>Zeit.</span> <span class='ocrx_word' id='word_1_551' title='bbox 1039 3901 1114 3953; x_wconf 77' lang='lat'>1802.</span> <span class='ocrx_word' id='word_1_552' title='bbox 1197 3902 1252 3952; x_wconf 77' lang='lat' dir='ltr'>reo</span> <span class='ocrx_word' id='word_1_553' title='bbox 1272 3918 1336 3966; x_wconf 76' lang='lat' dir='ltr'>pag</span> <span class='ocrx_word' id='word_1_554' title='bbox 1353 3903 1410 3963; x_wconf 78' lang='grc'><strong>1111,</strong></span> 
     </span>
     <span class='ocr_line' id='line_1_99' title="bbox 874 3918 1410 4036; baseline -0.002 -16"><span class='ocrx_word' id='word_1_555' title='bbox 874 3985 951 4035; x_wconf 89' lang='lat' dir='ltr'>quem</span> <span class='ocrx_word' id='word_1_556' title='bbox 969 3971 1038 4021; x_wconf 87' lang='lat' dir='ltr'>citat</span> <span class='ocrx_word' id='word_1_557' title='bbox 1054 3971 1101 4021; x_wconf 85' lang='lat' dir='ltr'>Cr.</span> <span class='ocrx_word' id='word_1_558' title='bbox 1111 3918 1191 4036; x_wconf 62' lang='grc' dir='ltr'>,ᾓί</span> <span class='ocrx_word' id='word_1_559' title='bbox 1211 3970 1271 4021; x_wconf 87' lang='lat' dir='ltr'>vult</span> <span class='ocrx_word' id='word_1_560' title='bbox 1290 3940 1410 4035; x_wconf 80' lang='grc' dir='ltr'>ζεφόροό</span> 
     </span>
     <span class='ocr_line' id='line_1_100' title="bbox 873 4035 1179 4089; baseline 0 -1"><span class='ocrx_word' id='word_1_561' title='bbox 873 4053 902 4088; x_wconf 80' lang='grc' dir='ltr'>τε</span> <span class='ocrx_word' id='word_1_562' title='bbox 915 4036 962 4088; x_wconf 81' lang='lat' dir='ltr'>aul</span> <span class='ocrx_word' id='word_1_563' title='bbox 976 4035 1061 4089; x_wconf 82' lang='grc' dir='ltr'><strong><em>ιόιου</em></strong></span> <span class='ocrx_word' id='word_1_564' title='bbox 1076 4037 1179 4089; x_wconf 74' lang='grc' dir='ltr'><strong><em>εἵνεκα.</em></strong></span> 
     </span>
     <span class='ocr_line' id='line_1_101' title="bbox 908 4100 1411 4172; baseline -0.002 -15"><span class='ocrx_word' id='word_1_565' title='bbox 908 4105 1060 4158; x_wconf 79' lang='grc' dir='ltr'><strong><em>διέκπλοον</em></strong></span> <span class='ocrx_word' id='word_1_566' title='bbox 1077 4100 1140 4158; x_wconf 69' lang='grc' dir='ltr'>δὲ</span> <span class='ocrx_word' id='word_1_567' title='bbox 1126 4105 1293 4172; x_wconf 87' lang='grc' dir='ltr'><strong><em>υπόφαυσιν</em></strong></span> <span class='ocrx_word' id='word_1_568' title='bbox 1309 4103 1411 4157; x_wconf 67' lang='lat' dir='ltr'>emitr-</span> 
     </span>
     <span class='ocr_line' id='line_1_102' title="bbox 873 4167 1408 4243; baseline 0.004 -17"><span class='ocrx_word' id='word_1_569' title='bbox 873 4176 943 4243; x_wconf 86' lang='grc' dir='ltr'><strong><em>πον]</em></strong></span> <span class='ocrx_word' id='word_1_570' title='bbox 961 4182 1060 4229; x_wconf 90' lang='lat' dir='ltr'>Vocem</span> <span class='ocrx_word' id='word_1_571' title='bbox 1075 4167 1242 4242; x_wconf 79' lang='grc' dir='ltr'><strong><em>ὑπόφαυσιν</em></strong></span> <span class='ocrx_word' id='word_1_572' title='bbox 1264 4194 1297 4227; x_wconf 85' lang='lat' dir='ltr'>ex</span> <span class='ocrx_word' id='word_1_573' title='bbox 1310 4178 1408 4230; x_wconf 78' lang='lat' dir='ltr'>Erech</span> 
     </span>
     <span class='ocr_line' id='line_1_103' title="bbox 872 4248 1410 4312; baseline -0.002 -14"><span class='ocrx_word' id='word_1_574' title='bbox 872 4248 1321 4312; x_wconf 74' lang='lat' dir='ltr'>XL1‚1ocisant.ubiseneeeroe</span> <span class='ocrx_word' id='word_1_575' title='bbox 1337 4251 1410 4297; x_wconf 75' lang='lat' dir='ltr'>luccat</span> 
     </span>
     <span class='ocr_line' id='line_1_104' title="bbox 872 4317 1411 4398; baseline 0 -31"><span class='ocrx_word' id='word_1_576' title='bbox 872 4318 1024 4368; x_wconf 81' lang='lat' dir='ltr'>admittentis</span> <span class='ocrx_word' id='word_1_577' title='bbox 1044 4319 1181 4398; x_wconf 74' lang='lat' dir='ltr'>notioqem</span> <span class='ocrx_word' id='word_1_578' title='bbox 1200 4317 1295 4378; x_wconf 60' lang='lat' dir='ltr'>baben</span> <span class='ocrx_word' id='word_1_579' title='bbox 1321 4318 1411 4382; x_wconf 87' lang='lat' dir='ltr'>itaque</span> 
     </span>
     <span class='ocr_line' id='line_1_105' title="bbox 872 4378 1412 4450; baseline 0.004 -15"><span class='ocrx_word' id='word_1_580' title='bbox 872 4387 898 4435; x_wconf 92' lang='lat' dir='ltr'>h.</span> <span class='ocrx_word' id='word_1_581' title='bbox 912 4387 931 4440; x_wconf 98' lang='grc'>1</span> <span class='ocrx_word' id='word_1_582' title='bbox 952 4378 1133 4443; x_wconf 70' lang='lat' dir='ltr'>drianlooc‘</span> <span class='ocrx_word' id='word_1_583' title='bbox 1119 4382 1282 4450; x_wconf 83' lang='grc' dir='ltr'><strong><em>νπόφαυσις</em></strong></span> <span class='ocrx_word' id='word_1_584' title='bbox 1304 4388 1381 4437; x_wconf 86' lang='lat' dir='ltr'>erit</span> <span class='ocrx_word' id='word_1_585' title='bbox 1374 4403 1412 4437; x_wconf 84' lang='lat' dir='ltr'>rn-</span> 
     </span>
     <span class='ocr_line' id='line_1_106' title="bbox 871 4454 1412 4523; baseline 0.004 -16"><span class='ocrx_word' id='word_1_586' title='bbox 871 4460 1020 4522; x_wconf 87' lang='lat' dir='ltr'>terceptnm</span> <span class='ocrx_word' id='word_1_587' title='bbox 1034 4457 1152 4521; x_wconf 86' lang='lat' dir='ltr'>spatium</span> <span class='ocrx_word' id='word_1_588' title='bbox 1168 4461 1196 4509; x_wconf 88' lang='lat' dir='ltr'>et</span> <span class='ocrx_word' id='word_1_589' title='bbox 1214 4454 1329 4508; x_wconf 78' lang='lat' dir='ltr'>vacuum</span> <span class='ocrx_word' id='word_1_590' title='bbox 1338 4473 1412 4523; x_wconf 88' lang='lat' dir='ltr'>,per</span> 
     </span>
    </p>
   </div>
   <div class='ocr_carea' id='block_1_7' title="bbox 0 0 1554 5175">
    <p class='ocr_par' dir='ltr' id='par_1_7' title="bbox 0 0 1554 5175">
     <span class='ocr_line' id='line_1_107' title="bbox 0 0 1554 5175; baseline 0 2"><span class='ocrx_word' id='word_1_591' title='bbox 0 0 1554 5175; x_wconf 95' lang='lat' dir='ltr'> </span> 
     </span>
    </p>
   </div>
  </div>
 </body>
</html>
