3100 5175
275 423 336 488 272
711 429 977 494 HERODOTI

277 608 309 672 oi
337 603 373 671 δὲ
396 611 638 691 Χερσονησῖται
660 604 914 693 πυνθανόμενοι
941 610 1045 674 ταῦτα
1068 606 1323 693 συνελέχθησαν
1337 600 1405 673 α’πδ
1415 623 1469 673 155

276 710 411 775 πασέων
437 712 505 774 τῶν
534 715 662 776 πολίων
683 713 716 777 ολ
740 709 1003 788 δυναστεύοντες
1024 708 1214 778 πάντοθεν·
1246 716 1349 798 κοινῷ
1375 709 1413 776 δὲ

275 810 380 902 στόλῳ
395 803 590 897 ἀπικόμενοι
613 806 656 890 τός
676 811 1018 902 συλλυπηθησόμενοι
1036 815 1204 900 ἐδέθησαν
1217 807 1279 880 ὑπ’
1295 810 1412 881 αὐτοῦ.

276 912 466 999 Μιλτιάδης
480 940 515 981 τε
533 912 574 1000 δη
589 924 673 1001 ἴσχει
688 914 750 1003 τὴν
764 917 995 1004 Χερσόνησον,
1018 922 1259 994 πεντακοσίους
1277 915 1414 1002 βόσκων
1493 929 1496 936 ’

278 1016 492 1103 ἐπικούρους,
514 1018 570 1084 καὶ
585 1019 699 1106 γαμέει
719 1016 857 1106 Ὀλόρου
880 1024 940 1088 τοῦ
958 1026 1114 1107 Θρηΐκων
1127 1021 1280 1106 βασιλέος
1299 1029 1413 1104 θυγα-

232 1137 272 1196 40
282 1121 359 1204 τέρα
374 1115 613 1207 Ἡγησιπύλην.
667 1111 775 1200 Οὗτος
799 1123 836 1190 δὲ
860 1118 877 1191 ό
897 1130 1052 1210 Κίμωνος
1077 1122 1266 1208 Μιλτιάδης
1291 1124 1414 1189 νεωστὶ

278 1224 339 1311 μὲν
354 1222 515 1310 ἐληλύθεε
531 1225 563 1303 ές
577 1222 639 1311 τὴν
651 1225 882 1314 Χερσόνησον,
897 1225 1127 1314 κατελάμβανε
1143 1227 1182 1292 δέ
1193 1252 1252 1311 μιν
1266 1223 1414 1292 ἐλθόντα

280 1430 326 1479 ubr
337 1428 391 1478 vrd
405 1433 527 1482 nott.-
547 1428 588 1478 Ad
601 1445 694 1481 rocem
708 1424 818 1495 δηλαδη
870 1444 1028 1493 eumqusm
1041 1425 1277 1484 maximeteuent,
1296 1426 1315 1474 1.
1330 1442 1354 1474 e.
1370 1443 1416 1474 rer

279 1499 313 1548 α1
326 1498 372 1560 IV,
388 1499 445 1549 135.
868 1506 1053 1561 praesentare.
1065 1511 1129 1576 qaae
1140 1512 1162 1545 er
1158 1496 1327 1548 accederunt
1350 1498 1414 1545 Non

313 1562 483 1630 ἀπικόμενοι
507 1559 546 1623 ὡς
567 1560 820 1632 αυλλυπηθησόμε
869 1561 1248 1627 α111οι1ειεκατεχειν1,6ῦ.
1273 1565 1415 1627 Hoaan

281 1635 380 1702 νοι],
384 1640 501 1701 ,Nempe
517 1635 670 1685 πενθέοντι
678 1637 819 1703 ,lugenti,
869 1642 923 1686 tem
943 1636 1002 1686 loeo
1028 1636 1070 1700 (nt
1095 1634 1328 1699 Selrueiglraeaserr'
1351 1640 1415 1683 utar

279 1676 380 1757 ructum’
393 1712 466 1756 certe
480 1705 629 1770 simulanti,
641 1723 710 1756 auam
723 1724 820 1773 qaoque
869 1705 971 1772 verbis)
992 1706 1065 1755 haud
1085 1704 1164 1754 dubie
1184 1719 1233 1754 eae
1252 1718 1295 1752 res
1313 1704 1415 1753 intelli-

279 1778 678 1839 verbremoeroremtestificaturi,
687 1778 819 1828 εἰτεπεν-
869 1782 986 1842 guntur,
1011 1774 1043 1824 de
1061 1774 1157 1840 quibus
1175 1774 1293 1837 scriptor
1319 1779 1415 1824 noster

280 1840 384 1895 θέοντα
411 1842 696 1928 παραμυθησόμενοι.
746 1847 818 1897 Olim
868 1862 929 1911 eap.
945 1842 1416 1910 33,priusquamhanodigressio-

281 1917 361 1966 etiam
377 1916 520 1980 adneges,
538 1916 611 1964 viros
626 1917 819 1980 principesvel
869 1931 930 1965 nem
952 1917 986 1965 de
1007 1915 1141 1979 superiori
1159 1912 1300 1974 Miltiade,
1325 1915 1413 1977 primo

280 1987 407 2036 civitates
428 2002 488 2035 eum
514 1985 541 2033 iu
563 1983 643 2035 finem
670 1987 819 2049 publicitus
870 1985 1031 2036 Chersonesi
1045 1990 1172 2047 tyranno,
1185 1983 1322 2042 mstrtnrt,
1338 1982 1413 2048 loqui

280 2056 360 2118 legati
373 2057 558 2105 mittebantur.
584 2055 709 2105 Aeschin.
724 2071 747 2107 α.
758 2056 820 2108 Cte-
870 2059 1013 2120 coeperat,
1025 2069 1093 2118 quas
1107 2068 1168 2102 mox
1183 2052 1281 2102 deinde
1299 2068 1360 2116 eap.
1378 2054 1411 2101 11

282 2125 351 2189 siph.
367 2140 427 2189 pag.
442 2125 486 2185 88,
500 2126 534 2172 22
551 2121 628 2188 [pag
643 2124 695 2175 1131
709 2124 816 2191 Reisk.]
871 2140 1004 2190 exponere
1016 2122 1135 2187 pergit.“
1167 2122 1265 2187 Itaque
1282 2136 1327 2184 ea,
1342 2136 1413 2187 qnae

280 2195 410 2244 Funebria
432 2193 467 2243 el.
487 2193 632 2243 Alexandri
648 2193 771 2245 laudatio
793 2198 820 2245 iu

280 2264 391 2314 Arietis,
413 2264 446 2314 Τ.
460 2264 481 2312 1.
507 2278 569 2328 pag.
588 2264 645 2313 112.
666 2265 719 2314 Dio
734 2264 819 2330 Chry·

281 2340 348 2384 sost.
364 2333 410 2382 Or
424 2332 486 2381 illl
502 2348 565 2398 pag.
584 2332 671 2381 111811.
698 2333 772 2383 ldem
791 2338 819 2384 1ιι

281 2403 382 2451 talibus
408 2401 600 2464 significabant
623 2402 706 2452 verba
734 2398 818 2452 συνά-

281 2469 418 2549 χθεσθαι,
434 2470 591 2533 συναλγειν,
608 2470 819 2537 συμπενθησαι,

282 2533 454 2607 συμπάσχειν
470 2545 497 2590 et
512 2538 725 2593 συλλυπεῖσθαι.
751 2543 820 2593 Cou-

282 2618 332 2673 tra,
344 2610 388 2661 vel
396 2611 429 2660 ob
442 2611 583 2660 victoriam
594 2616 760 2674 reportatam
776 2613 820 2663 vel

282 2686 309 2731 in
326 2682 380 2731 alia
400 2697 429 2731 re
445 2680 537 2740 laeta,
556 2679 707 2745 legationes
728 2682 819 2732 mitte-

281 2753 389 2814 bantur,
403 2767 471 2815 quae
485 2752 628 2801 civitatum
640 2752 767 2815 gaudium
783 2754 819 2801 si-

282 2838 315 2872 ve
340 2836 432 2869 verum
457 2823 513 2871 sive
533 2820 624 2870 fictum
648 2823 820 2885 nunciarent,

282 2883 527 2953 συνησθησόμενοι
548 2890 592 2939 vel
612 2887 820 2955 σογγαρησόμε-

282 2975 325 3009 νοι
343 2957 377 3025 τῇ
393 2958 459 3025 νικη
477 2959 550 3025 apud
563 2959 645 3009 Diod
659 2960 714 3010 Sic
731 2962 819 3024 XVII,

281 3032 315 3080 48
328 3036 355 3079 et
373 3030 420 3079 113
440 3030 594 3102 aliosquef‘
621 3029 648 3077 V
651 3030 818 3084 αἱαλτεπαν

280 3091 372 3149 Mox'
361 3114 530 3159 επικουρους
550 3098 673 3163 intelligo
686 3104 819 3161 satellites,

280 3172 366 3219 naliter
383 3171 575 3231 stipendiarios,
596 3175 627 3218 ut
647 3169 703 3232 ΙΙΙ,
723 3172 751 3232 4,
772 3172 820 3221 ubi

280 3239 334 3290 vrd.
348 3244 417 3291 nott.

322 3300 535 3370 Ἡγησιπύλην]
571 3307 735 3371 llesegipyle
756 3315 820 3372 post

281 3376 414 3426 Miltiadis
423 3382 534 3425 mortem
545 3374 592 3424 alii
601 3376 761 3426 Atheniensi
772 3393 820 3427 nn·

281 3447 337 3510 psit
349 3448 419 3505 viro,
432 3445 502 3494 unde
515 3445 715 3494 liliumillorum
727 3463 819 3497 susee-

281 3516 330 3580 pit,
347 3518 393 3579 qui
407 3517 465 3578 ipse
481 3513 664 3577 Thucydidis,
678 3516 820 3566 celeberri-

281 3585 317 3633 mi
332 3585 468 3645 historici,
486 3590 543 3633 arat
556 3589 643 3648 pater.
672 3586 744 3636 Hine
755 3586 820 3637 Se'u·

281 3653 493 3713 thes‚Thraenm
509 3660 705 3718 rex,eognatos
717 3671 746 3704 ae
759 3671 820 3706 nos·

281 3741 310 3773 se
321 3724 361 3773 ait
369 3723 551 3773 Athenienses
561 3723 761 3790 benevolosque
773 3725 821 3775 ha-

281 3796 343 3843 bere
359 3796 471 3843 amieos.
506 3793 565 3843 Vid.
588 3793 711 3857 Xenoph.
732 3796 820 3846 Anab.

280 3864 343 3926 Vll,
358 3866 382 3913 2.
396 3866 421 3926 ξ.
437 3864 478 3915 31.
492 3889 526 3899 -
539 3857 666 3927 βασιλέος
676 3864 759 3929 paulo
773 3881 820 3915 au·

281 3939 309 3985 te
321 3934 384 3983 dedi
400 3949 448 3999 pro
460 3928 603 3999 βασιλῆος.

480 4105 546 4158 Cre.
564 4106 621 4156 XL.

315 4202 505 4290 κατελάμβανε
523 4204 556 4259 δέ
568 4226 618 4273 μιν
634 4201 757 4259 ἐλθόντα
773 4201 821 4259 άλ-

280 4281 314 4330 λα
329 4279 385 4330 τῶν
395 4275 570 4361 κατεχόντων
587 4273 759 4344 πρηγμάτων
773 4297 821 4345 χα-

280 4347 432 4413 λεπώτερα]
457 4344 647 4411 κατελάμβανε
660 4351 776 4431 positum
791 4357 820 4399 ut

281 4420 328 4479 v‚1
343 4420 377 4469 38
384 4416 530 4495 κατέλαβε
560 4416 673 4467 Mortui
687 4419 819 4483 κατέχον-

279 4502 314 4537 τα
333 4503 482 4553 πρηγματα
502 4492 566 4537 sunt
583 4504 640 4549 res,
658 4503 728 4553 qnae
747 4504 820 4539 unna

869 2210 932 2259 cap.
949 2196 981 2244 41
1006 2196 1168 2242 enarrantur
1185 2208 1246 2242 eum
1266 2192 1317 2255 iis,
1342 2207 1414 2257 quae

870 2280 930 2329 eap.
950 2264 984 2314 33
1001 2262 1166 2326 produntur,
1189 2268 1266 2312 arete
1285 2264 1414 2312 connecti

870 2334 977 2384 debent.
1003 2331 1081 2383 Unde
1095 2346 1140 2392 ea,
1154 2346 1265 2395 opinor,
1283 2329 1336 2381 loci
1348 2348 1413 2382 seu·

870 2404 974 2452 tentia:
1010 2402 1078 2450 Huic
1097 2402 1212 2450 Miltiadi
1233 2402 1339 2451 Cimonis
1356 2404 1413 2464 filio

871 2471 936 2535 (non
951 2472 1035 2535 priori
1053 2470 1093 2519 illi
1106 2468 1239 2533 Miltiadi,
1253 2469 1364 2534 Cypseli
1383 2471 1413 2520 fi-

869 2540 920 2605 lio,
943 2541 975 2591 de
995 2556 1048 2606 quo
1067 2541 1095 2589 in
1117 2539 1286 2605 digressione
1308 2540 1372 2590 inde
1394 2557 1413 2591 a

870 2626 930 2676 σιμ.
954 2612 988 2663 31
1012 2611 1141 2661 instituta
1160 2610 1310 2673 retulerat)
1329 2615 1415 2660 statim

868 2690 999 2746 postquam
1023 2683 1163 2729 arlaenerat
1188 2681 1212 2728 iu
1235 2680 1415 2730 Chersonesum

873 2750 920 2813 (ae
945 2765 1031 2816 nuper
1048 2749 1154 2800 demum
1176 2748 1220 2799 ille
1245 2749 1414 2815 advenerat)

869 2823 992 2884 praviora
1008 2821 1156 2870 aeciderunt
1170 2820 1250 2874 mala,
1262 2836 1333 2883 quum
1347 2836 1414 2884 qaae

870 2905 942 2972 κμιιο,
958 2890 1161 2956 aggredientibus
1174 2888 1338 2939 Phoenicibrm
1347 2892 1415 2939 Per—

869 2962 967 3025 sisque,
989 2959 1151 3010 inminebant.
1183 2958 1262 3008 Nune
1276 2960 1363 3021 enim,
1382 2965 1414 3009 ut

869 3044 994 3095 eapseq.
1003 3035 1129 3079 narratur
1136 3027 1188 3093 (ita
1198 3027 1269 3077 idem
1276 3028 1414 3094 Schweig-

870 3097 1048 3180 haeuserns),
1067 3098 1189 3148 Athenas
1207 3112 1268 3147 cum
1286 3099 1413 3149 omnibus

870 3170 927 3219 suis
941 3169 1054 3233 opibus,
1068 3184 1117 3233 per
1131 3171 1217 3217 otium
1229 3169 1350 3232 quinquo
1364 3171 1413 3217 tri·

868 3238 987 3290 remibus
1002 3238 1146 3302 impositis,
1158 3237 1358 3287 ultroAthenas
1371 3254 1414 3288 re·

869 3314 974 3372 petens,
990 3324 1070 3358 unam
1085 3308 1194 3372 quidem
1209 3323 1305 3357 navem
1319 3308 1414 3357 amisit

869 3393 886 3426 a
896 3378 1080 3427 Phoenicibus
1091 3393 1150 3426 curn
1163 3377 1217 3427 lilio
1231 3392 1279 3427 suo
1292 3384 1411 3442 captam,

870 3447 918 3496 sed
932 3446 1000 3496 nibil
1012 3447 1077 3497 mali
1088 3447 1189 3497 accidit
1198 3446 1262 3509 filio,
1273 3462 1351 3511 quem
1362 3448 1412 3496 ad-

870 3518 977 3566 modum
992 3520 1074 3566 etiam
1090 3516 1238 3567 liberaliter
1252 3532 1299 3565 rex
1312 3518 1412 3567 Persa-

870 3601 928 3635 rum
943 3586 1064 3650 excepit,
1080 3588 1161 3636 tortio
1182 3602 1245 3637 vero
1261 3593 1326 3637 ante
1338 3602 1411 3637 anno

871 3656 978 3720 Scythis
995 3656 1191 3707 Chersonesum
1218 3656 1413 3706 invadentibus

872 3724 985 3790 fugisse
1010 3727 1149 3792 proripere
1166 3731 1280 3776 coaetus
1299 3729 1359 3776 erat
1382 3733 1412 3776 et

872 3797 900 3844 in
914 3795 995 3845 exilio
1007 3798 1093 3846 vitam
1110 3799 1221 3861 agere.“
1250 3797 1281 3844 ln
1300 3811 1354 3861 qna
1370 3797 1412 3845 in-

872 3866 1084 3928 terpretatione,
1097 3880 1168 3930 qnae
1186 3881 1240 3915 una
1256 3866 1345 3915 verbis
1357 3866 1413 3914 He-

870 3935 975 3995 rodoti,
995 3936 1088 3999 qualia
1103 3950 1173 3985 nune
1185 3935 1325 4000 leguntur,
1345 3951 1411 3985 eon-

871 4004 960 4065 venit,
982 4006 1047 4054 mihi
1067 4004 1270 4055 subsistendum
1293 4004 1412 4067 viderur,

873 4088 1035 4138 quamquam
1049 4073 1176 4138 displicet
1187 4076 1246 4125 viro
1262 4074 1343 4124 docto
1357 4076 1413 4124 An·

871 4142 915 4208 glo
932 4142 1042 4207 (Grotez
1065 4144 1179 4210 History
1196 4144 1227 4194 ο1
1244 4145 1344 4195 Greeee
1361 4144 1409 4195 IV.

871 4228 935 4278 pag.
950 4212 1001 4264 368
1014 4229 1069 4277 seq.
1084 4212 1163 4276 450),
1180 4214 1226 4277 qni
1241 4229 1331 4263 veram
1344 4230 1410 4264 eurr-

872 4297 939 4343 sam,
953 4299 1022 4348 quae
1031 4283 1202 4332 Miltiadem
1194 4299 1221 4331 ιιι
1234 4283 1326 4347 lugam
1339 4299 1412 4333 conr

871 4352 984 4415 pulerit,
1000 4353 1169 4402 Herodotum
1183 4352 1299 4402 latuisse
1315 4355 1411 4403 enrstr
1444 4380 1457 4394 =
1491 4347 1496 4361 ⁸

871 4426 935 4483 mat,
952 4423 997 4487 qui
1007 4423 1065 4471 sive
1077 4423 1217 4472 inseitit'
1196 4438 1254 4472 srve
1264 4437 1353 4472 errore
1364 4423 1412 4472 du-

870 4495 930 4541 etus
943 4491 1095 4542 Miltiadem
1112 4491 1228 4558 Scythas
1249 4492 1411 4544 invadentes
