3100 5175
244 370 285 442 82
678 371 946 439 HERODO'PI

244 551 321 634 ὁδὸς
346 550 460 622 άκασα
485 554 542 622 καὶ
569 549 743 639 άσφαλέος.
782 549 837 620 διά
857 553 920 640 μέν
944 577 983 638 γε
1005 552 1134 635 Λυδίης
1155 546 1211 615 καὶ
1232 550 1383 634 Φρυγίης

245 659 390 745 σταθμοὶ
402 663 567 736 τείνοντες
588 664 695 726 είκοσί
707 662 788 742 είσι,
809 652 1022 744 παρασάγγαι
1036 652 1073 720 δὲ
1087 654 1238 738 τέσσερες
1257 650 1314 717 καὶ
1328 651 1382 715 ἐν·

246 761 407 850 ενήκοντα
428 761 485 829 καὶ
503 757 614 848 ἥμισυ.
660 756 847 828 Ἐκδίκεται
871 755 905 826 d'
928 760 964 825 ἐκ
993 760 1050 844 τῆς
1073 761 1222 843 Φρυγίης
1243 748 1261 819 ὁ
1281 750 1384 830 ’Ἅλυς

246 862 409 954 ποταμὸς,
434 856 535 957 iss'qi
556 862 658 932 τιύλαι
677 890 713 932 τε
727 870 851 949 ἔπεισι,
872 858 929 939 τάς
944 857 1131 942 διεξελάσαι
1151 860 1241 925 πάσα
1256 852 1385 942 άνάγκη

246 1029 323 1096 plura
337 1031 365 1079 in
381 1029 463 1080 Thes.
475 1028 555 1094 Ling.
569 1029 666 1081 Grues.
682 1028 746 1078 VII.
762 1044 791 1092 p.
876 1021 924 1075 aul
937 1020 1103 1080 καταλύσιες
1123 1017 1280 1086 κάλλισται]
1299 1020 1386 1071 Intel-

246 1103 298 1153 645
315 1098 419 1164 seqq),
436 1098 704 1151 hoclocodicuntur
721 1113 791 1146 man·
841 1097 962 1164 liguntur
985 1096 1110 1159 bospitio,
1137 1095 1164 1143 in
1188 1091 1286 1157 quibus
1306 1090 1388 1155 profi·

246 1172 330 1221 aiones
343 1171 402 1220 sive
415 1172 537 1219 stationes
549 1184 596 1235 per
609 1183 701 1218 omnes
714 1167 791 1233 regni
842 1170 976 1218 cissentes
997 1165 1101 1215 deverti
1120 1163 1224 1226 solent,
1247 1162 1330 1211 certis
1342 1160 1387 1209 iti-

249 1244 341 1304 partes
355 1238 514 1303 dispositae,
527 1239 546 1287 i.
559 1254 584 1288 e.
597 1238 657 1287 loca
670 1244 747 1288 certa
762 1241 790 1286 et
842 1253 936 1287 nerum
947 1235 1044 1301 spatiis
1057 1236 1219 1294 constituta,
1233 1230 1326 1296 qualia
1338 1230 1388 1279 ad·

248 1308 375 1368 definita,
385 1308 519 1371 inquibus
530 1307 679 1358 subsistere
691 1322 724 1357 ae
733 1322 792 1372 per·
842 1308 896 1358 buc
917 1321 964 1372 per
979 1306 1117 1355 Orientem
1138 1303 1227 1353 ubivis
1248 1300 1388 1365 reperiun-

249 1383 362 1428 noctare
377 1375 466 1426 solent
481 1378 530 1442 qui
545 1377 597 1426 iter
605 1377 731 1442 (faciunt,
749 1392 791 1426 re·
844 1383 888 1428 tur
902 1394 917 1427 e
929 1374 1086 1425 Mubamedi
1102 1372 1285 1438 praescripto;
1306 1369 1388 1432 vulgo

248 1449 292 1511 gis
300 1447 366 1497 cura
377 1446 450 1495 omni
460 1452 606 1511 apparatu,
618 1446 793 1506 deversoriis,
843 1452 944 1499 vocant
953 1446 1152 1502 Garamum-ei,
1165 1444 1183 1492 i.
1196 1459 1219 1492 e.
1231 1440 1388 1489 mansiones

248 1517 312 1567 aliis
322 1516 403 1566 rebus
413 1516 559 1567 instructa.
579 1518 650 1566 Hinc
661 1516 733 1565 inira
744 1515 792 1578 VI,
844 1518 880 1567 ad
894 1518 1015 1566 iumenta
1031 1513 1163 1564 mutanda
1173 1511 1217 1561 vel
1228 1510 1388 1573 recreanda,

252 1586 301 1637 llll
311 1585 593 1637 DarinaEretrienses
606 1592 704 1650 captos
717 1585 793 1635 nullo

250 1654 322 1706 mulo
337 1655 463 1705 affecisse
477 1655 594 1715 dicitnr,
612 1655 661 1706 sed
680 1670 727 1705 sos
743 1651 794 1718 τῆς

251 1722 338 1773 Κισσί
357 1716 476 1789 ςχῶρης
493 1722 637 1774 κατοίκισε
659 1714 673 1773 ἔ
680 1739 696 1772 ν
716 1736 794 1772 στα-

251 1790 328 1873 θριῷ
338 1738 448 1842 leoco
457 1794 488 1855 si,
501 1793 539 1860 τῷ
551 1785 662 1856 οὔνομά
671 1785 728 1844 ἐστι
737 1786 794 1856 'Ap-

251 1859 379 1927 depensa:
391 1878 471 1927 quem
480 1856 610 1928 σταθμὸν
619 1855 726 1913 ἕωυτοῦ
735 1862 795 1912 nul·

250 1932 306 1982 lum
317 1932 400 1983 alium
410 1946 471 1984 esse
482 1936 565 1998 atque
574 1925 705 1995 σταθμὸν
717 1928 795 1997 βασι-

250 1997 348 2066 λήϊον,
368 2002 416 2066 qui
432 2003 484 2053 boc
502 2003 563 2053 loeo
582 2003 697 2064 dicitur,
719 2006 794 2052 secte

251 2076 333 2121 notat
344 2071 442 2122 Grote:
460 2073 575 2136 History
586 2073 617 2123 oi
630 2074 733 2123 Greece
745 2071 793 2121 lv.

207 2225 211 2230 -
252 2143 313 2260 lvii
314 2141 377 2274 fib,
392 2141 419 2258 1N
418 2140 646 2261 {diditi}
654 2141 794 2272 illitis

253 2276 409 2342 liupoldus,
431 2268 463 2337 ὃς
484 2280 608 2329 καλεῖται
628 2271 795 2343 Κῶμαστός,

252 2341 327 2397 ἔνθα
339 2348 430 2412 κῶμαι
444 2345 550 2398 πυκναὶ
564 2345 611 2398 καὶ
622 2343 692 2405 sede
706 2339 797 2404 πολὺς

252 2412 302 2466 καλ
314 2429 376 2466 στα
384 2414 471 2482 &pol
486 2416 594 2470 πολλοί.
621 2418 691 2468 Add.
702 2417 795 2468 Strab.

254 2487 293 2537 11.
306 2502 333 2551 p.
347 2486 388 2537 79.
421 2488 552 2538 Dehisce
568 2486 723 2552 σταθμοῖς,
747 2502 797 2553 per

252 2560 341 2608 totum
364 2571 476 2621 reguum
500 2558 643 2622 dispositis
667 2558 695 2608 iu
718 2573 796 2609 usum

253 2627 498 2692 proficiscentium,
533 2627 681 2693 scripserat
716 2642 796 2691 pecu·

252 2695 318 2745 liari
330 2695 421 2745 libello
434 2696 559 2756 Βαίτων,
572 2703 643 2748 teate
655 2696 796 2748 Athenaeo

254 2767 287 2815 X.
300 2782 328 2830 p.
341 2766 394 2815 442
403 2767 435 2828 Β,
448 2781 526 2833 aquo
537 2767 630 2817 eodem
642 2768 744 2817 citatur
758 2767 796 2816 si·

843 1587 890 1636 ubi
900 1587 953 1651 ipsi
963 1584 1085 1634 homines
1095 1582 1202 1633 itineris
1211 1581 1331 1645 requiem
1343 1593 1388 1644 pe-

843 1663 907 1707 tunt
926 1671 959 1705 ec
977 1655 1182 1704 recreationem.
1214 1652 1256 1699 Tu
1272 1650 1328 1698 vid.
1342 1663 1390 1711 po·

844 1727 980 1777 tissimum
995 1724 1112 1773 liseren.
1125 1721 1166 1772 ld.
1183 1719 1212 1782 Ι,
1230 1722 1252 1770 Ι.
1267 1735 1330 1784 pag.
1342 1719 1385 1769 id.

844 1797 876 1859 1,
891 1799 916 1845 2.
932 1810 994 1859 pag.
1008 1796 1073 1856 222,
1093 1792 1142 1857 qui
1156 1788 1226 1839 tales
1242 1789 1326 1839 aedes
1343 1802 1390 1836 sc·

845 1869 941 1916 curate
953 1864 1108 1928 descripsit.
1134 1859 1176 1910 Ad
1192 1862 1282 1924 ipsam
1292 1872 1388 1909 vocem

844 1927 996 1988 κατάλυσις
1007 1932 1080 1985 coni.
1091 1929 1204 1982 Diodor.
1216 1927 1300 1979 Sieul.
1312 1927 1387 1986 xvi,

845 2006 887 2054 41.
906 2031 938 2040 -
960 2004 1003 2053 De
1022 2003 1106 2052 fluvio
1125 2001 1211 2065 Halys
1229 1998 1302 2049 coni.
1316 2003 1387 2046 nott.

846 2073 881 2123 sd
891 2074 914 2132 l,
926 2073 952 2134 e,
963 2073 1007 2123 72.
1036 2071 1080 2121 Ad
1091 2070 1164 2120 hunc
1178 2083 1263 2133 usque
1279 2068 1389 2117 fluvium

847 2142 919 2208 quod
937 2143 989 2191 iter
1002 2141 1089 2190 luisse
1104 2141 1204 2190 dicitur
1219 2151 1390 2202 parasanga-

845 2227 903 2261 rum
911 2212 975 2276 usq,
987 2210 1162 2274 cogitandum
1170 2208 1222 2258 erit
1232 2208 1266 2257 de
1275 2223 1307 2257 eo
1318 2207 1390 2268 loco,

846 2295 900 2345 qno
914 2296 1009 2330 cursus
1031 2281 1111 2329 buius
1128 2279 1203 2328 fluvii
1220 2276 1391 2327 occidentem

845 2364 940 2401 versus
959 2352 1076 2399 maxime
1102 2348 1222 2397 flectitur
1240 2347 1275 2396 sd
1295 2346 1390 2396 urbem

844 2419 982 2482 Ancyram
999 2434 1054 2469 uon
1068 2418 1148 2482 longe
1162 2416 1225 2465 inde
1241 2423 1389 2465 remotum:

846 2491 947 2538 etenim
966 2488 1018 2539 hnc
1038 2503 1123 2551 usque
1140 2502 1157 2535 a
1169 2485 1298 2536 Sardibus
1313 2485 1391 2534 recti

847 2560 1004 2624 petentibus
1014 2559 1059 2610 via
1070 2560 1122 2609 erit
1130 2559 1181 2623 seq
1192 2556 1314 2608 miliiarr.
1327 2569 1391 2620 geo·

846 2628 1003 2694 graphice,
1021 2644 1090 2694 quse
1107 2642 1274 2691 parasangas
1291 2626 1325 2675 89
1346 2640 1392 2675 ae-

847 2704 947 2763 quant:
967 2698 1010 2747 bis
1022 2700 1047 2747 si
1060 2697 1199 2748 addideris
1214 2699 1319 2746 viarum
1332 2710 1391 2744 am-

847 2768 931 2833 bages
946 2767 1054 2832 alisque
1072 2767 1117 2816 bic
1135 2766 1320 2831 respicienda,
1343 2780 1392 2828 pa·

255 2834 326 2885 milis
337 2834 420 2894 liber,
438 2850 517 2901 quem
527 2828 796 2901 conscripsit’Apo'v-
845 2852 980 2901 rasungae
997 2839 1048 2906 itti
1062 2852 1116 2885 non
1129 2835 1274 2885 admodum
1293 2851 1310 2885 a
1325 2850 1391 2886 sero

254 2919 319 2967 τας,
345 2904 473 2955 laudatus
496 2907 540 2957 vel
561 2905 721 2971 simpliciter
747 2921 796 2955 no·
846 2906 1135 2971 recidentNosterqne
1149 2905 1393 2971 qnamaeenratis·

255 2977 327 3025 mine
347 2971 404 3023 τῶν
424 2973 569 3039 Σταθμῶν
588 2977 631 3027 vel
649 2971 797 3038 Σταθμῶν
846 2977 913 3027 sime
932 2976 1147 3029 haecretulisse
1168 2975 1307 3040 putandus
1330 2975 1391 3024 erit.

254 3041 404 3107 Περσικῶν
423 3043 473 3109 (11.
491 3062 517 3110 p.
532 3046 604 3101 did.
618 3047 651 3096 X.
666 3062 693 3110 p.
703 3047 795 3095 442Β.
847 3046 910 3099 Vid.
923 3045 1168 3110 Kiepert.l.l.pag.
1182 3047 1240 3096 127.
1264 3044 1393 3094 Ducebat

255 3112 319 3191 Xil.
337 3128 368 3191 P'.
379 3114 430 3165 529
439 3115 469 3167 C.
492 3115 555 3165 coll.
579 3131 606 3179 p.
626 3115 729 3180 bldF.)
752 3113 797 3165 vel
847 3121 940 3165 autem
953 3115 1020 3167 baec
1032 3116 1094 3178 via,
1107 3116 1130 3166 si
1140 3115 1226 3165 eidem
1238 3116 1296 3165 viro
1309 3114 1393 3164 docto

254 3197 312 3232 των
332 3197 383 3245 της
400 3176 490 3240 Ἀσίας
505 3180 641 3247 σταθμῶν
659 3183 719 3248 (xl.
732 3200 796 3248 pag.
848 3185 1004 3251 credamus,
1019 3185 1149 3236 Sardibus
1166 3184 1393 3248 Caystrupedium

200 3274 203 3284 ·
255 3250 373 3316 500D.).
412 3251 479 3302 Cum
503 3268 569 3304 vero
590 3252 642 3303 bae
663 3254 798 3303 stationes
847 3255 965 3320 indeque
984 3272 1033 3320 per
1049 3256 1239 3305 Pessinuntem
1256 3253 1391 3319 usquead

257 3314 405 3385 (σταθμοί)
429 3323 512 3370 certis
532 3322 694 3386 quibusdem
715 3324 799 3372 iuter·
848 3325 984 3389 Aneyram
1000 3331 1028 3375 et
1046 3324 1080 3375 ad
1095 3325 1197 3389 Halyn.

254 3387 336 3440 vallis
352 3388 504 3453 dispositae
524 3397 631 3453 essent,
652 3391 727 3442 haud
748 3394 799 3442 mi·
884 3384 961 3460 ἐντῶ
972 3389 1058 3443 πάλαι
1068 3408 1096 3442 τε
1108 3387 1207 3458 ἔπεισι]
1221 3393 1327 3451 Portos,
1339 3386 1393 3440 τιν’-

255 3473 329 3520 ιιιιιι,
345 3458 406 3521 ipsa
419 3458 488 3510 baec
502 3461 647 3511 intervalla
661 3460 799 3525 σταθμῶν
849 3463 913 3523 λας,
928 3464 1010 3515 fossis
1024 3479 1111 3529 aquae
1123 3462 1290 3514 codrcendae
1304 3468 1348 3524 et,
1368 3463 1391 3510 si

256 3543 325 3578 voce
347 3542 394 3592 per
411 3543 555 3580 mensurae
573 3531 798 3594 significationem
849 3548 913 3583 usus
929 3536 1099 3599 requirebat,
1125 3531 1289 3583 emittendae
1306 3546 1393 3582 eausa

257 3595 405 3660 declarari,
425 3601 499 3648 utin
519 3598 693 3664 Xenophont.
708 3603 796 3655 duab.
849 3604 991 3668 adpositas
1015 3606 1167 3655 invenimus
1189 3603 1250 3665 111,
1275 3602 1338 3663 117,
1361 3607 1392 3651 ut

255 3664 279 3729 1,
291 3668 318 3728 2,
332 3667 357 3728 5,
369 3668 417 3717 ubi
429 3668 532 3720 consul.
547 3670 721 3734 interpretes.
741 3672 796 3721 No·
849 3672 918 3723 bene
939 3678 1056 3723 annotat
1069 3673 1278 3735 Wesselingius,
1301 3673 1393 3723 eitsus

257 3741 327 3799 ster,
346 3738 393 3802 qui
406 3744 535 3790 accurate
554 3739 662 3804 singula
681 3742 797 3805 perscri-
848 3742 955 3792 Nahum
971 3745 1003 3804 2,
1021 3745 1052 3805 6,
1074 3744 1120 3794 ubi
1140 3742 1261 3794 eiusdem
1283 3742 1392 3806 generis

256 3807 327 3870 psit,
356 3806 419 3857 iude
442 3805 500 3857 τῶν
523 3807 660 3873 σταθμῶν
686 3826 797 3861 numero
848 3819 958 3876 portae,
979 3813 1029 3863 sed
1049 3813 1121 3864 idem
1136 3828 1263 3875 monens,
1286 3818 1391 3875 portas,

256 3891 361 3940 semper
375 3878 460 3927 etium
476 3877 584 3929 addidit
598 3895 737 3931 numerum
752 3897 799 3945 pa·
850 3898 920 3947 qnae
935 3883 961 3932 h.
971 3882 989 3931 Ι.
999 3888 1253 3943 commemorantur,
1267 3881 1295 3929 in
1309 3887 1394 3945 ponte

256 3960 453 4012 rasangarum,
479 3963 546 4011 quos
571 3949 687 4015 triginta
708 3952 799 4002 stedia
849 3953 927 4002 fluvii
944 3952 1049 4016 Halyos
1067 3953 1166 4014 inisse,
1187 3951 1259 4016 quod
1276 3967 1330 4000 non
1349 3949 1393 4000 in·

256 4015 341 4068 ferme
353 4031 487 4083 aequasse
498 4035 581 4084 supra
598 4020 632 4069 ad
644 4019 715 4085 11,6
730 4021 799 4071 vidi·
849 4024 920 4087 gerit
933 4022 1061 4073 Bncbsrt.
1080 4024 1108 4071 in
1122 4021 1199 4071 l'hal.
1212 4022 1266 4082 lv,
1282 4020 1323 4072 19.
1352 4020 1393 4070 Ac

255 4101 328 4148 mus;
353 4089 452 4166 etenim
468 4089 613 4141 intervalla
630 4090 798 4156 singulorum
848 4106 915 4142 sane
928 4092 974 4142 bic
987 4092 1104 4157 intelligi
1115 4092 1215 4141 debent
1230 4095 1341 4155 portae,
1364 4090 1392 4138 in

255 4155 391 4220 σταθμῶν
412 4173 466 4209 non
486 4175 597 4223 prorsus
614 4163 694 4226 paria
710 4168 796 4221 erunt,
850 4162 912 4226 ipsa
933 4166 1007 4212 terra
1028 4162 1101 4211 haud
1122 4161 1204 4211 dubie
1226 4159 1261 4210 ad
1281 4163 1392 4223 pontem

255 4225 302 4275 sed
318 4242 366 4290 pro
386 4227 505 4279 locorum
521 4236 620 4280 natura
637 4231 797 4282 variabant:
850 4231 892 4281 vel
907 4248 939 4281 eo
960 4238 1032 4282 certe
1048 4231 1123 4293 loco,
1144 4246 1198 4296 quo
1215 4245 1262 4294 per
1277 4230 1392 4279 fluvium

254 4293 323 4344 adeo
335 4300 365 4345 ut
380 4313 448 4362 opus
460 4305 533 4350 esset
545 4302 702 4352 accuratius
714 4302 798 4352 inter·
849 4301 933 4350 tiebat
950 4305 1098 4362 transitus,
1124 4304 1282 4351 exstructae
1303 4299 1393 4349 muni—

253 4361 328 4413 valla
345 4381 392 4429 per
411 4383 628 4433 parasaugurum
644 4385 797 4421 mensuram
849 4372 933 4420 menti
946 4370 1007 4422 loeo
1017 4370 1052 4421 sd
1064 4371 1156 4420 hostes
1166 4370 1314 4431 arcendos,
1330 4383 1393 4420 cum

252 4431 345 4485 Persis
358 4436 468 4486 solitam
481 4438 612 4490 indicere.
849 4440 913 4491 olim
931 4440 976 4492 bie
989 4445 1081 4492 esseut
1092 4440 1174 4507 Lydii
1190 4456 1223 4491 ac
1232 4440 1335 4491 Medici
1352 4454 1394 4490 rs-
