3100 5175
528 397 708 465 narro.
737 396 792 466 rr.
814 357 923 470 aare.

1230 396 1290 467 273

153 573 236 648 ἄλλα
259 579 329 647 τῶν
346 578 555 666 κατεχόντων
569 576 775 667 πρηγμάτων
789 578 1013 669 χαλεπώτερα.
1037 583 1138 671 τρίτῳ
1151 579 1213 667 μὲν
1226 579 1290 671 γὰρ

153 689 220 751 ἔτει
231 682 364 751 τούτων
377 681 519 761 Σκύθας
534 685 707 770 ἐκφεύγει·
736 684 875 752 Σκύθαι
889 681 953 773 γὰρ
973 689 1008 752 ol
1019 681 1162 769 νομάδες
1176 687 1288 771 ἐρεθι-

153 911 256 978 lugisse
267 913 373 971 tradat;
390 913 542 962 Miltiadem
552 912 622 962 enim
631 911 696 962 Gro-

152 989 178 1032 te
198 983 339 1031 existimat
358 983 431 1032 hand
453 983 557 1032 diutius
573 984 696 1047 potuisse

154 1054 179 1101 in
194 1052 366 1102 Chersoneso
378 1068 497 1112 manere,
512 1067 572 1101 cum
583 1052 696 1101 Ionibus

152 1121 297 1172 consilium
318 1122 439 1172 dedisset
460 1123 552 1186 pontis
571 1120 696 1170 solvendi

153 1192 161 1248 l
172 1192 271 1242 Herod.
293 1192 346 1251 IV,
368 1190 432 1254 137)
453 1207 540 1256 eoque
554 1192 696 1240 Persarum

153 1260 243 1311 odium
258 1263 285 1310 in
301 1277 331 1312 se
346 1263 538 1311 convertisset.
574 1262 629 1309 Nos
649 1260 697 1308 ad·

153 1332 293 1393 iniamus,
316 1346 384 1394 quae
398 1329 431 1380 de
450 1331 511 1380 loeo
525 1331 620 1394 ntique
642 1345 694 1378 nou

152 1401 220 1451 satis
233 1400 362 1464 expedito
382 1399 445 1449 olim
462 1399 578 1464 protulit
598 1416 631 1449 ec
644 1415 694 1448 me·

151 1486 210 1519 cum
224 1470 439 1519 communicavit
455 1470 496 1518 vir
508 1469 695 1519 nobilissimus

152 1540 275 1604 idemque
289 1539 464 1589 doctissimus
480 1539 562 1588 Liber
577 1539 647 1588 Baro
662 1538 696 1586 do

151 1609 341 1670 Reizenstein‚
360 1609 408 1672 qui
421 1609 448 1657 iu
465 1608 601 1658 Badarum
614 1608 695 1658 rebus

151 1679 280 1742 regundis
303 1692 434 1728 summum
457 1694 474 1727 ο
493 1678 615 1742 principe
634 1682 694 1742 ipso

152 1749 326 1798 serenissimo
352 1748 509 1797 obtinuerat
533 1747 630 1796 locum.
667 1748 694 1796 le

152 1819 234 1868 rerba
254 1810 289 1866 τοὶ
306 1815 462 1881 κατέχοντα
478 1811 628 1878 πρήγματα
640 1832 694 1866 nou

152 1887 231 1938 aliter
259 1886 367 1952 quidem
392 1901 425 1936 ac
447 1886 645 1950 Wesseliugius
668 1891 695 1935 et

152 1957 426 2021 Schweighaeuserus
447 1957 535 2020 accipi
552 1956 625 2018 vult,
648 1956 694 2005 sed

152 2027 218 2077 bene
232 2043 265 2078 ea
279 2026 411 2090 distingui
425 2041 441 2074 a
454 2025 591 2090 prioribus
604 2026 694 2086 rebus,

152 2098 186 2146 ab
198 2098 233 2146 iis
250 2096 327 2158 scih,
341 2110 409 2159 quas
425 2101 488 2159 poet
500 2096 644 2144 nomadum
653 2096 694 2144 in·

152 2168 305 2216 cursiouem
315 2166 399 2214 redux
410 2164 501 2215 lactus
511 2166 630 2227 invenit,
642 2169 694 2214 ter-

152 2253 208 2286 ram
224 2235 286 2286 dico
296 2251 313 2285 a
324 2235 448 2284 barbaris
459 2240 596 2284 vastatam
606 2249 639 2283 ac
651 2233 695 2283 de·

152 2306 287 2367 relatam,
309 2320 379 2369 quae
401 2306 538 2354 revocatis
559 2304 696 2368 prioribus

155 2376 251 2426 incolis
261 2374 307 2427 vel
317 2389 411 2425 recens
419 2374 539 2423 inductis
546 2372 650 2423 colonie
660 2372 695 2422 ad

153 2446 269 2510 priorem
282 2446 357 2494 doris
377 2450 478 2493 etatum
495 2443 650 2494 revocanda
670 2458 696 2492 e·

152 2521 210 2573 τοῖς
240 2529 311 2579 quse
329 2519 479 2578 sequuntur
502 2513 586 2563 verba
610 2509 693 2577 τρίτῳ

152 2579 268 2649 μὲνγὰρ
284 2577 341 2633 ἔτεϊ
353 2599 376 2632 κΙ
388 2599 411 2631 τ.
430 2582 453 2633 l.
468 2598 554 2648 usque
568 2582 693 2631 adfinem

152 2656 253 2721 capitis
280 2654 425 2704 interiecta
450 2653 574 2702 videntur
600 2651 635 2701 ad
662 2667 694 2700 ea

153 2725 321 2787 caenando,
338 2738 408 2788 qnae
422 2722 456 2772 ob
475 2722 536 2773 illas
551 2723 625 2786 ipsas
641 2736 693 2783 res,

152 2793 309 2861 quasillum
326 2808 406 2857 quam
418 2793 533 2845 maxime
547 2792 692 2853 tenuerint,

151 2864 313 2915 acciderint.
337 2862 502 2913 adverbium
512 2856 610 2909 νεωστὶ
622 2861 693 2910 idem

152 2936 195 2984 vir
209 2932 405 2998 sagacissimos
424 2931 533 2981 minime
555 2931 588 2980 de
608 2932 693 2994 primo

152 3004 287 3053 Miltiadis
305 3001 426 3052 adventu
441 3002 469 3049 iu
485 3001 692 3063 Chersonesum,

152 3074 199 3123 sed
216 3074 250 3123 de
262 3073 362 3133 reditu,
376 3071 508 3135 regressis
518 3068 638 3135 Scythis,
656 3072 694 3117 in·

152 3143 241 3207 telligi
253 3142 323 3203 vult,
338 3156 399 3191 cum
411 3141 518 3189 initium
532 3155 594 3203 cap.
605 3141 639 3188 40
652 3154 694 3187 ar-

151 3222 197 3263 cte
209 3212 354 3263 cohaereat
363 3209 406 3274 (ut
416 3210 545 3273 diximus)
558 3224 619 3259 cum
632 3224 692 3272 cap.

152 3285 186 3335 33
198 3282 244 3333 fin.
259 3282 319 3332 sive
332 3296 391 3330 cnm
406 3280 562 3329 narratione
572 3279 604 3327 de
614 3278 695 3326 Cher·

153 3353 244 3403 sonesi
255 3351 367 3400 urbibus
377 3348 541 3398 Phoenicum
551 3347 639 3397 classe
649 3364 695 3397 ex-

134 3424 290 3491 pugnatis,
304 3419 395 3468 adhuc
407 3416 497 3482 (μέχρι
508 3412 580 3481 τότε)
595 3417 695 3466 Miltia·

121 3492 128 3509 ¹
152 3494 194 3541 dis
208 3491 321 3555 imperio
343 3487 477 3550 subditis,
496 3489 613 3552 quinon
628 3486 696 3536 mul-

153 3568 208 3611 tum
221 3566 287 3611 ante
301 3558 468 3607 Phoenicum
483 3559 630 3607 adventum
642 3556 696 3617 (va-

153 3628 231 3693 morl)
245 3644 306 3679 eum
322 3643 353 3677 ee
368 3628 502 3689 rediisset,
517 3625 600 3675 muita
613 3625 696 3675 oileu-

153 3702 194 3751 dit
218 3694 268 3764 (τὰ
287 3696 440 3761 κατέχοντα
460 3691 641 3760 πρήγματα),
667 3695 695 3744 in

152 3770 251 3836 quibus
264 3767 394 3819 curandis
408 3766 449 3815 vel
462 3769 602 3829 graviora,
618 3763 695 3828 χαλε-

154 3836 266 3901 ιτεότερα
284 3837 444 3901 (adventum
464 3836 524 3885 dico
537 3836 634 3885 classis
650 3833 696 3883 ho·

152 3910 233 3969 stilis,
242 3923 296 3974 qua
305 3907 396 3969 lugam
408 3911 499 3969 petere
509 3910 621 3955 coactus
631 3901 695 3967 est),

153 3977 392 4043 superveniebant.
414 3974 493 4024 Unde
506 3974 638 4038 sequitur,
652 3990 695 4023 eo·

154 4050 213 4099 dem
232 4049 292 4112 viro
313 4049 454 4105 monente,
473 4044 636 4107 Scytharum
656 4045 696 4091 in-

154 4121 308 4168 cursionem
325 4115 409 4165 tertio
426 4119 488 4163 ante
506 4112 639 4162 Miltiadis
654 4113 695 4161 lu-

154 4203 214 4252 gam
230 4188 345 4238 aiteram
367 4200 438 4233 anuo
456 4189 484 4233 et
503 4182 620 4233 secundo
632 4186 698 4230 ante

156 4259 278 4308 Miletum
296 4259 421 4319 captain,
444 4260 544 4303 octavo
564 4250 606 4301 vel
625 4266 697 4301 nono

155 4328 295 4378 decimove
306 4326 390 4388 igitur
402 4338 474 4372 anno
490 4327 553 4387 post
562 4321 641 4371 Darii
654 4336 699 4370 ex·

156 4398 321 4461 peditionem
332 4393 475 4443 accidisse,
496 4391 612 4454 Quodsi
627 4406 699 4440 sum-

157 4468 251 4531 pseris,
265 4464 311 4516 vel
327 4462 423 4513 meiius
437 4462 560 4528 singulas
573 4476 616 4512 res
635 4475 699 4511 con·

190 4570 356 4613 Europos.
377 4567 426 4609 111.

747 914 841 963 venire
863 919 950 978 patet.
982 916 1079 978 Itaque
1092 916 1227 967 Miltiadis
1246 917 1290 967 su-

746 999 825 1048 gam,
839 999 900 1033 erim
915 984 1034 1047 Scythae
1053 988 1172 1053 ingressi
1187 992 1288 1048 essent,

747 1054 818 1102 idem
845 1052 890 1102 ille
917 1057 995 1119 ponit
1022 1061 1104 1108 tertio
1127 1063 1191 1106 ante
1215 1071 1289 1106 anno

746 1137 828 1185 quam
843 1122 964 1174 Athenas
983 1125 1109 1188 redierit;
1130 1132 1211 1191 atque
1227 1142 1288 1175 cum

745 1192 863 1256 Scythas
894 1194 921 1241 in
940 1192 1108 1247 Chersoneso
1130 1197 1197 1246 duos
1215 1201 1288 1246 certe

746 1276 832 1311 annos
846 1263 978 1312 mansisse
988 1265 1129 1327 probabile
1138 1266 1183 1327 sit,
1191 1269 1287 1315 tertio-

746 1346 797 1394 que
822 1330 927 1381 demum
946 1332 1098 1386 Miltiadem
1121 1351 1138 1384 s
1155 1335 1288 1385 Doloncis

745 1401 900 1462 reductum,
917 1400 963 1452 ille
979 1402 1086 1468 aliquot
1102 1403 1201 1455 abhinc
1214 1420 1287 1454 men-

745 1470 820 1520 sibus
840 1466 961 1535 (remoti,
975 1474 1067 1538 nuper)
1085 1475 1230 1525 advenisse
1248 1474 1288 1524 vi-

746 1540 840 1602 detur,
862 1554 922 1589 cum
942 1542 1023 1591 rebus
1043 1558 1115 1592 nunc
1133 1544 1287 1592 tractandis

744 1609 789 1658 rel
811 1610 969 1675 graviores,
990 1612 1106 1661 classem
1121 1611 1287 1663 Phoenicum

746 1678 807 1728 dico
839 1681 1089 1744 supervenientem,
1126 1682 1286 1746 inciderent,

746 1749 842 1812 quibus
863 1753 892 1797 ut
907 1748 1028 1799 Athenas
1046 1749 1206 1815 confugeret
1226 1767 1287 1801 coa-

743 1823 870 1871 ctusest.

779 1885 863 1952 τρίτῳ
879 1878 934 1934 ἔτεϊ
950 1879 1072 1950 τούτων]
1100 1878 1209 1936 τούτων
1224 1888 1286 1938 dedi

744 1972 793 2022 pro
807 1950 939 2005 τουτέων.
952 1983 987 1993 --
1002 1957 1087 2018 ,,Ηοο
1107 1973 1155 2022 per
1169 1973 1198 2007 se
1212 1958 1286 2023 posi·

745 2034 804 2076 tum
826 2030 935 2090 poterat
957 2027 1030 2075 tertio
1046 2033 1105 2088 post
1119 2042 1184 2076 anno
1203 2029 1287 2091 signi·

744 2096 836 2159 ficare,
863 2097 936 2144 sicut
958 2092 1080 2163 δευτέρῳ
1097 2089 1154 2144 ἔτεϊ
1176 2090 1286 2145 τούτων

745 2182 807 2229 cap.
817 2167 865 2224 463
881 2164 928 2215 sed
943 2180 975 2215 ex
986 2164 1124 2215 adiunctis
1137 2164 1190 2220 h.t.
1203 2165 1286 2216 facile

745 2241 875 2300 apparet,
900 2237 975 2284 lertio
998 2244 1057 2285 ante
1075 2250 1142 2284 omno
1161 2235 1286 2301 intelligi,

745 2306 818 2369 quod
832 2306 919 2369 ipsum
933 2318 1040 2368 quoqne
1052 2319 1114 2353 mox
1130 2304 1158 2353 in
1169 2303 1221 2354 fine
1236 2303 1286 2354 bn-

744 2377 788 2425 ius
807 2389 867 2438 cap.
891 2373 993 2422 diserte
1012 2371 1180 2436 declaratur,
1202 2374 1286 2440 τρίτῳ

744 2438 802 2493 ἔτεϊ
820 2433 1035 2505 πρότεροντῶν
1053 2434 1117 2491 τότε
1136 2457 1186 2506 μιν
1206 2457 1286 2491 κατε·

744 2505 886 2578 χύντων.“
911 2511 1081 2576 Schweigd.
1110 2511 1285 2563 Add.Kueh-

745 2600 793 2634 ner
808 2583 856 2632 (ir.
870 2581 915 2631 Gr.
933 2584 958 2645 ξ.
977 2583 1028 2633 514
1044 2586 1071 2632 et
1092 2581 1129 2633 cl.
1147 2582 1286 2632 Weissen-

744 2653 826 2703 born:
845 2650 939 2701 Hellas
955 2666 1017 2716 pag.
1030 2651 1064 2700 94
1084 2666 1140 2716 seq.
1173 2652 1286 2715 Probat,

744 2724 823 2773 cuius
838 2720 915 2770 modo
930 2721 1011 2769 attuli
1023 2720 1286 2786 interpretationem,

744 2793 826 2841 Liber
839 2791 911 2839 Baro
925 2790 959 2839 de
972 2789 1157 2841 Reizenstein.

780 2850 899 2915 Σκύθας
910 2849 1051 2924 ἐκφεύγει]
1068 2850 1218 2924 ‚inerme
1227 2860 1286 2910 vul·

742 2947 778 2996 go
796 2930 898 2988 editur3
925 2943 993 2992 quae
1010 2930 1033 2978 si
1054 2944 1119 2978 vera
1140 2931 1285 2993 scriptura,

744 3000 855 3073 veqbum
888 2989 1036 3061 ἐκφεύγειν
1067 3013 1122 3047 nou
1154 3004 1287 3048 consueta

744 3069 849 3133 alioqui
866 3069 991 3127 notione,
1014 3071 1044 3116 ut
1061 3082 1121 3131 cap.
1138 3066 1173 3118 38
1194 3068 1287 3132 accipi

744 3139 854 3188 debebit
885 3137 952 3202 (nec
982 3138 1052 3185 enim
1076 3136 1128 3186 hoc
1157 3139 1287 3187 admodum

741 3204 1224 3273 praveero1,quodScythaselfegum
1238 3206 1286 3256 sed

746 3272 875 3341 ἐκφεύγει
896 3276 921 3325 h.
943 3276 959 3325 1.
977 3275 1047 3324 idem
1068 3281 1150 3342 atque
1171 3276 1287 3341 simplex

746 3339 844 3411 φεύγει
865 3346 990 3406 sonabit,
1015 3346 1052 3395 ad
1067 3347 1217 3411 Scytharum
1240 3347 1287 3395 ad-

745 3426 839 3469 uentum
866 3416 1051 3466 eClrersoueso
1072 3416 1201 3482 profugit,
1221 3414 1287 3480 fupd
1355 3476 1361 3483 Ι

745 3490 851 3537 salutem
863 3494 952 3549 petere
970 3495 1071 3535 coactus
1085 3495 1132 3536 eat.
1168 3487 1219 3537 Sed
1235 3485 1286 3534 hac

746 3558 858 3607 notione
884 3556 1003 3619 rectius,
1028 3560 1059 3605 ut
1078 3554 1144 3605 mihi
1167 3556 1286 3615 ridetur,

747 3621 846 3689 ἔφευγε
872 3626 996 3675 scribunt
1021 3626 1075 3675 duo
1097 3625 1190 3685 codd,
1214 3624 1287 3689 quod

748 3698 831 3746 etiam
845 3695 923 3746 Valla
936 3711 986 3745 suo
1001 3696 1028 3744 in
1045 3694 1138 3745 codice
1153 3696 1287 3760 reperisse

746 3768 866 3816 videtur:
886 3771 969 3830 atque
982 3766 1075 3814 eodem
1089 3764 1168 3831 modo
1181 3780 1242 3814 mox
1254 3764 1288 3813 li-

746 3837 787 3886 bri
807 3851 898 3885 ornnes
917 3834 1073 3884 Herodoteo
1092 3850 1165 3884 more
1184 3834 1212 3884 id
1229 3850 1288 3883 rer-

747 3907 810 3955 bum
823 3909 965 3970 repetunt,
978 3898 1100 3960 τούτους
1112 3895 1245 3958 ἐπιόντας
1255 3929 1287 3937 -

747 3968 883 4037 ἕφευγε,“
908 3972 1078 4036 Schmeiplr.
1120 3971 1198 4031 Quod
1219 3972 1287 4020 San-

747 4044 830 4094 crolti
844 4042 911 4090 liber
922 4058 981 4091 cum
993 4040 1047 4090 alio
1057 4034 1155 4102 ἔφευγε
1165 4041 1287 4105 praebet,

747 4113 775 4162 id
799 4112 949 4176 eproxime
973 4111 1098 4174 sequenti
1117 4103 1215 4173 ἔφευγε
1235 4109 1288 4159 huc

748 4181 910 4233 translatum
933 4180 1056 4229 videtur:
1086 4181 1180 4244 itaque
1206 4178 1288 4228 malui

749 4269 809 4302 cum
827 4253 941 4301 recentt.
960 4248 1019 4298 edd,
1042 4249 1076 4298 ad
1091 4249 1232 4313 vulgatam
1251 4248 1289 4297 le·

748 4323 867 4372 ctionem
881 4309 1009 4381 ἐκφεύγει
1024 4317 1127 4382 redire,
1146 4333 1199 4383 qna
1216 4319 1289 4383 equi·

750 4392 809 4441 dem
833 4388 904 4439 haud
923 4387 1051 4438 offendor.
1085 4389 1148 4440 Mox
1166 4388 1227 4439 dedi
1241 4384 1289 4456 βα-

751 4456 840 4518 σιλέος
855 4454 1059 4526 ρεοβαοιλῆος.
1131 4468 1135 4475 ·

1055 4540 1093 4603 18
