3100 5175
271 453 333 515 ott

706 449 973 512 HERODOTI

270 627 484 715 πεμφθέντες
505 621 570 695 ὑπὸ
585 631 864 713 Λακεδαιμονίων
885 622 1023 712 ἄγγελοι
1044 625 1079 704 ἐς
1092 621 1156 713 τὴν
1171 621 1308 713 Ἀσίην,
1334 651 1418 709 προ-

271 725 430 810 δοθέντες
445 730 481 799 δὲ
496 724 562 798 ὑπὸ
576 729 749 798 Σιτάλκεω
764 735 825 798 τοῦ
846 727 976 817 Τήρεω,
993 736 1153 816 Θρηῖκων
1167 732 1346 816 βασιλέως,
1363 731 1418 796 παῖ

273 833 513 922 Νυμφοδώρου
536 839 594 901 τοῦ
614 837 759 918 Πυθέω,
783 830 906 920 άνδρὸς
925 830 1149 920 Ἀβδηρίτεω,
1173 829 1311 920 ἥλωσαν
1333 830 1419 900 κατά

271 936 447 1024 Βισάνθην
469 935 530 1023 τὴν
545 939 581 1005 ἐν
595 932 845 1028 Ἑλλησπόντῳ,
869 938 923 1006 καλ
945 934 1157 1023 ἀπαχθέντες
1178 940 1212 1015 ἐς
1227 935 1291 1024 τὴν
1311 932 1418 1004 Ἀττι-

272 1041 336 1128 κὴν
360 1036 536 1108 άπέθανον
556 1035 623 1108 ὑπὸ
641 1038 851 1128 Ἀθηναίων,
875 1037 959 1128 μετά
974 1040 1012 1107 tt
1032 1037 1149 1108 αὐτῶν
1170 1041 1226 1107 καλ
1246 1038 1419 1126 Ἀριστέης

273 1141 290 1212 ὁ
305 1142 540 1231 Ἀδειμάντου,
556 1148 740 1230 Κορίνθιος
754 1139 850 1232 άνήρ.
880 1147 985 1211 ταῦτα
1001 1145 1064 1231 μέν
1078 1171 1145 1213 νυν
1160 1153 1318 1214 πολλοῖσι
1331 1150 1419 1212 ἔτεσι

272 1244 415 1331 ὕστερον
430 1249 562 1333 ἐγένετο
575 1251 635 1315 τοῦ
648 1247 804 1335 βασιλέος
817 1243 950 1314 στόλου.

206 1371 265 1433 138
345 1348 518 1437 Ἐιιάνειμι
536 1350 573 1419 δὲ
594 1352 648 1419 ἐπὶ
667 1347 726 1419 τὸν
745 1349 911 1438 πρότερον
923 1348 1034 1435 λόγον.
1080 1344 1124 1417 Ἡ
1136 1349 1175 1417 δὲ
1188 1354 1417 1437 στρατηλασίη

272 1448 461 1541 ripensi-ios
475 1450 603 1541 οὔνομα
617 1453 679 1540 μὲν
694 1452 778 1540 εἶχε,
802 1448 846 1534 ὦς
861 1449 913 1522 ἐπ’
937 1450 1084 1541 Ἀθήνας
1099 1451 1255 1538 ἐλαύνει,
1278 1461 1464 1521 κατίετοδῦῦ

313 1651 508 1720 προδοθέντες
532 1651 562 1706 tt
587 1648 645 1705 ὑπὸ
671 1651 815 1706 Σιτάλκεω

272 1726 324 1777 τοῦ
341 1725 451 1791 Τήρεω]
472 1727 555 1777 Plura
574 1726 608 1776 de
624 1727 664 1776 his
678 1727 818 1791 Thucydi-

273 1798 321 1848 des
332 1798 350 1848 l.
365 1798 398 1856 1.,
415 1796 462 1861 qui
473 1797 543 1846 idem
560 1796 594 1845 tle
610 1796 706 1847 Sitalce
718 1812 817 1847 consu·

271 1867 367 1917 laudus
379 1867 417 1923 11,
431 1866 474 1916 20.
491 1867 525 1916 95
538 1882 615 1931 seqq.
632 1864 693 1930 (ubi
708 1866 762 1917 nid.
776 1867 817 1932 iln-

273 1937 418 2002 terpretes)
443 1933 505 1985 coll.
531 1935 664 1986 Herodot.
691 1936 746 1992 lv,
771 1936 815 1986 80.

272 2006 485 2070 nymphodorae,
503 2007 583 2056 ouius
601 2020 721 2055 sororem
733 2004 816 2055 Sital-

272 2092 318 2126 ces
332 2091 378 2125 rex
394 2074 491 2124 habuit
508 2090 618 2126 uxorem
634 2075 733 2140 quique
747 2073 815 2124 mul-

273 2152 329 2195 tum
340 2145 412 2210 apud
426 2144 497 2194 hunc
512 2145 614 2207 valuit,
634 2144 814 2195 Athenienses

273 2216 352 2264 initio
369 2214 434 2265 belli
445 2213 672 2279 Peloponnesiaci
687 2214 739 2264 sibi
751 2229 817 2264 con·

273 2282 409 2332 ciliorunt.
434 2281 518 2332 Plura
529 2283 653 2346 Thucyd.
666 2285 702 2346 11,
713 2284 756 2336 29.
770 2285 813 2344 07,

273 2353 319 2401 ubi
332 2351 388 2404 vid.
403 2354 575 2415 interpretes.
605 2354 646 2402 Do
664 2354 723 2417 ipso
737 2355 813 2418 Nptu-

269 2422 379 2484 plrodori
394 2422 500 2470 nomine
513 2421 668 2485 disputavit
678 2424 815 2473 Letronne

273 2494 314 2540 in:
336 2488 452 2538 Journal
467 2490 514 2539 des
529 2490 634 2539 Serene
657 2493 731 2541 1840.
750 2508 814 2556 pag.

274 2559 333 2613 173.
367 2559 420 2609 Pro
437 2555 570 2624 βασιλῆος
589 2559 651 2609 dedi
670 2555 815 2626 βασιλέως,

273 2637 301 2681 et
321 2645 368 2693 pro
382 2628 455 2694 vulg.
468 2623 575 2678 Πύθεω
589 2631 684 2694 scripsi
699 2629 815 2693 Πυθέω,

265 2702 398 2765 ‘idemque
411 2699 464 2750 feci
478 2700 540 2755 vlt,
558 2700 612 2751 181.
628 2701 676 2763 IX,
692 2701 733 2753 ts.
758 2703 815 2753 Nec

272 2770 364 2822 differt
378 2764 500 2832 Ἀριστέω
515 2770 562 2821 IV.
577 2771 626 2829 15,
643 2768 736 2836 Βορέω
750 2771 814 2830 v11,

276 2842 340 2903 180,
355 2840 426 2899 alia,
445 2854 515 2903 quae
529 2839 609 2889 affert
621 2842 737 2893 Brodov.
749 2856 812 2905 pag.

272 2910 324 2961 ‘218
338 2926 394 2975 seq.
411 2910 491 2960 Conf.
502 2910 599 2963 Krebs.
613 2911 701 2962 Lectt.
713 2910 814 2962 Diodd.

274 2980 404 3044 papatu
419 2995 474 3044 aeq.

307 3043 378 3096 κατὰ
403 3042 553 3109 Βισάνθην
579 3041 632 3110 τὴν
654 3037 684 3096 ἐν
704 3037 816 3111 ‘Elino-

272 3109 381 3184 πόντῳ]
403 3117 550 3180 Bisanthe,
571 3116 723 3169 Samiorum
742 3116 816 3167 colo-

272 3189 328 3247 nie,
344 3189 447 3251 optimo
461 3194 542 3251 portu
553 3187 690 3237 instructa
703 3187 737 3235 ed
750 3188 814 3236 Pro-

272 3257 411 3321 pontidem
435 3259 490 3307 sita
508 3256 574 3314 fuit,
599 3258 652 3321 qui
674 3257 720 3306 via
738 3256 816 3308 ducit

272 3327 436 3388 Byzantium
464 3327 522 3376 siva
544 3324 813 3390 Constantinopolin.

272 3395 374 3444 seriori
393 3401 485 3443 aetate
500 3410 558 3444 cum
578 3400 721 3445 vocaretur
731 3395 816 3446 Illine-

272 3464 358 3515 ‹lettar
370 3480 391 3513 s.
407 3464 534 3519 liesirtaa.
554 3464 633 3514 fluxit
645 3465 706 3515 hinc
721 3481 812 3516 receu-

272 3536 326 3582 tior
347 3532 495 3597 appellatio
516 3533 637 3588 liodosto.
676 3535 737 3585 vid.
761 3537 813 3585 Xe·

272 3602 354 3667 noph.
364 3603 451 3655 Anah.
462 3602 525 3664 Vll,
536 3604 552 3650 λ
562 3602 608 3654 fin.
625 3604 716 3669 ibique
727 3605 814 3656 [irue-

270 3688 327 3737 ger‚
342 3671 494 3723 Taschuclr.
511 3671 546 3722 ad
560 3672 623 3725 Mel.
638 3675 680 3733 ΙΙ,
701 3676 725 3724 2.
745 3677 770 3737 5.
786 3676 812 3728 6.

271 3757 333 3808 pag.
345 3743 392 3792 105
403 3747 471 3795 nott.
483 3758 587 3807 exegg..
601 3743 735 3793 Mannert.
749 3747 772 3793 V
774 3745 812 3796 11.

271 3828 335 3877 pag.
352 3812 401 3862 180
412 3829 479 3878 seq..
493 3813 639 3876 Forbiger:
659 3814 768 3866 Handb.
784 3814 810 3864 d.

272 3880 321 3931 alt.
333 3881 485 3948 Geograph.
496 3882 548 3933 111.
559 3898 621 3946 pag.
632 3884 705 3935 1001.
731 3884 812 3933 Unds

272 3952 342 4000 sotis
364 3952 540 4015 intelligitur,
564 3952 751 4016 Hellespontum
768 3953 815 4004 hie

271 4020 364 4071 latiori
381 4037 463 4071 sensu
482 4021 552 4083 dici,
578 4037 631 4086 qno
651 4038 754 4071 omnem
776 4025 814 4072 si·

272 4090 736 4156 mulPropontidomcomplectitur.
749 4093 811 4142 Vid.

272 4166 342 4211 nott.
356 4161 391 4209 ad
407 4162 459 4223 IV,
474 4160 516 4213 85.

319 4224 367 4277 ιιαλ
393 4222 540 4293 Ἀριστέης]
570 4229 651 4280 Hunc
677 4229 813 4294 putabant

181 4322 186 4331 ·
271 4298 451 4350 Athenienses
470 4299 617 4348 Thronium
642 4301 813 4364 potissimum

272 4367 437 4419 sollicitasse
448 4374 477 4419 et
488 4371 541 4418 iarn
555 4373 619 4418 ante
631 4370 657 4418 in
668 4369 814 4420 Potidaea·

271 4443 359 4488 tarum
377 4438 458 4488 rebus
475 4438 561 4488 multa
576 4437 646 4488 mala
659 4438 727 4502 ipsis
741 4440 814 4490 intu-

270 4508 347 4567 lisso;
359 4523 429 4573 quac
440 4523 472 4558 ne
481 4508 578 4557 iterum
587 4507 719 4573 facerent,
727 4514 814 4561 morte

865 1657 1417 1722 eumplectendumcensuere,testeThu-

866 1727 964 1790 cydide
974 1727 1072 1786 11,o·2.
1082 1727 1127 1778 07.
1159 1726 1267 1793 Scripsi
1278 1722 1418 1790 Ἀριστέης

866 1812 926 1846 curo
935 1794 1085 1856 Diodorfio,
1097 1797 1145 1846 ubi
1157 1796 1241 1861 vulgo
1250 1789 1341 1859 Ἀριστ
1350 1794 1363 1844 ε’
1368 1814 1386 1845 α
1395 1813 1417 1860 ς,

866 1867 938 1931 quod
950 1866 1122 1916 retinuerunt
1130 1866 1241 1915 Belrher
1253 1875 1281 1916 et
1291 1867 1418 1917 Dietsch.

867 1935 1038 1986 Vid.Herod.
1047 1936 1094 1995 lV,
1108 1935 1140 1987 13
1150 1940 1179 1984 et
1189 1935 1224 1985 de
1234 1938 1297 2001 ipso
1307 1939 1418 1987 nomino

864 2004 1066 2056 contremens:
1078 2006 1119 2056 De
1129 2005 1344 2056 dialectDoric.
1352 2022 1416 2071 pag.

865 2075 928 2126 tot.

906 2175 1038 2225 πολλοῖσι
1060 2168 1132 2225 ἔτεσι
1155 2165 1292 2242 ὕστερον]
1317 2178 1417 2227 Psrcrn

864 2247 892 2295 in
915 2246 1022 2296 modum
1042 2245 1164 2312 loquitur
1176 2248 1281 2296 Noster
1301 2247 1358 2307 IX,
1374 2249 1416 2308 73,

864 2316 912 2366 ubi
924 2319 1007 2365 etiam
1024 2314 1091 2365 belli
1105 2314 1338 2380 Peloponnesiaci
1352 2325 1418 2366 tern-

865 2401 932 2450 pora
957 2386 1066 2449 attigit:
1096 2384 1153 2435 alis
1182 2386 1235 2435 huc
1257 2387 1418 2450 spectantis

865 2458 920 2504 iam
942 2470 1024 2519 snpra
1043 2454 1186 2505 attulimus
1210 2455 1245 2504 ad
1266 2456 1334 2517 vti,
1358 2457 1415 2506 100.

864 2525 943 2588 Quod
955 2526 1025 2574 enirn
1039 2524 1163 2574 hocloco
1177 2531 1316 2586 narratur,
1330 2526 1358 2574 id
1371 2540 1417 2573 ac-

864 2596 932 2647 cidit
953 2601 1026 2645 teste
1039 2594 1203 2658 Thucydide
1223 2594 1241 2647 1,
1260 2596 1279 2647 Ι.
1299 2604 1417 2645 exeunte

865 2672 972 2715 aestate
986 2665 1074 2714 altera
1084 2664 1148 2714 belli
1157 2664 1386 2729 Peloponnesiaci
1395 2682 1418 2713 s.

864 2734 1170 2799 otymp.Lxxttvt1‚3
1180 2752 1202 2784 s.
1217 2734 1270 2785 430
1282 2751 1307 2785 a.
1316 2735 1416 2787 Chre.

865 2806 1066 2870 qninquaginta
1089 2810 1117 2853 et
1136 2805 1209 2869 quod
1228 2807 1351 2855 excurrit
1368 2822 1416 2854 an·

865 2875 907 2924 nis
921 2878 983 2941 post
997 2873 1094 2923 Xerxis
1109 2874 1322 2939 expeditionem.
1347 2875 1418 2925 Sunt

865 2960 930 2994 vero
956 2943 1025 2993 talia
1053 2943 1089 2993 ad
1117 2945 1262 3008 scriptoris
1291 2950 1416 3008 tempore

865 3012 1061 3064 constituenda
1073 3014 1338 3063 meximimomenti.
1355 3015 1416 3065 Vid.

865 3083 1035 3134 Dahlmaun:
1064 3083 1196 3134 Herodot.
1217 3083 1288 3150 ρας.
1300 3086 1335 3136 40
1357 3099 1418 3150 seq.

1005 3288 1071 3340 Cur.
1088 3290 1273 3344 cxxxvttl.

894 3417 1042 3489 Ἐπάνειμι
1058 3420 1090 3476 δὲ
1104 3444 1130 3480 a.
1145 3444 1169 3479 τ.
1184 3426 1225 3493 λ.]
1244 3429 1263 3480 i.
1278 3446 1302 3480 e.
1318 3430 1419 3494 Repre-

862 3496 922 3545 dian
938 3497 974 3545 aa
993 3501 1106 3558 prior-era
1124 3500 1314 3563 narrationem,
1336 3499 1418 3550 huius

862 3567 947 3630 ipsine
970 3566 1032 3615 libri
1056 3567 1138 3618 initio
1163 3569 1340 3629 institutam,
1369 3570 1418 3619 sed

860 3636 1043 3700 interruptam
1067 3639 1227 3688 narratione
1257 3638 1292 3687 tle
1315 3640 1417 3688 Xerxis

862 3713 999 3769 apparatu
1015 3705 1050 3755 ad
1066 3704 1138 3757 hanc
1154 3708 1360 3772 expeditionem
1375 3710 1418 3758 ia·

861 3780 906 3824 cto
920 3780 947 3825 et
960 3776 1122 3826 recensione
1136 3778 1279 3841 copiarum
1292 3778 1419 3844 nudique

860 3844 1046 3895 collectarum.
1082 3846 1124 3896 Aa
1141 3847 1229 3910 ipsam
1245 3847 1418 3898 locutionem

864 3915 937 3965 conf.
954 3915 1130 3979 1‚140.v11,
1147 3914 1207 3966 239.

899 4006 1010 4079 οὔνομα
1024 4010 1075 4081 μὲν
1089 4011 1158 4085 εἶχε]
1178 4020 1281 4085 Attigit
1296 4019 1419 4071 locutio·

863 4102 925 4137 nem
943 4088 1107 4153 Hoogeveen
1135 4088 1169 4138 ad
1188 4090 1252 4156 vig.
1272 4105 1336 4154 pag.
1352 4092 1418 4149 254,

864 4158 911 4207 ubi
939 4158 979 4208 sic
1003 4160 1215 4222 interpretatur:
1244 4160 1320 4210 Haec
1345 4164 1418 4225 repis

865 4228 993 4290 expeditio
1011 4229 1087 4278 verbo
1110 4231 1207 4293 quiden
1224 4229 1308 4292 fiebat
1323 4240 1419 4279 eontra

864 4298 992 4362 Athenae,
1021 4313 1112 4347 revera
1136 4308 1217 4349 autem
1242 4307 1334 4348 contra
1356 4316 1420 4349 carr·

864 4376 928 4418 ctam
948 4368 1081 4417 Graeciam
1099 4369 1252 4420 mittebatur.
1286 4370 1329 4419 De
1344 4369 1421 4419 iadi-

863 4439 956 4488 cativo
967 4429 1076 4487 ἐλαύνει
1091 4437 1164 4488 coni.
1176 4438 1284 4495 Weriar
1300 4439 1327 4487 in
1339 4440 1418 4489 Acti.

865 4508 1078 4572 ρ1ι111.Μοιιτοο.
1095 4507 1115 4558 1.
1128 4523 1155 4573 p.
1172 4508 1229 4561 110.
1264 4508 1336 4559 adt.
1349 4509 1420 4573 vlt,
