3100 5175
448 441 725 502 rosunum.
747 442 819 502 vn.
842 449 899 504 no.
929 533 933 542 ι
1014 411 1021 422 ’
1177 440 1238 503 τοι

113 612 377 704 reciprocantur.
414 613 479 684 ἀπό
504 618 542 685 δὲ
559 613 668 705 Ὑρίης
686 616 800 694 πόλιος
816 613 872 695 τοὶς
895 612 997 695 ἄλλος
1016 621 1157 702 οἰκίσαι,
1180 614 1238 696 τοὶς

114 717 152 807 δὴ
170 728 365 806 Ταραντῖνοι
378 721 490 812 χρόνῳ
502 717 644 808 ὕστερον
663 725 775 812 πολλῷ
792 717 1021 802 ἐξανιστάντες
1034 724 1235 807 προσέπται-

111 843 170 892 σαν
182 823 348 912 μεγάλως,
373 821 457 892 ὥστε
478 824 582 912 φόνος
597 821 788 912 Ἐλληνικὸς
801 827 961 912 μέγιστος
983 816 1079 904 οὗτος
1099 822 1141 913 δὴ
1163 827 1235 909 ἐγέ-

112 953 182 995 νετο
195 928 330 996 πάντων
342 932 411 997 τῶν
424 923 518 1016 ἡμεῖς
540 935 638 1016 ἴδμεν
646 982 655 1014 ,
676 925 790 998 αὐτῶν
803 955 839 996 τε
860 936 1077 1014 Ταραντίνων
1090 931 1146 996 καὶ
1163 925 1234 1017 Ῥη-

111 1038 226 1117 γίνων,
239 1038 275 1100 οἳ
285 1027 351 1101 ὑπὸ
367 1032 532 1102 Μικύθου
546 1038 606 1101 του
617 1028 743 1121 Χοίρου
756 1028 1017 1120 ἀναγκαζόμενοι
1031 1037 1099 1101 τῶν
1113 1029 1235 1117 ἀστῶν,

109 1233 212 1298 quaead
225 1233 439 1298 septentrionem
453 1233 569 1283 maxime
584 1247 642 1284 ver·
691 1238 721 1282 ut
733 1232 756 1293 I,
775 1233 833 1283 155.
849 1233 897 1292 IX,
915 1232 964 1282 loo
988 1233 1025 1284 ll.
1040 1233 1099 1286 ΠΙ.
1119 1223 1234 1295 Αᾱχρό-

108 1306 153 1366 git,
170 1305 286 1355 Dauniae
304 1304 402 1354 habuit
423 1318 536 1365 nomen,
559 1319 641 1369 quam
692 1317 733 1368 νῳ
749 1291 870 1365 ὕστερον
890 1299 985 1367 πολλῷ
1000 1303 1072 1353 conf.
1088 1303 1140 1365 VI,
1157 1304 1190 1352 72
1205 1309 1233 1352 et

108 1378 191 1437 ipsam
201 1375 434 1440 excepitPeueetia
448 1379 475 1423 et
487 1374 641 1438 tertiapars
692 1372 851 1422 adverbum
864 1370 1056 1432 προσπταίειν
1075 1378 1143 1422 nott.
1157 1371 1193 1422 ad
1207 1373 1231 1430 l,

107 1444 139 1493 ad
154 1444 285 1500 orientem
299 1446 417 1493 maxime
432 1451 560 1508 spectans
571 1442 644 1493 Μυο-
690 1444 733 1494 tio.
757 1444 799 1492 De
815 1443 875 1507 ipso
889 1441 959 1493 bello
972 1444 1043 1493 inter
1054 1443 1230 1504 Tarentinos,

106 1520 185 1576 suma,
206 1515 334 1578 regiones
356 1514 522 1563 Tarentinas
547 1516 642 1577 peniu-
690 1513 789 1577 quibus
803 1511 908 1562 auxilia
915 1513 1230 1577 praebuerantlthegini,

108 1583 242 1650 solamque
273 1585 417 1650 Iapygiam
447 1584 641 1649 complectens.
692 1594 720 1632 et
739 1584 810 1632 inter
832 1584 949 1647 Iapyges
968 1589 1029 1633 orto
1054 1583 1131 1632 etde
1151 1583 1231 1647 gravi

107 1653 164 1706 Vid.
184 1656 323 1705 Mannert.
343 1655 393 1715 tx,
406 1657 433 1703 2.
446 1670 473 1718 p.
488 1658 503 1704 ’ὶ
516 1670 592 1719 seqq.
613 1659 641 1705 et
692 1652 781 1714 clade,
799 1667 880 1717 quam
901 1654 1046 1703 'l'arentini
1065 1653 1143 1717 passi
1155 1657 1229 1713 sunt,

106 1723 245 1788 Forbigerz
260 1724 370 1774 Haudb.
385 1724 411 1773 d.
426 1725 474 1772 alt.
486 1724 639 1788 Geograph.
690 1722 813 1786 pluribus
833 1723 926 1773 retulit
941 1723 1056 1773 Diodor.
1076 1724 1124 1786 XI,
1139 1724 1183 1775 52.
1197 1753 1229 1762 -

106 1793 154 1844 lll.
171 1809 232 1859 pag.
252 1795 303 1844 751
326 1809 385 1858 seq.
413 1792 454 1842 Ad
473 1796 557 1844 verba
574 1787 640 1843 olari
690 1792 722 1841 In
735 1808 811 1858 seqq.
828 1793 928 1857 scripsi
941 1786 1036 1841 αὐτῶν
1050 1809 1099 1858 pro
1111 1786 1229 1855 αυτέιον,

105 1856 135 1910 dl
147 1857 219 1913 eluar
232 1856 377 1927 νησιώτας
390 1864 447 1914 vid.
464 1869 535 1914 nott.
546 1864 582 1913 ad
592 1864 639 1927 VI,
688 1867 720 1911 ut
737 1863 800 1924 Vll,
815 1864 859 1912 lil
876 1858 984 1911 τούτων
996 1879 1045 1928 pro
1057 1855 1189 1917 τουτέων.

105 1931 144 1983 32.
179 1933 313 1984 Voculam
331 1933 384 1982 tori
400 1940 465 1983 ante
483 1927 557 1982 εἷναι
575 1933 639 1984 olim
724 1922 794 1981 οἷστε
811 1926 902 1995 φόνος
915 1925 1080 1997 Ἐλληνικὸς
1100 1928 1229 1997 μέγιστος

106 2004 230 2054 insertam
242 2004 373 2068 ignorant
385 2004 482 2068 scripti
496 2004 565 2053 libri.
591 2007 640 2055 Re-
689 2030 723 2040 -
742 1998 858 2051 πάντων
873 2001 930 2050 τῶν
942 1993 1024 2067 ἡμεῖς
1034 1999 1128 2068 ἴδμεν]
1143 2003 1229 2053 Recte

105 2074 183 2124 tinuit
199 2079 294 2123 tamen
314 2088 373 2123 eam
385 2073 537 2134 Bekkerus‚
559 2089 638 2139 quem
689 2074 847 2137 suspicatus
869 2077 928 2124 erat
952 2072 1101 2124 Grotelend
1122 2071 1151 2137 (l.
1166 2072 1184 2124 l.
1205 2072 1228 2122 l.

104 2143 222 2195 Dindorl.
247 2148 278 2194 et
296 2142 421 2193 Dietsoh.
447 2148 536 2194 secuti
558 2150 637 2194 sunt:
691 2158 752 2207 pag.
769 2142 826 2207 34),
848 2142 914 2193 liaeo
930 2144 1016 2194 rerba
1035 2143 1069 2192 ab
1087 2142 1229 2191 Herodoto

104 2212 147 2262 sed
159 2214 324 2264 infinitivum
338 2213 396 2262 sine
408 2210 461 2262 τοῦ
475 2215 640 2279 sequiposse
690 2212 773 2262 scribi
797 2213 939 2264 debuisse.
960 2217 1108 2276 antequam
1135 2211 1228 2262 clades

104 2284 281 2334 antecedente
292 2278 371 2343 αντὶ,
387 2299 419 2334 ex
433 2285 570 2348 epicorum
586 2299 642 2334 ser·
690 2282 739 2353 illa
767 2282 886 2331 omnium
921 2284 1040 2331 maxima
1070 2281 1227 2344 accidisset,

104 2367 176 2404 mone
206 2353 310 2404 similia
343 2353 491 2417 praebente
518 2353 641 2404 declarat
690 2368 771 2417 quam
786 2351 969 2402 Athenienses
982 2351 1228 2417 belloPeloponne·

103 2425 188 2474 Ameis
214 2424 252 2473 ud
275 2423 386 2490 Homeri
411 2422 510 2489 Odyss.
535 2424 637 2487 XVlll,
688 2424 764 2473 siaco
779 2422 1140 2487 styraousaspassisunt:
1157 2420 1227 2471 haec

103 2492 159 2543 370.
687 2507 753 2542 vero
766 2492 858 2543 clades
872 2508 931 2542 eum
945 2494 1079 2543 acciderit
1091 2507 1163 2542 auno
1176 2492 1228 2542 413

134 2558 183 2622 τὰς
196 2555 286 2619 ἄλλας
299 2557 416 2628 οἰκίσαι]
437 2562 455 2613 ἰ.
476 2577 501 2613 e.
521 2572 641 2613 caeteras
688 2567 752 2613 ante
774 2561 839 2614 Chr.
858 2579 898 2623 n.,
923 2564 1019 2613 merito
1046 2562 1109 2613 inde
1133 2561 1227 2628 colligi

101 2635 248 2685 condidisse.
281 2633 379 2699 ltaque
407 2631 477 2682 male
498 2632 640 2684 Sancroiti
688 2639 913 2699 posssputamus,
926 2633 1093 2683 Herodotum
1102 2632 1227 2683 hoc‘tem-

101 2703 165 2754 liber
176 2699 303 2768 οἰκῆσαι.
323 2703 364 2752 Ad
380 2709 569 2767 argumentum
584 2703 639 2754 loei
687 2718 754 2768 pore
765 2718 820 2752 non
833 2703 954 2767 amplius
972 2704 1000 2751 in
1014 2704 1102 2763 vivis,
1118 2702 1165 2752 sed
1179 2704 1228 2753 dn·

102 2773 220 2839 disputat
241 2772 350 2823 Hoeolr.
371 2772 444 2824 Cret.
471 2772 509 2822 11.
539 2789 565 2837 p.
587 2773 638 2825 384
688 2774 751 2823 dum
763 2778 898 2822 mortuum
915 2773 1016 2823 fuisse:
1039 2773 1138 2823 etenim
1156 2772 1227 2822 hane

101 2858 165 2909 seq.,
178 2844 309 2894 civitates
321 2842 371 2891 has
380 2843 581 2893 altreiensibus
591 2843 639 2893 ad-
687 2843 711 2891 si
722 2843 899 2907 cognovisset
910 2840 1014 2892 cladem
1030 2842 1119 2892 adhuc
1135 2856 1227 2906 super-

100 2916 173 2964 venis
186 2914 389 2978 Messapiorum
407 2912 577 2962 multitudini
591 2912 640 2962 ad·
688 2918 754 2973 stes,
770 2927 840 2973 earn,
862 2927 932 2976 quae
947 2917 1040 2961 nostro
1051 2912 1111 2961 loco
1126 2927 1226 2960 memo-

100 2986 188 3034 rnirtis
206 2982 337 3034 conditas
355 2982 523 3045 Tarentinis,
540 2989 571 3032 nt
592 2983 639 3047 qni
688 2988 780 3044 ratur,
812 2981 891 3047 longe
915 2986 988 3032 certe
1014 2981 1168 3031 inferiorem
1196 2981 1227 3031 il·

101 3068 201 3104 omnem
214 3055 350 3117 Iapygiae
372 3068 449 3102 oram
461 3051 561 3102 ditioni
573 3068 639 3103 suae
688 3052 743 3101 lam
761 3051 870 3117 quidem
896 3052 987 3101 dicere
1014 3066 1068 3101 non
1090 3052 1227 3116 potuisset

100 3122 197 3175 addere
215 3123 363 3183 voluerint,
387 3127 495 3171 tentam
511 3121 639 3173 intulisse
689 3114 956 3186 povov'liilnmsov
969 3115 1101 3185 μέγιστον
1110 3117 1227 3170 πάντων

100 3200 232 3259 stragem,
258 3194 401 3257 ipsumque
420 3193 572 3243 Tarentum
592 3192 639 3242 ille
689 3188 746 3240 τιόν
760 3183 841 3256 ἡμεῖς
854 3189 944 3256 ἴδμεν.
966 3191 1044 3242 Coui.
1058 3197 1129 3242 nott.
1147 3192 1182 3241 ad
1193 3194 1226 3253 V,

100 3264 239 3314 contendit
267 3279 284 3312 a
305 3262 452 3326 Messaplis
482 3261 638 3314 hominibus
690 3261 1227 3319 rocavi,ssotvidnutinoincm-

99 3340 179 3399 atque
190 3332 372 3384 Cretensibus
390 3333 465 3396 prius
483 3334 568 3384 inisse
590 3333 638 3384 hs·
689 3338 804 3383 montet.
829 3333 862 3382 do
882 3333 976 3382 mortis
1002 3331 1133 3383 Herodot.
1157 3337 1226 3381 tern-

103 3403 226 3465 bitatum,
241 3418 324 3468 qnam
342 3403 466 3453 Lacones
486 3402 555 3454 duee
566 3401 638 3454 Pha-
689 3418 754 3468 pore
771 3418 835 3468 pag.
853 3405 869 3453 4
888 3408 917 3452 et
928 3401 1019 3452 Senon
1040 3403 1067 3451 in
1080 3402 1227 3453 Schneide-

99 3471 190 3524 lautho
212 3473 391 3533 acoeswrint,
413 3487 527 3536 quorum
556 3477 639 3537 opert
688 3474 753 3522 nini
775 3470 970 3537 Philologlll.
990 3488 1051 3536 pag.
1075 3474 1127 3524 ²00
1148 3488 1224 3538 seqq.

100 3558 156 3592 mox
168 3545 234 3594 urbs
251 3542 299 3592 illa
310 3546 454 3607 tantopere
466 3544 591 3605 creverit,
607 3552 637 3595 nt
687 3542 766 3606 Quod
785 3559 849 3593 vero
867 3543 999 3606 adipsum
1018 3543 1147 3608 loquendi
1170 3558 1226 3592 mo·

101 3627 162 3664 sane
173 3614 302 3664 Lacones
314 3627 362 3676 pro
383 3613 457 3662 urbis
476 3614 636 3666 auctoribus
687 3613 750 3662 dum
766 3614 875 3666 attinet.
890 3611 1004 3663 similem
1014 3628 1123 3677 prorsus
1135 3613 1226 3661 inmo-

99 3688 179 3748 stque
194 3683 385 3734 conditoribus
397 3681 571 3734 haberentur.
687 3683 749 3734 dum
762 3683 797 3732 de
809 3682 860 3733 hac
878 3683 939 3746 ipsa
954 3682 1159 3732 Atheniensium
1170 3683 1225 3732 cln-

130 3747 180 3810 τὰς
196 3747 235 3818 δὴ
254 3753 429 3815 Ταραντῖνοι
445 3745 538 3819 χρόνῳ
556 3742 636 3802 dors·
687 3752 720 3803 de
732 3755 772 3803 sie
785 3752 1092 3832 loquitur'l'hucpdides
1102 3752 1164 3809 Vll,
1177 3753 1224 3802 85:

99 3837 149 3881 ρον
169 3820 267 3890 πολλῷ
283 3814 489 3887 ἐξανιστάντες]
521 3832 636 3874 mersere
687 3823 818 3879 πλεῖστος
836 3815 889 3886 γὰρ
907 3815 944 3886 δὴ
961 3835 1054 3883 φονος
1072 3810 1157 3878 οὗτος
1176 3816 1225 3870 καὶ

57 3936 58 3939 ,
97 3901 215 3944 amantes
253 3895 449 3957 interpretatur
482 3891 635 3957 Schweigh.
688 3885 809 3948 οὐδενὸς
823 3882 948 3940 ἐλάσσων
967 3889 1023 3939 τῶν
1044 3882 1074 3941 lv
1093 3890 1132 3958 τῷ
1145 3889 1226 3940 Σικε-

99 3962 232 4028 Eqnidem
250 3962 277 4016 h.
299 3963 318 4013 l.
340 3977 394 4012 non
407 3966 463 4012 tam
480 3963 515 4011 de
527 3963 635 4013 urbium
687 3959 757 4025 trani
771 3954 882 4026 πολέμῳ
895 3952 985 4027 τούτῳ
998 3952 1116 4025 ἐγένετο.

97 4036 235 4098 censione,
258 4048 339 4098 quam
363 4031 396 4082 de
412 4031 564 4083 incolarum
589 4048 637 4083 ex·
722 4027 751 4081 o‘i
781 4022 839 4080 όιιὸ
869 4025 1012 4080 Μικύθου
1034 4027 1086 4081 τοῦ
1116 4029 1225 4092 Χοίρου

95 4105 218 4164 panone,
235 4118 302 4168 qnos
323 4102 413 4152 victos
432 4103 461 4152 in
486 4100 556 4153 alins
576 4101 635 4153 soil.
687 4093 911 4165 ἀναγκαζόμενοι
928 4099 984 4149 τῶν
1000 4091 1105 4166 ἀστῶν]
1124 4096 1153 4150 οἳ
1165 4118 1225 4167 spe·

97 4171 184 4234 sedes,
199 4178 231 4223 ut
244 4173 326 4222 moris
345 4176 415 4234 erat,
435 4172 636 4236 transtulerint,
688 4177 746 4222 etet
761 4172 796 4221 ad
811 4170 945 4236 Rheginos,
958 4172 1031 4236 quie
1046 4174 1131 4222 ciuium
1143 4187 1225 4222 nane-

97 4243 139 4306 ngi
155 4242 277 4292 credam.
313 4243 403 4307 Atque
422 4243 480 4307 ipse
499 4242 638 4306 Schweig-
688 4258 718 4292 ro
729 4238 801 4299 (raia
812 4235 915 4297 ἆοτοίν,
933 4246 962 4290 ut
977 4241 1038 4302 VII,
1062 4241 1121 4301 156)
1134 4243 1225 4291 delecti

96 4311 211 4362 haeuser
226 4313 253 4362 in
269 4313 362 4362 Lexio.
384 4311 515 4362 Herodot.
535 4312 557 4364 I.
572 4326 635 4377 pag.
687 4330 704 4362 α
727 4311 839 4376 Micyllus
860 4315 942 4360 eoacti
958 4319 1034 4361 erunt
1053 4312 1090 4360 ud
1106 4314 1225 4362 sumtum

96 4382 147 4432 224
159 4373 341 4441 ἐξανιστάναι
357 4375 450 4447 πόλιν,
468 4382 541 4447 quod
554 4380 636 4446 vulgo
689 4380 835 4432 Tarentinis
859 4382 990 4442 [mendum
1021 4398 1043 4434 s.
1077 4384 1225 4431 auxiliatum

96 4450 228 4501 reddatur
236 4452 446 4507 euerterenrlrern.
461 4451 541 4501 simul
552 4451 637 4516 signi·
687 4456 755 4503 misai
768 4459 851 4500 erunt.
885 4451 1024 4503 Weriorus
1042 4452 1131 4514 (Acti.
1147 4451 1223 4517 phili.

95 4519 557 4586 iissremonetcapellereincolentes
572 4537 635 4583 eam,
687 4525 812 4576 Menace.
834 4523 857 4571 l.
875 4536 900 4587 p.
920 4523 972 4572 240
990 4523 1072 4588 seq),
1092 4522 1135 4572 cui
1156 4522 1223 4573 liaeo

961 4604 1028 4669 45*
