3100 5175
242 332 302 397 198
677 329 946 394 HERODOTI

241 510 303 602 plu
319 505 360 595 δὴ
373 506 635 586 ἀναπεισθέντες
645 507 870 595 ἐψηφίσαντο,
886 516 990 577 είκοσι
1004 505 1081 584 νέας
1093 500 1286 573 ἀποστεῖλαι
1300 511 1382 593 βοη-

241 611 326 693 soor
344 609 455 698 Ἴωσι,
486 608 673 700 στρατηγὸν
692 609 913 694 ἀποδέξαντες
933 607 1046 680 αὐτῶν
1065 607 1152 678 είναι
1168 609 1382 697 Μελάνθιον,

244 716 352 804 ἀνδρα
365 723 432 785 τῶν
452 713 563 785 ἀστῶν
583 714 679 783 ἐόντα
695 713 735 784 τὰ
756 712 865 785 πάντα
887 715 1035 803 δόκιμον.
1079 702 1188 783 Αὖται
1204 713 1241 782 δὲ
1255 717 1292 782 αί
1309 715 1384 792 νέες

197 835 237 901 98
247 819 331 910 ἀρχὴ
345 824 459 891 κακῶν
473 823 627 907 ἐγένοντο
636 814 776 908 Ἕλλησί
786 848 822 890 τε
837 821 892 889 καί
906 817 1114 908 βαρβάροισι.
1142 816 1434 905 Ἀμισταγὸρηςιιῑ

246 928 284 998 δὲ
299 923 499 1014 προπλώσας
515 925 569 993 καὶ
589 920 791 1012 ἀπικόμενος
812 928 845 1006 ές
864 922 925 1012 την
947 930 1120 1010 Μίλητον,
1142 918 1288 1009 ἐξευρών
1302 920 1383 1009 βού-

247 1041 370 1119 λευμα,
385 1025 443 1097 ἀπ’
460 1018 501 1097 οὗ
517 1025 606 1095 Ἴωσι
621 1027 683 1115 μὲν
697 1026 838 1116 οὐδεμία
853 1036 969 1115 ἔμελλε
984 1024 1114 1113 ὠφελίη
1129 1031 1282 1094 ἔσεσθαι·
1305 1021 1380 1094 οὐδ’

247 1126 296 1204 ὧν
309 1130 389 1204 οὐδὲ
403 1131 525 1202 τούτου
540 1135 652 1200 εἵνεκα
669 1134 796 1219 ἐποίεε,
816 1129 890 1202 ἀλλ’
909 1127 994 1210 ὅκως
1009 1131 1148 1218 βασιλέα
1161 1140 1311 1217 Δαρεῖον
1323 1137 1384 1198 λυ-

247 1338 291 1387 nis
306 1333 410 1385 vixisse
431 1335 459 1382 et
480 1332 604 1382 civitatis
624 1338 726 1384 statum
747 1349 793 1384 oo·
843 1333 955 1385 Graecis
972 1331 1043 1383 bello
1057 1333 1241 1397 praebuerunt
1260 1337 1387 1398 praetex-

246 1403 375 1473 gnovisse
388 1402 525 1468 putandus
541 1407 592 1462 est,
605 1402 792 1453 huiuscemodi
843 1411 900 1455 tum
920 1417 1086 1467 causamque
1105 1404 1272 1466 proximam
1294 1417 1387 1453 reram

248 1474 410 1527 iactantiam
433 1471 513 1538 longe
532 1473 629 1524 abesse
653 1473 792 1522 existima·
845 1473 929 1525 tradit
941 1474 1075 1524 Aristides
1085 1474 1146 1523 Τ.Ι.
1158 1474 1288 1538 psg.209.
1305 1472 1389 1522 Velut

248 1561 323 1597 mus:
344 1545 391 1609 qui
401 1543 427 1591 h.
443 1542 462 1591 l.
477 1549 583 1592 tantum
593 1558 732 1593 numerum
745 1543 793 1592 ubi
844 1547 963 1597 remotae
979 1557 1079 1594 causae
1097 1543 1266 1593 considerari
1282 1558 1388 1608 quoque

249 1614 369 1683 profert,
389 1629 442 1663 non
454 1613 646 1677 Aristagoram
663 1612 732 1662 haee
753 1611 793 1662 lo·
844 1618 959 1680 possunt
978 1612 1124 1677 superbum
1143 1613 1259 1663 Atossee
1283 1612 1389 1664 deside-

250 1689 375 1753 quentem
395 1683 520 1745 induxit,
545 1684 688 1733 sedanam
708 1683 794 1748 ipsius
844 1685 913 1734 rium
927 1688 954 1735 et
965 1683 1085 1733 medicus
1099 1682 1277 1733 Demooedes.
1307 1681 1389 1745 Quod

252 1755 414 1805 senteutiam
429 1753 570 1814 enuntiat,
587 1769 667 1818 quem
679 1769 732 1818 quo
746 1753 796 1802 mi·
845 1754 926 1804 uxori
939 1754 1018 1803 Darii
1033 1752 1116 1803 etiem
1134 1753 1236 1803 Herod.
1253 1752 1310 1812 ΙΙΙ,
1328 1751 1387 1814 134,

252 1897 354 1947 obstat.
846 1895 910 1943 rim.
920 1895 984 1958 Tyr.
993 1892 1145 1955 XXIX,6.“
1166 1894 1209 1942 Tu
1221 1892 1293 1942 coni.
1304 1892 1389 1942 etiarn

298 1954 456 2026 στρατηγὸν
481 1952 673 2024 ἀποδέξαντες
700 1953 796 2010 αὐτοῖν
847 1964 880 2014 δε
900 1964 943 2013 lris
960 1965 1095 2013 Laurent:
1121 1962 1245 2013 Histoire
1259 1962 1296 2012 du
1317 1961 1390 2011 droit

251 2028 337 2100 εἶναι]
361 2033 402 2082 Ad
417 2031 471 2082 loei
491 2038 656 2083 structuram
673 2031 747 2083 conf.
761 2033 796 2094 V,
848 2034 896 2084 des
910 2048 976 2100 gens
990 2033 1029 2084 11.
1043 2048 1070 2097 p.
1085 2031 1144 2083 lte.

252 2105 286 2156 25
298 2105 364 2168 ibiq.
374 2108 445 2151 nott,
457 2127 490 2136 -
502 2092 596 2150 αὐτῶν
608 2102 671 2154 dedi
684 2117 731 2167 pro
746 2094 797 2149 ari-
890 2129 896 2136 -

252 2167 331 2223 τέων,
357 2171 398 2220 ,λδ
414 2171 578 2223 locutionem
589 2164 623 2220 τά
639 2163 733 2221 πάντα
747 2166 799 2219 δό·

252 2257 339 2306 κιμον
350 2241 387 2292 cf.
401 2241 429 2302 I,
446 2240 494 2290 134
511 2247 537 2290 et
551 2257 622 2305 qnae
636 2240 721 2291 multa
737 2257 797 2305 per-
1012 2204 1081 2315 Off:
1094 2204 1221 2255 xcvm’

254 2328 334 2378 quam
348 2311 448 2362 similia
464 2310 558 2360 attulit
572 2312 691 2362 Lobeok.
704 2311 740 2361 ad
750 2311 800 2361 So·
889 2298 1011 2371 ἐξευρών
1027 2305 1181 2373 βοολενμα]
1204 2308 1265 2359 Ηοο
1279 2309 1391 2359 eonion-

253 2381 342 2448 phocl.
358 2381 435 2433 Aieo.
449 2395 510 2444 peg-
523 2382 583 2432 482.
848 2380 966 2444 gendum
984 2395 1045 2429 oum
1057 2371 1180 2441 ἔπεμψε,
1196 2377 1319 2442 pluribus
1331 2394 1391 2428 vor-

290 2438 378 2499 Αὖιαι
391 2443 421 2498 δὲ
432 2444 464 2499 αἱ
474 2443 534 2506 νέες
546 2441 618 2514 ἀρχὴ
635 2444 732 2498 κακῶν
744 2439 798 2514 lys
847 2450 890 2499 bis
901 2447 1054 2514 explicandi
1064 2463 1148 2499 eausa
1157 2449 1322 2509 interiectis3
1334 2448 1391 2499 tale

254 2518 352 2584 νοντο]
374 2519 444 2569 Olim
464 2508 562 2582 ἀρχαί,
583 2521 717 2584 probante
729 2518 798 2568 San·
848 2521 921 2569 enim
935 2517 1082 2569 consilium
1097 2519 1269 2582 excogitasse
1281 2535 1303 2570 s.
1316 2534 1391 2570 oons-

254 2592 337 2643 erolti
354 2589 433 2640 libro.
466 2590 576 2656 Reliqui
591 2589 654 2639 libri
669 2606 730 2640 curn
744 2591 799 2640 Eu·
848 2589 1343 2655 mentusessedioiturAristagorae,
1358 2605 1392 2639 ex

255 2661 357 2713 stathio
375 2659 445 2709 haeo
460 2662 565 2711 citante
582 2660 673 2710 adlli.
695 2676 720 2724 p.
736 2661 797 2722 522,
848 2676 901 2723 quo
920 2660 1007 2711 virum
1038 2661 1065 2708 in
1083 2657 1228 2723 Phrygiam
1258 2660 1333 2709 misit
1356 2658 1392 2708 sd

257 2733 287 2782 12
302 2747 323 2779 s.
335 2728 401 2793 395,
415 2729 450 2780 20
466 2722 539 2795 ἀρχὴ
553 2728 686 2795 singulari
704 2732 731 2779 in
750 2744 800 2779 nu·
847 2731 971 2781 Paeones
982 2728 1181 2779 sollicitandos.
1191 2731 1280 2795 Atque
1291 2729 1319 2779 id
1330 2745 1394 2779 oon·

254 2817 344 2864 mero,
368 2815 420 2865 quo
444 2801 567 2866 equidem
589 2816 643 2849 non
666 2800 797 2850 offendor.
848 2800 940 2851 silium
952 2801 1053 2850 Noster
1067 2803 1150 2863 neget
1169 2798 1225 2849 tale
1241 2800 1341 2861 fuisse,
1359 2814 1392 2848 ex

253 2875 312 2924 Neo
330 2870 419 2936 magis
435 2886 504 2935 opus
522 2886 652 2935 reponere
666 2886 725 2919 oum
735 2868 799 2920 Plu·
849 2885 902 2934 quo
915 2868 999 2919 ullum
1018 2868 1188 2919 commodum
1208 2870 1237 2917 in
1254 2869 1336 2919 Iones
1350 2884 1393 2918 re·

255 2940 365 3002 tancho,
385 2940 541 2992 Herodoteo
552 2941 730 3001 criminante,
749 2930 799 3002 ἀρ·
849 2939 999 3001 (inodaret,
1028 2938 1178 2990 sedunum
1201 2938 1228 2988 id
1249 2946 1391 3004 speetssse

255 3006 385 3076 χέκακοι,
407 3010 552 3060 confictum
565 3010 631 3060 illud
647 3010 752 3076 quidem
765 3024 798 3058 ex
848 3008 909 3059 vult
918 3009 1117 3073 Aristagoram,
1132 3012 1163 3057 nt
1174 3008 1326 3060 molestiam
1335 3010 1392 3058 Da-

255 3084 366 3132 Homer.
384 3078 426 3130 lli.
442 3083 479 3141 V,
494 3081 537 3133 63.
567 3080 647 3130 Facit
665 3080 718 3130 huo
736 3079 798 3130 riri-
849 3081 890 3130 rio
904 3081 961 3143 regi
980 3082 1086 3129 crearet
1105 3093 1218 3143 eumque
1235 3078 1392 3130 afflictaret.

257 3149 349 3201 stotel.
370 3148 494 3198 Rhetorr.
520 3150 576 3211 llI,
601 3149 643 3199 11.
662 3165 725 3214 pag.
748 3148 798 3199 137
849 3150 966 3199 Verbum
977 3139 1304 3210 ἕξευοίσκεινδοοιεοειι
1315 3149 1393 3200 inve-

256 3213 322 3284 (τὴν
345 3210 437 3282 ἀρχὴν
454 3216 490 3282 τῇ
508 3215 588 3266 πόλει
610 3208 702 3280 ἀρχὴν
725 3210 799 3265 εἶναι
850 3221 926 3269 nitur
939 3220 973 3281 V,
986 3218 1027 3270 38.
1039 3217 1082 3269 67.
1096 3220 1143 3280 IV,
1159 3219 1216 3269 102.

256 3286 313 3337 τῶν
326 3284 445 3351 κακῶν).
472 3286 625 3351 Thucydid.
637 3287 675 3348 ll,
691 3288 736 3336 12:
755 3276 800 3335 ὅτι
885 3280 936 3337 ἀπ’
957 3274 992 3337 οὗ
1003 3277 1080 3337 Ἴωσι
1099 3279 1150 3346 μὲν
1169 3277 1288 3351 οὐδεμία
1300 3280 1394 3349 ἔμελλε

256 3348 307 3423 ἥδε
325 3348 342 3419 ἡ
356 3349 446 3419 ἡμέρα
462 3359 523 3413 τοῖς
535 3345 652 3418 Ἕλλησι
672 3351 801 3419 μεηάλαιν
851 3350 958 3421 ιδφελίη
973 3351 1099 3421 ἔσεσθαι]
1114 3357 1228 3408 δοιοῖσι
1240 3373 1298 3407 sum
1309 3359 1337 3407 in
1349 3356 1393 3409 hie

256 3424 353 3474 κακῶν
368 3418 460 3488 ἄρξει,
479 3426 527 3476 ubi
544 3426 707 3489 interpretes
722 3441 799 3491 prae·
851 3426 1094 3478 arietatorum.
1118 3426 1220 3492 Vulgo:
1239 3419 1332 3489 ἔμελλε
1344 3419 1393 3476 οὖ-

257 3504 333 3545 terea
346 3494 464 3544 afferunt
476 3494 565 3545 Schol.
580 3495 717 3559 Aristoph.
731 3496 797 3545 Pae.
851 3494 934 3560 δεμίη
955 3489 1077 3561 ὠφελίη,
1107 3496 1186 3560 idque
1205 3513 1266 3549 oum
1283 3496 1395 3547 Floren-

258 3566 319 3615 435.
335 3563 715 3631 virgil.nen.1v‚1oa(obi:
735 3563 800 3628 „ille
850 3567 910 3617 tino
930 3566 1000 3616 libro
1029 3571 1124 3618 tenent
1144 3567 1394 3632 Schweighaeuser.

258 3635 317 3683 dies
334 3636 437 3699 primus
459 3634 509 3685 leti
533 3635 689 3700 primusque
716 3633 801 3684 malo·
852 3640 879 3687 et
898 3636 1082 3687 Sohaeier.-
1107 3637 1172 3687 Mox
1195 3653 1257 3687 oum
1278 3642 1393 3688 receutt.

259 3720 317 3754 rum
330 3719 414 3754 censa
428 3703 525 3769 iuit“).
556 3705 626 3755 Mihi
641 3708 669 3755 in
682 3708 799 3755 mentem
852 3708 912 3757 odd.
927 3706 990 3757 dedi
1007 3699 1099 3755 έποιέε
1113 3712 1140 3756 et
1155 3700 1269 3772 βασιλέα
1284 3723 1333 3772 pro
1345 3702 1396 3772 βα-

258 3774 646 3893 ιιιιιιιιιιιιι
661 3774 716 3853 '³³‘
732 3774 798 3895 ιιι
852 3768 1206 3897 maleleel
1219 3761 1260 3896 ι
1273 3767 1396 3897 ιιι·

258 3912 421 3977 ιιιι,ιιι;
432 3858 588 3977 istrum
599 3860 799 3979 millena.
852 3864 913 3967 ιδῃ.
932 3862 985 3978 δν,
999 3916 1032 3966 ro
1047 3914 1105 3980 (um
1123 3864 1193 3966 οὐδὲ
1208 3864 1262 3979 δερ
1280 3884 1348 3965 otiu
1363 3943 1395 3953 -

259 3983 351 4045 Unde,
365 3998 459 4048 spero,
473 3984 656 4050 intelligetur,
669 3989 801 4049 quantum
853 3976 918 4035 οὐδ’
936 3972 1028 4042 οὖτος,
1046 4012 1080 4022 -
1107 3986 1185 4037 Cous.
1202 3987 1337 4037 Iacobitz.
1359 3986 1395 4036 sd

259 4054 293 4104 ab
305 4055 442 4117 epicorum
452 4058 593 4119 poetarum
603 4071 726 4106 sermone
738 4071 801 4120 pon·
852 4057 968 4107 Lucisn.
984 4057 1083 4106 Toxor.
1107 4058 1131 4119 5.
1148 4056 1190 4108 36.
1207 4072 1268 4122 pag.
1284 4054 1339 4117 00).
1356 4057 1394 4119 11,

259 4125 323 4173 dest
342 4125 430 4174 oratio
447 4125 591 4177 Herodoti.
627 4123 801 4175 Inolausule
854 4124 904 4177 120
917 4120 963 4190 (οδ
974 4118 1027 4190 μίν
1038 4117 1126 4187 οὐδὲ).
1151 4126 1278 4187 1v,205.
1293 4126 1394 4188 11‚4s,

260 4193 358 4243 addam
376 4194 542 4246 Valckenarii
554 4196 587 4244 δο
601 4195 680 4245 huius
694 4193 748 4245 looi
759 4210 802 4243 ar·
853 4194 1074 4247 ubirid.laudd.
1099 4195 1178 4246 Unde
1188 4195 1396 4246 discernendum

260 4268 389 4327 gumento
399 4265 496 4314 rerba:
518 4265 692 4326 „Heenares
702 4265 802 4328 viginti
854 4254 893 4313 οὐ
907 4258 974 4330 μὴν
993 4258 1091 4328 οὐδὲ,
1107 4266 1140 4316 de
1153 4281 1207 4330 quo
1219 4266 1274 4317 rid.
1285 4265 1319 4316 ad
1333 4264 1397 4315 Plu-

259 4331 373 4382 Ionibus
393 4333 497 4384 auxilio
512 4335 610 4385 missae
622 4336 735 4385 Darium
755 4351 802 4385 ex·
852 4335 941 4386 taroh.
959 4335 1055 4400 Pyrrh.
1075 4351 1139 4399 pap.
1161 4336 1221 4388 127.
1263 4334 1332 4387 Αδδ.
1352 4335 1397 4386 Ia·

260 4401 425 4453 acerbarent
438 4408 466 4454 et
485 4403 639 4470 speciosum
659 4403 802 4455 inferendo
854 4406 929 4457 oobs.
943 4405 978 4457 ad
990 4404 1095 4456 Aeliae.
1111 4407 1145 4457 N.
1160 4405 1191 4456 δ.
1205 4405 1327 4469 VI1,45.
