3100 5175
482 434 758 496 POLYMNIA.
783 437 855 498 Vll.
878 446 999 499 58-60.

1248 439 1305 498 541

175 605 372 675 πεπόλισται
393 606 488 687 πόλις
512 610 567 677 καὶ
588 607 704 697 Ζιόνη,
731 614 906 678 τελευταία
930 605 1109 694 uinitori,
1134 611 1308 696 Σέρρειον,

174 707 259 798 ἄκρη
281 706 472 799 οόνομαστή
483 733 490 746 ·
518 707 536 779 ό
557 710 595 781 δὲ
613 717 718 799 χῶρος
740 702 837 793 οὗτος
855 710 892 782 τό
911 709 1055 781 παλαιόν
1075 705 1119 800 ἦν
1139 712 1305 783 Κικόνων.

173 815 206 893 ἐς
217 818 339 882 τοῦτον
352 811 412 881 τὸν
430 813 584 902 αἰγιαλόν
605 815 826 904 κατασχόντες
847 813 905 895 τὰς
924 817 1001 896 νέας
1019 813 1190 904 ἀνέψυχον
1205 813 1304 887 ἄνελ-

173 916 344 997 κόσαντες.
381 912 451 986 ὅδὲ
475 921 512 987 ἐν
531 924 578 1010 τῷ
592 926 748 1012 Δορίσκῳ
768 924 888 989 τοῦτον
908 915 968 991 τόν
986 918 1108 1009 χρόνον
1128 925 1186 1008 τῆς
1205 941 1304 1007 στρα-

173 1026 245 1107 τιῆς
263 1017 412 1107 ἀριθμὸν
431 1022 588 1090 ἐποιέετο.
616 1018 717 1092 Ὅσον
737 1024 800 1112 μέν
815 1051 880 1092 νυν
901 1026 1032 1093 ἕκαστον
1046 1038 1205 1112 παρεῖχον
1219 1031 1352 1114 oriri-60

173 1134 236 1202 θος
256 1127 289 1204 ἐς
312 1120 478 1211 αριθμὸν,
508 1122 570 1194 οὐκ
591 1131 655 1212 ἔχω
676 1124 766 1196 εἶπαι
787 1125 824 1196 τὸ
838 1125 988 1215 ἀτρεκές·
1021 1123 1063 1197 οὐ
1085 1125 1151 1214 γὰρ
1173 1130 1303 1215 λέγεται

172 1290 282 1355 Orphea
305 1294 401 1341 secuta
422 1295 569 1341 narrantur
594 1307 714 1353 nemora,

171 1362 275 1411 Zoue.“
304 1361 343 1409 Ao
357 1365 466 1424 praeter
479 1360 596 1412 Plinium
608 1362 625 1411 l.
637 1362 654 1412 l.
667 1361 714 1412 alii

171 1445 280 1494 quoque
292 1435 393 1479 norunt
405 1429 547 1493 Serrhion,
564 1447 580 1480 a
592 1432 714 1482 Taschu·

171 1499 234 1550 elrio
247 1500 360 1549 excitati
380 1498 414 1548 ad
428 1500 517 1550 Melae
531 1500 549 1551 l.
562 1501 581 1550 l.
596 1504 624 1551 in
642 1506 712 1552 nott.

170 1585 272 1689 3:53..
292 1570 490 1705 duriti.
510 1570 714 1704 iri⁰ib³iii⁰d

170 1710 273 1759 Postea
286 1708 427 1759 castellum
440 1709 480 1759 ibi
491 1714 657 1760 exstructum
672 1711 713 1760 iu·

171 1781 226 1829 isse
240 1783 359 1828 testatur
371 1778 467 1829 Livius
481 1779 571 1829 XXXI
579 1816 586 1835 ,
601 1781 641 1831 19,
658 1781 713 1830 Ho-

170 1850 269 1912 dieque
291 1852 406 1898 vocatur
426 1849 489 1911 Cup.
512 1849 607 1898 Mum.
648 1850 709 1901 Vid.

169 1920 307 1968 Mannert.
318 1917 380 1968 Vll.
396 1934 423 1983 p.
436 1918 488 1969 219
501 1916 562 1968 οοΙΙ.
573 1917 712 1969 choiseul·

171 1986 295 2038 Gouifier
320 1986 338 2041 l.
362 1986 380 2036 l.
404 2003 466 2054 pag.
489 1986 547 2040 119,
584 1989 625 2039 De
645 1988 711 2038 urbe

171 2058 241 2108 Zone
253 2071 322 2121 quus
334 2062 443 2107 exstant
456 2063 577 2108 veterum
590 2058 713 2108 testimo·

169 2129 220 2177 nis
239 2125 406 2191 collegerunt
423 2126 585 2178 Tasohucke
607 2126 625 2177 1.
647 2128 665 2177 l.
684 2134 713 2180 et

170 2197 304 2261 Forbiger
316 2197 334 2245 l.
350 2195 368 2245 l.
417 2248 425 2269 r

207 2259 222 2315 ὁ
238 2264 269 2314 δὲ
286 2262 377 2329 χώρας
392 2278 475 2321 οντος
490 2256 522 2313 τό
536 2258 659 2315 παλαιὸν
676 2254 712 2330 ἦν

169 2328 314 2400 Κικόνων]
339 2334 414 2385 citat
428 2335 557 2385 Eustath.
578 2335 611 2385 ad
625 2335 666 2385 Ili.
685 2353 711 2401 p.

168 2407 238 2467 359,
258 2404 288 2455 19
303 2419 324 2453 s.
345 2406 410 2461 272,
429 2404 454 2455 9.
487 2405 553 2456 Cum
572 2406 711 2457 Herodoto

169 2475 337 2525 conveniunt
358 2473 463 2523 Plinius
488 2476 524 2524 H.
546 2477 579 2525 N.
603 2476 654 2538 19,
679 2477 706 2527 11

170 2543 228 2610 (18)
246 2548 271 2607 ξ.
290 2544 333 2596 43.
352 2543 416 2595 Mel.
434 2543 479 2605 ll,
500 2545 524 2596 2.
543 2548 567 2608 β.
586 2544 602 2595 8
618 2544 710 2612 ibique

168 2614 325 2665 'l'zschuck.
335 2618 405 2666 nott.
415 2630 509 2679 exegg.
522 2631 584 2679 pag.
594 2617 643 2666 128
653 2632 710 2681 seq.

167 2688 259 2749 Atque
273 2682 346 2748 apud
365 2685 452 2748 ipsum
467 2684 634 2734 Herodotum
649 2686 711 2746 Vll,

173 2756 231 2806 198.
245 2754 294 2805 119
305 2753 409 2803 Cicones
419 2754 490 2803 inter
501 2754 637 2805 Thraciae
647 2770 712 2820 gen·

169 2833 213 2875 tes
231 2829 407 2874 numerantur
433 2824 468 2873 ab
487 2823 578 2874 Hebro
599 2827 711 2889 eiusque

171 2895 252 2944 ostiis
263 2908 349 2959 usqne
358 2895 393 2944 ad
403 2894 477 2958 Lissi
487 2894 572 2958 ripam
587 2894 712 2943 habitan·

169 2970 223 3015 tes.
241 2963 450 3013 VidGatterer:
465 2964 711 3016 i'eberHerodot's

170 3041 225 3086 ete.
245 3033 380 3083 Thracien
400 3048 462 3098 pag.
484 3033 516 3083 91
531 3033 572 3083 ed.
592 3048 710 3094 vernae.¹

168 3107 304 3154 Mannert.
316 3103 377 3153 Vll.
390 3118 452 3166 pag.
463 3102 506 3162 39,
523 3104 655 3168 Forbiger
668 3102 710 3152 l.l.

168 3175 223 3225 111.
237 3189 262 3237 p.
283 3173 356 3222 1979.
391 3173 484 3222 Prisco
497 3172 629 3223 Graeciae
643 3187 711 3222 aevo

169 3244 287 3294 Cicones
300 3243 415 3291 maxime
429 3241 561 3292 celebrati
574 3248 600 3291 et
615 3244 712 3292 Troia·

170 3315 214 3363 nis
227 3312 379 3363 consociati
392 3327 497 3362 omnem
512 3313 568 3362 iere
577 3313 712 3362 Thraciae

170 3399 246 3433 orsrn
264 3381 466 3432 meridionalem
482 3383 604 3433 tenuisse
619 3383 713 3431 viden-

169 3460 229 3516 tur,
257 3467 328 3517 quae
348 3453 408 3516 ipsa
430 3454 505 3516 regio
526 3468 652 3518 equorum
671 3459 713 3501 at-

170 3538 224 3589 que
233 3522 289 3572 vini
300 3526 432 3587 proventu
443 3521 602 3573 excelluisse
617 3523 710 3573 fertur.

168 3593 231 3642 Vid.
244 3593 353 3641 Homer.
368 3591 466 3654 Odyss.
478 3591 532 3653 IX,
545 3592 589 3643 48.
601 3592 645 3642 49.
663 3593 710 3642 197

170 3663 263 3726 ibique
277 3660 400 3712 Nitzsch.
418 3662 450 3711 T.
465 3662 516 3710 111.
530 3677 557 3725 p.
575 3664 615 3712 14.
628 3688 659 3697 -
679 3654 711 3709 td

168 3721 294 3781 παλαιὸν
302 3731 395 3781 eodem
406 3730 485 3780 modo
497 3733 629 3795 reperitur
640 3731 711 3798 apud

169 3801 300 3866 Aeschyl.
312 3801 389 3850 Pers.
406 3798 469 3861 loe,
491 3801 538 3850 ubi
557 3802 645 3852 nostri
659 3802 712 3850 ioci

172 3888 227 3922 non
243 3872 381 3920 immemor
394 3869 541 3923 Blomrield.
571 3871 641 3924 Add.
655 3871 712 3919 He-

171 3942 261 3992 rodot.
277 3939 345 3999 911,
362 3942 405 3991 91.
420 3939 462 3992 89.
480 3939 508 4002 1,
528 3942 586 3991 171.
603 3940 660 3990 173.
679 3942 712 4004 V,

171 4013 214 4062 88.
226 4008 358 4071 vunai:
378 4011 475 4075 quibus
486 4009 553 4059 locis
564 4010 638 4060 valet
646 4012 713 4069 oiim,

169 4083 313 4146 antiquitas.

207 4142 235 4207 ἔς
248 4145 350 4198 τοῦτον
360 4142 410 4197 τόν
422 4142 551 4212 αἰγιαλὸν
560 4139 714 4212 superoque-

765 1293 883 1344 Charon.
903 1294 946 1345 23.
970 1309 1033 1359 pag.
1052 1295 1085 1343 77
1110 1293 1152 1345 ed.
1170 1295 1303 1346 lacobitz.

762 1356 911 1413 ἅνελκόειν
937 1365 1063 1429 frequens
1087 1364 1119 1413 de
1134 1366 1253 1428 novibus,
1277 1369 1303 1415 in

764 1442 860 1483 terrum
869 1450 934 1499 quoe
945 1434 1128 1489 subducuntur.-
1141 1435 1196 1487 rid.
1208 1435 1257 1497 IX,
1269 1434 1303 1486 98

764 1508 793 1553 et
805 1504 870 1554 Lex.
887 1503 1009 1567 Xenoph.
1028 1504 1050 1552 1.
1070 1519 1134 1568 pag.
1151 1504 1211 1555 231.
1243 1507 1302 1568 Quo

764 1575 859 1623 eodem
875 1588 957 1623 sensu
970 1575 1073 1624 Noster
1089 1573 1159 1622 dixit
1170 1566 1303 1623 ἅνασιιᾶν

762 1643 829 1705 911,
849 1641 896 1692 188
916 1649 944 1692 et
960 1634 1105 1704 ανιιρόειν
1121 1643 1175 1702 lx,
1193 1642 1236 1695 99.
1257 1644 1300 1695 97.

762 1713 935 1762 Contrarium
945 1705 1210 1774 νο1ο1καθε1κόειν,
1226 1729 1304 1763 noves
1342 1752 1347 1761 .

762 1799 776 1832 e
795 1791 866 1833 terro
885 1785 910 1830 in
927 1796 996 1833 orare
1011 1782 1150 1841 deducere,
1169 1783 1223 1833 vid.
1237 1784 1302 1844 Vll,

764 1851 823 1902 199.
839 1851 963 1915 Thucyd.
977 1851 1014 1912 11,
1027 1850 1070 1902 93.
1086 1853 1133 1911 Vl,
1149 1851 1191 1904 34.
1208 1854 1301 1903 Lexic.

761 1921 933 1985 Xenophont.
950 1921 987 1971 11.
998 1936 1025 1986 p.
1036 1919 1088 1970 994
1103 1920 1194 1986 ibique
1209 1922 1301 1972 landd.

763 1991 865 2041 Eodem
879 2006 961 2042 seusu
973 1987 1121 2039 κατασπᾶν
1133 1990 1155 2055 1,
1169 1993 1227 2043 194.
1237 1991 1301 2057 911,

765 2060 823 2113 193,
843 2054 976 2125 κατάγειν
987 2059 1066 2124 9111,
1083 2061 1110 2109 4.

960 2230 1026 2283 Cae.
1045 2232 1104 2286 LX.

798 2332 910 2400 πλῆθος
924 2328 950 2393 ἐς
964 2320 1104 2400 ἀριθμόν]
1119 2334 1164 2385 lto
1175 2335 1301 2400 equidem

762 2421 823 2456 cum
842 2411 957 2456 reeentt.
976 2405 1039 2456 edd.
1060 2405 1179 2455 exhibui.
1212 2405 1243 2455 ln
1256 2405 1302 2455 al·

761 2477 828 2527 dina
847 2475 963 2540 aliisque
981 2480 1073 2525 exstat
1092 2468 1220 2538 πλήθεος
1240 2467 1302 2538 ἀρι-

760 2540 852 2611 θμόν,
875 2545 946 2610 quod
964 2545 1055 2611 placet
1067 2544 1253 2598 Valckenario
1268 2559 1301 2594 ae
1402 2560 1405 2565 ·

762 2616 952 2679 Bernhardyor
966 2605 1063 2667 G‘riecb
1083 2616 1159 2678 Syut.
1169 2630 1231 2680 pag.
1240 2615 1300 2666 ale.

762 2685 1035 2749 Schweiglraeuserus
1044 2685 1137 2736 mallet
1147 2684 1300 2735 distinctio·

763 2772 823 2807 nem
848 2755 913 2819 poni
933 2759 997 2804 ante
1016 2749 1042 2809 1ς
1062 2744 1206 2817 decepte,
1229 2769 1301 2820 quae

762 2829 825 2890 ipsa
837 2823 872 2873 ad
883 2823 1026 2887 sequentia
1037 2824 1214 2887 pertinerent.
1226 2849 1259 2858 -
1271 2823 1301 2872 Si

761 2910 827 2944 vero
838 2908 963 2959 quaeras,
978 2908 1030 2957 qno
1043 2891 1161 2941 exiente
1174 2894 1229 2942 siut
1238 2892 1302 2941 hau-

763 2972 821 3026 sta,
850 2978 919 3028 quae
937 2963 964 3011 in
982 2977 1057 3027 seqq.
1074 2961 1206 3012 historiae
1222 2965 1302 3026 pater

762 3034 855 3083 retulit
877 3031 910 3081 de
922 3032 1019 3082 Xerxis
1039 3032 1158 3082 exercitu
1175 3031 1303 3096 singulis-

762 3118 814 3168 que
832 3102 960 3167 gentibus
981 3107 1065 3167 atque
1084 3117 1176 3152 esrum
1190 3116 1302 3152 numero

763 3179 791 3224 et
812 3172 924 3234 habitu,
949 3187 1078 3236 perquam
1099 3171 1128 3220 fit
1151 3170 1302 3237 probabile,

763 3243 830 3294 haec
855 3257 870 3291 s
891 3242 974 3306 regiis
992 3242 1134 3291 Persarum
1158 3239 1301 3290 annalibus

763 3329 824 3364 esse
833 3311 958 3362 deducta.
978 3311 1101 3376 Namque
1109 3312 1252 3361 Persarum
1262 3326 1303 3359 re·

763 3399 812 3448 ges
823 3398 882 3432 cnm
896 3398 944 3447 pro
956 3396 1030 3431 more
1047 3381 1074 3430 in
1086 3381 1210 3431 omnibus
1224 3395 1303 3445 expe·

763 3452 915 3503 ditionibus
928 3466 1019 3502 secum
1037 3450 1169 3500 haberent
1186 3452 1301 3512 scribas,

764 3523 824 3588 qui,
844 3536 1022 3587 quaecuuque
1035 3521 1189 3571 acciderent
1203 3526 1252 3570 aut
1266 3520 1303 3570 sd

762 3592 961 3657 expeditionem
971 3590 1025 3641 ullo
1037 3592 1116 3641 modo
1126 3591 1303 3654 pertinerent,

762 3661 855 3713 sedulo
876 3661 1075 3725 perscriberent
1096 3661 1303 3724 per-scriptaque

762 3731 906 3795 diligenter
924 3735 1066 3780 servarent
1081 3730 1108 3777 in
1128 3730 1210 3792 regiis
1226 3731 1303 3793 pala-

763 3803 809 3851 tiis
828 3800 1001 3852 thesaurisve
1023 3797 1069 3860 (oi.
1084 3799 1170 3848 citata
1190 3798 1223 3846 ad
1241 3800 1302 3859 Vll,

766 3870 840 3934 199);
852 3886 943 3919 eorum
955 3885 969 3918 e
980 3868 1177 3932 seriptis‚qnae
1186 3867 1261 3916 adire
1272 3867 1292 3915 li

763 3938 1008 3996 cueritHerodoto,
1018 3937 1088 3987 hanc
1097 3936 1234 4000 copiarum
1243 3939 1303 3988 Per·

764 4011 882 4060 sicarum
909 4008 1020 4057 linxisse
1042 4007 1227 4057 recensionem
1247 4021 1304 4055 ore·

764 4080 826 4128 darn
838 4092 898 4128 oum
907 4077 1043 4126 Heerenio
1057 4075 1097 4124 ld.
1108 4075 1131 4136 1,
1144 4075 1166 4125 l.
1178 4091 1242 4140 pag.
1255 4073 1304 4125 139

765 4163 840 4212 seqq.
849 4146 968 4197 collbll
980 4150 1008 4195 et
1016 4143 1173 4194 Wheelero:
1185 4144 1306 4209 Geogrs-

171 4219 226 4286 τις]
243 4220 285 4271 De
299 4218 438 4269 locutione
452 4218 506 4267 vid.
520 4217 604 4266 allata
616 4217 651 4265 sd
664 4216 714 4282 91,
753 4219 821 4282 ..phy
833 4217 863 4266 of
873 4214 1078 4279 Herodotpao.
1087 4214 1138 4263 208
1149 4229 1218 4279 seq,
1231 4214 1306 4264 inde-

176 4291 237 4343 101.
270 4291 304 4340 ln
322 4305 397 4353 seqq.
420 4288 533 4337 verbum
554 4282 715 4348 ἀναψύχειν
767 4284 1303 4351 quesummaeumfideessedignsm:

173 4361 269 4411 eadem
281 4359 430 4418 recreandi,
442 4358 572 4420 reficiendi
581 4356 717 4420 signitica-

172 4433 249 4480 tione
264 4429 338 4494 apud
351 4426 524 4493 Xenophont.
535 4424 607 4476 Hell.
617 4426 639 4487 1,
652 4425 678 4487 b,
688 4426 714 4479 9.

767 4356 801 4406 ad
821 4371 899 4419 quem
920 4355 1034 4404 eundem
1056 4354 1158 4404 fontem
1177 4358 1226 4405 aut
1248 4352 1306 4403 alia

767 4431 841 4477 certe
854 4424 963 4490 publica
980 4423 1141 4474 documenta
1158 4424 1230 4474 haud
1248 4425 1305 4474 scio

173 4500 256 4552 Plura
267 4499 345 4549 dabit
355 4497 542 4548 Hemsterbus.
556 4495 590 4547 sd
601 4495 718 4547 Lucisni
768 4512 805 4547 su
820 4512 853 4547 es
864 4510 971 4562 quoque
984 4496 1138 4545 revocanda
1152 4495 1220 4556 sint,
1237 4509 1307 4561 quae
