3100 5175
278 431 338 497 uuo
709 434 973 498 uuuonorr

276 604 383 697 ὁρέων
402 604 480 690 τοὺς
494 608 689 696 Δολόγκους
710 610 909 698 παριόντας,
934 613 1060 699 ἐσθῆτα
1081 615 1217 697 ἔχοντας
1229 604 1292 680 οὐκ
1306 611 1408 696 ἐγχω-

277 721 354 801 ρίην
368 715 422 780 καὶ
437 711 572 802 αἰχμάς,
587 714 838 803 προσεβώσατο·
866 721 925 784 καί
936 735 997 801 σφι
1012 718 1239 802 προσελθοῦσι
1253 715 1408 800 ἐπηγγεί-

277 826 356 886 λατο
376 815 575 906 καταγωγὴν
596 820 651 888 καὶ
672 822 788 901 ξείνια.
815 823 850 888 oi
862 817 899 887 δὲ
914 818 1088 907 δεξάμενοι
1110 819 1165 886 καὶ
1186 819 1410 901 ξεινισθέντες

277 917 337 992 ὑπ’
353 917 457 989 αὐτοῦ
478 924 656 1008 ἐξέφαινον
671 928 738 990 πᾶν
755 927 790 991 oi
803 921 841 991 τό
855 922 1031 1011 μαντήϊον·
1062 920 1268 1010 ἐκφήναντες
1282 920 1320 988 bi
1337 922 1408 989 ἐδί-

276 1051 353 1093 οντο
368 1021 473 1094 αὐτοῦ
494 1030 539 1118 τῷ
560 1031 633 1116 θεῷ
650 1054 709 1113 μιν
723 1032 915 1095 πείθεσθαι.
961 1025 1151 1094 Μιλτιάδεα
1169 1024 1206 1094 δὲ
1220 1021 1410 1093 άκοάσαντα

276 1136 465 1215 παραυτίκα
481 1135 592 1197 ἔπεισε
606 1124 624 1198 ὁ
638 1128 750 1215 λόγος,
775 1124 829 1197 οἷα
850 1125 1041 1217 ἀχθόμενόν
1061 1156 1097 1197 τε
1110 1135 1152 1218 τῇ
1166 1126 1410 1214 Πεισιστράτου

277 1229 361 1320 ἀρχῇ
388 1234 443 1300 καὶ
469 1230 677 1320 βουλόμενον
703 1230 856 1302 ἐκποδών
880 1232 977 1301 εἶναι.
1021 1230 1146 1313 Ιαὐτίκα
1172 1232 1209 1301 δὲ
1235 1230 1356 1319 ἐστάλη
1377 1232 1410 1309 ἐς

278 1334 451 1420 Δελφοὺς,
468 1334 723 1424 ἐπειρησόμενος
740 1333 778 1404 τό
791 1334 1008 1426 χρηστήριον,
1024 1343 1056 1405 εί
1067 1343 1195 1424 ποιοίη,
1210 1331 1251 1403 τά
1268 1360 1332 1419 περ
1345 1329 1407 1402 αὖ·

229 1437 337 1506 36τοῦ
351 1443 385 1507 οί
397 1438 561 1525 Δόλογκοι
576 1443 808 1527 προσεδέοντο.
844 1447 875 1507 Κ
877 1438 1055 1528 ελευοόσης
1070 1439 1106 1509 δὲ
1120 1441 1177 1508 καὶ
1191 1443 1249 1526 τῆς
1261 1442 1409 1524 Πυθίης,

277 1538 364 1610 οὕτω
385 1540 426 1631 δη
444 1542 632 1631 Μιλτιάδης
656 1538 865 1628 ὁΚυψέλου,
890 1540 1053 1631 Ὀλύμπια
1069 1538 1303 1632 ἀναραιρηκὼς
1322 1540 1406 1628 πρό-

274 1717 300 1765 (1.
318 1715 424 1766 Grieeh.
443 1720 467 1778 ς.
485 1717 526 1768 19.
547 1721 603 1766 not.
621 1715 652 1766 10
665 1731 741 1782 seqq·
772 1716 814 1766 Ex
864 1718 903 1777 V,
917 1718 950 1767 52
963 1721 991 1766 et
1006 1716 1041 1765 ad
1056 1712 1146 1777 ξείνια
1161 1714 1250 1764 citata
1262 1713 1296 1762 ud
1310 1713 1349 1774 V,
1365 1711 1406 1762 18.

274 1785 476 1836 Herodotohue
483 1787 621 1850 pertinent
632 1786 685 1836 loci
697 1785 740 1834 hi:
761 1785 814 1848 Ill,
864 1785 906 1836 Ad
920 1777 1068 1848 δεξάμενοι
1089 1789 1178 1834 mente
1193 1787 1301 1847 repetas
1315 1798 1348 1831 ex
1360 1796 1407 1830 au-

274 1856 307 1904 :lh
320 1853 382 1907 coll.
400 1855 457 1906 140.
473 1856 521 1916 Vl,
533 1856 575 1906 01.
607 1856 686 1920 Apud
700 1853 815 1905 Mareel-
865 1856 1054 1907 teeedentihus
1065 1847 1231 1919 καταγωγὴν
1242 1847 1290 1900 καὶ
1305 1848 1405 1911 ξείνια.

274 1923 358 2001 linum
373 1923 390 1973 l.
408 1924 425 1978 1,
441 1924 581 1974 Miltiades
595 1926 698 1975 sedisse
714 1925 815 1974 dicitur·
864 1924 905 1974 Ad
922 1926 1033 1976 verbum
1050 1914 1200 1988 ἐξέφαινον
1214 1922 1250 1974 cf.
1263 1923 1296 1982 V,
1310 1919 1354 1973 36.
1366 1921 1405 1984 Il,

275 2008 330 2055 προ
358 1991 414 2041 τῶν
436 1983 512 2056 ὅρων
535 1990 586 2057 τῆς
606 1988 743 2057 Ἀττικῆς,
766 1993 814 2043 ubi
866 1996 924 2046 llb.

274 2064 436 2128 Rutgersius
456 2080 488 2113 ex
500 2064 639 2114 Herodoto
655 2065 755 2130 corrigi
768 2078 815 2113 vo·
898 2060 946 2113 καί
967 2057 1142 2131 βουλόμενον
1164 2051 1296 2111 ἐκποδών
1317 2050 1404 2123 εἶναι]

273 2132 326 2182 luit
349 2128 404 2194 πρὸ
428 2130 485 2181 τεόν
504 2130 623 2194 θυρῶνι
647 2135 718 2196 nisi,
741 2133 814 2198 quod
864 2135 882 2187 i.
896 2151 919 2187 e.
937 2142 962 2185 et
977 2135 1067 2198 procul
1086 2148 1107 2184 s.
1125 2128 1405 2194 exeonrpectuabessc

275 2207 365 2251 mouet
392 2202 607 2264 Valckenarius,
639 2203 816 2260 Marcellinus
864 2209 1007 2268 cupientem.
1040 2202 1237 2252 EFloreutino
1254 2199 1405 2249 librouno·

274 2270 355 2320 alium
371 2275 455 2336 atque
468 2273 635 2321 Herodotum
648 2276 691 2322 est
703 2276 814 2322 secutus
865 2290 917 2339 que
932 2276 1023 2325 Paris.
1041 2271 1191 2335 Sehueigh.
1210 2274 1237 2320 et
1251 2268 1339 2320 Gaias.
1359 2267 1405 2317 de-

274 2347 429 2402 coctorem,
444 2342 605 2406 praesertim
620 2357 679 2390 cum
695 2342 730 2390 ab
743 2341 815 2390 Atti·
864 2344 961 2394 derunt
974 2334 1003 2391 lu
1016 2339 1128 2390 ποδῶνε
1147 2341 1271 2407 equidem
1284 2353 1345 2388 cum
1363 2352 1404 2387 re

274 2425 324 2458 cae
342 2409 439 2458 tinibus
459 2426 513 2459 non
530 2409 610 2471 longe
624 2411 743 2460 abluerit
754 2410 815 2460 Mil·
864 2420 947 2463 centt.
962 2412 1023 2462 edd.
1036 2413 1166 2462 revocavi
1177 2407 1403 2459 lectionemWes-

274 2478 355 2529 liudis
369 2475 435 2527 villa
447 2468 477 2525 lv
490 2477 646 2535 Λακιάδαις
658 2481 729 2528 sita}
864 2482 987 2546 selinpii,
1012 2482 1154 2545 probatam
1173 2477 1312 2529 Saneroiti
1333 2476 1403 2525 libro

315 2537 424 2611 ἐσθῆτα
447 2541 563 2613 ἔχοντας
586 2539 639 2597 οὐκ
662 2540 812 2614 ἰγχιορίην]

272 2617 317 2667 lta
331 2617 455 2669 meliores
469 2618 539 2669 libri.
576 2617 676 2683 Vulgo:
705 2610 814 2683 ἐσθῆτα

273 2679 325 2736 οὐκ
337 2678 478 2753 ἐγχωρίην
493 2684 539 2751 (de
552 2705 606 2755 qua
618 2704 685 2739 voce
698 2688 732 2738 cf,
747 2690 812 2739 Bre-

272 2757 335 2808 dov.
344 2774 407 2823 pag.
415 2756 478 2821 276)
489 2752 614 2823 ἔχοντας,
629 2758 709 2824 idque
719 2764 815 2808 tenue-

272 2833 335 2875 runt
352 2844 412 2878 curn
427 2828 574 2880 Schaeiero
585 2829 683 2879 Matth.
699 2834 726 2879 et
739 2844 810 2878 rece.

271 2896 332 2949 edd,

288 2961 354 3029 ,καὶ
368 2958 486 3031 αἰχμάς]
514 2968 568 3017 Vix
590 2966 745 3018 inconsulto
758 2967 811 3017 hoc

270 3035 409 3086 addidisse
435 3037 544 3087 videtur
567 3037 700 3088 historiae
725 3041 812 3102 puter.

270 3108 339 3155 Nam
357 3106 489 3168 Dolouci,
503 3107 637 3168 Thraces,
655 3123 736 3172 quum
748 3123 813 3172 gen·

270 3179 324 3224 tem
339 3174 496 3226 bellicosum
510 3177 596 3227 luisse
609 3193 642 3226 ex
655 3178 719 3240 V,h
733 3177 811 3226 eolli-

268 3260 334 3309 ραι,
348 3246 488 3296 Graeciam
501 3246 677 3308 permeabant
692 3250 769 3296 annis
784 3252 811 3296 et

269 3313 378 3377 quIdem
387 3315 467 3363 lecistis
478 3316 558 3366 induli
568 3331 616 3377 pro
626 3317 739 3379 antiquo
749 3317 810 3365 bar-

269 3383 394 3432 barorum
421 3400 508 3446 more,
535 3385 579 3449 qui
604 3384 714 3434 elimet
737 3384 810 3450 apud

269 3453 343 3514 ipsos
358 3452 478 3503 Graecos
496 3453 647 3504 invaluisse
660 3453 778 3503 traditur
792 3471 808 3505 u

269 3515 421 3584 Thucydid.
437 3522 466 3582 I,
479 3522 504 3571 6.
534 3523 575 3572 Ad
593 3523 707 3573 formam
721 3537 807 3587 προσ-

268 3581 392 3656 εβώσατο
410 3592 445 3641 cf.
460 3592 482 3653 Ι,
495 3593 528 3643 10
544 3593 637 3658 ibique
650 3598 719 3642 nott.

303 3651 485 3724 ἐπηγγείλατο
502 3656 669 3726 καταγωγὴν
689 3658 736 3710 aul
753 3658 808 3722 ξεί·

267 3727 326 3794 eto]
347 3729 363 3778 i.
378 3746 401 3783 e.
421 3731 509 3781 obtulit
527 3733 689 3782 diversorium
709 3733 807 3793 offitia·

265 3816 312 3862 que
325 3797 443 3865 (epulas)
459 3800 603 3864 hospitalia.
634 3801 676 3853 Cf.
693 3802 805 3852 Becker.

266 3868 384 3919 Chariel.
396 3870 417 3919 I.
429 3886 492 3936 pag.
504 3872 539 3920 00
550 3872 591 3922 ed.
603 3887 669 3933 sce,
681 3872 727 3937 qui
736 3887 805 3936 quae

263 3939 313 3989 hoc
326 3938 386 3990 loco
399 3945 556 4001 narrantur,
568 3942 637 3992 bene
651 3957 700 3991 nos
714 3941 806 3992 admo-

264 4025 328 4060 uere
341 4012 383 4060 sit
394 4012 477 4075 prisci
489 4011 561 4063 illius
570 4012 735 4062 Graecorum
749 4027 806 4061 mo·

264 4083 311 4139 ris,
321 4095 353 4130 ex
363 4096 415 4146 quo
424 4097 536 4147 peregre
544 4080 805 4146 proficiscentes,vel

264 4149 804 4214 sisibiignotiessent,indemessuasre-

264 4218 353 4283 cipere
367 4220 515 4287 iisdemque
528 4221 617 4271 omnia
629 4237 662 4271 ea
673 4222 804 4286 praebere

222 4324 226 4334 .
264 4286 399 4353 solebant,
413 4305 483 4354 quae
496 4290 606 4354 hospitii
617 4291 676 4341 iura
690 4305 804 4354 poscere

262 4356 430 4412 viderentur.
440 4359 502 4409 Alia
511 4359 803 4409 dabitO.l¹¹.Hermann.

263 4426 470 4478 Privatalterth.
485 4429 510 4478 d.
524 4428 629 4479 Griech.
648 4432 672 4491 ς.
687 4429 730 4479 51.
743 4435 800 4478 not.

267 4494 295 4547 ll
312 4510 387 4562 seqq.
414 4497 454 4547 Ad
470 4512 565 4549 rocem
581 4488 747 4562 καταγωγὴν
765 4498 802 4549 ci.

864 2543 1003 2615 ἐκποδών,
1013 2550 1085 2616 quod
1098 2551 1168 2601 idem
1183 2550 1223 2599 nic
1237 2550 1403 2599 conluuotim

863 2623 993 2688 seriptum
1006 2623 1143 2670 invenltur
1157 2619 1241 2677 VIII,
1259 2618 1306 2681 75,
1320 2617 1404 2681 quod·

864 2707 916 2757 que
938 2691 1009 2741 idem
1027 2705 1098 2739 nuuc
1119 2691 1146 2739 in
1166 2688 1289 2740 omuibus
1308 2689 1403 2751 polita-

863 2777 921 2811 rum
940 2762 1022 2823 loeis,
1035 2758 1179 2824 Sophoclis
1194 2756 1261 2822 (vid.
1278 2756 1402 2821 Inprimis

862 2833 939 2881 Alae.
956 2830 1041 2892 1000),
1058 2829 1196 2895 Ευτίρὶδίε
1210 2826 1277 2893 (vid.
1291 2826 1403 2890 potissi-

862 2917 932 2950 mum
946 2900 1035 2950 Orest.
1051 2897 1138 2964 1101),
1148 2895 1350 2961 Aristophanis,
1362 2911 1401 2945 re-

862 2974 989 3021 vocatum
1011 2968 1162 3018 invenitur:
1188 2968 1244 3017 vid.
1268 2966 1400 3015 Thesaur.

860 3041 941 3106 Ling.
955 3039 1051 3088 Graec.
1068 3037 1122 3087 III.
1143 3052 1204 3102 pag.
1226 3037 1277 3086 542
1294 3050 1351 3097 seq.
1369 3050 1401 3084 ex

862 3110 929 3163 edit.
944 3106 1069 3158 Dindorf.
1088 3133 1121 3144 —
1140 3107 1181 3156 Ad
1200 3106 1309 3156 verbum
1323 3097 1400 3153 ἐστά-

861 3180 895 3244 λη
904 3180 934 3244 (i.
943 3196 965 3229 e.
975 3179 1108 3244 profectus
1119 3186 1157 3226 ert
1168 3175 1227 3227 seil.
1237 3171 1398 3237 Miltiades),

861 3250 933 3314 quod
945 3247 977 3298 de
990 3247 1110 3312 pedestri
1122 3262 1208 3310 aeque
1219 3262 1250 3295 ue
1265 3244 1400 3294 maritimo

860 3320 957 3369 itinere
970 3316 1096 3367 iaciendo
1106 3317 1263 3380 adhibetur,
1278 3314 1314 3364 cf.
1329 3317 1398 3363 nott.

861 3389 896 3438 ud
909 3388 966 3447 111,
979 3385 1023 3438 03.

894 3452 920 3506 εἰ
933 3452 1043 3521 ποιοίη]
1070 3453 1102 3503 G.
1118 3453 1266 3503 Hermann.
1282 3453 1325 3501 De
1337 3467 1398 3517 par-

859 3528 904 3579 tie.
920 3518 955 3576 άν
969 3527 1011 3587 ll,
1028 3530 1052 3575 4.
1073 3539 1135 3588 pag.
1151 3523 1184 3573 00
1203 3521 1307 3572 mavult
1318 3518 1398 3585 ποιῇ,

858 3598 929 3661 quod
952 3596 1021 3647 idem
1044 3599 1222 3660 proposuerat
1241 3592 1398 3642 Dohraeus:

857 3669 958 3717 rectius
970 3671 1052 3727 corte,
1063 3664 1098 3713 ud
1108 3663 1241 3713 Herodoti
1251 3661 1397 3710 dialectum

857 3738 879 3787 si
900 3736 1047 3800 respicias,
1066 3726 1150 3795 ποιέη
1165 3733 1219 3793 legi
1234 3730 1294 3781 vult
1310 3731 1398 3780 Cobet

858 3805 937 3870 (Ver.
952 3807 1041 3854 Lecti.
1054 3819 1081 3865 p.
1094 3802 1178 3864 303),
1199 3802 1280 3866 idque
1293 3800 1398 3864 recepit

855 3875 981 3927 Dinderl.
1004 3872 1112 3937 Reliqui
1128 3873 1188 3921 edd.
1203 3870 1342 3935 vulgatum
1357 3886 1397 3920 re·

856 3946 1005 4005 tinueruut,
1015 3958 1085 4009 quae
1097 3940 1268 3991 meoiudicio
1279 3940 1396 3990 retinen-

856 4015 891 4065 da
901 4018 1067 4080 quoqueest3
1080 4012 1115 4062 cf.
1123 4015 1191 4061 nott.
1202 4009 1394 4073 ad1,o3.v,42.

1020 4187 1085 4237 Cae.
1107 4183 1231 4234 xxxvl.

884 4278 1024 4353 Ὀλύμπια
1038 4280 1248 4351 ἀναραιρηκὼς]
1276 4286 1320 4335 lta
1333 4301 1395 4336 eum

853 4358 992 4418 Bekkero,
1006 4359 1130 4408 DiudorI.
1149 4362 1177 4407 et
1189 4355 1310 4406 Dietsch.
1329 4356 1395 4406 scri-

853 4430 913 4492 psi,
926 4428 1037 4479 iubente
1050 4427 1165 4479 Bredov.
1179 4441 1241 4492 pag.
1255 4425 1319 4484 315,
1332 4441 1395 4475 cum

853 4496 921 4548 haee
935 4498 973 4548 sit
993 4497 1109 4563 perlecti
1126 4493 1394 4548 formaHerodetea.
1443 4500 1447 4505 “
