3100 5175
298 421 359 484 660
733 417 1002 480 Hauono'tu

297 599 353 665 sol
368 601 497 679 πίστιν,
518 595 669 662 ἐνθαῦτα
690 592 804 662 ἐδόκεε
826 594 1102 680 βουλευομένοισι
1126 587 1275 676 αὐτοῖσι,
1301 597 1440 677 πρῶτον

297 700 360 788 μὲν
375 698 552 787 χρημάτων
567 697 704 765 πάντων
719 697 1008 786 καταλλάσσεσθαι
1022 695 1080 774 τάς
1096 723 1132 763 τε
1149 703 1273 782 ἔχθρας
1287 699 1346 764 καὶ
1361 696 1440 775 τούς

299 800 370 872 κατ’
388 799 551 889 ἀλλήλους
572 799 687 880 ἐόντας
707 806 882 888 πολέμους.
928 791 1013 888 ἦσαν
1036 798 1072 867 δὲ
1092 799 1175 886 πρός
1189 827 1284 878 τινας
1306 802 1364 866 καὶ
1379 797 1437 867 ril-

299 915 378 985 λους
392 906 676 992 ἐγκεχειρημένοι,
701 900 771 973 lut
788 895 837 972 siv
850 906 1002 991 μέγιστος
1021 899 1236 989 Ἀθηναίοισί
1246 930 1282 970 τε
1298 905 1356 970 καὶ
1375 908 1436 971 At-

299 1009 463 1098 γινήτῃσι.
503 1005 637 1095 patritii
652 1007 907 1095 πυνθανόμενοι
922 1011 1046 1092 Ξέρξεα
1063 1005 1128 1074 σὺν
1140 1011 1188 1100 τῷ
1202 1011 1334 1098 στρατῷ
1350 1005 1437 1074 εἶναι

299 1208 365 1259 illud
373 1206 409 1257 atl
419 1223 496 1272 opem
508 1205 560 1256 sibi
573 1206 689 1256 invicem
700 1215 841 1272 praestan·
891 1207 926 1257 nb
940 1207 1040 1258 Herod.
1053 1208 1092 1268 V,
1110 1206 1157 1255 124
1180 1203 1240 1268 (ubi
1260 1209 1372 1255 exstat:
1391 1201 1437 1253 sel
1527 1211 1528 1238 l

300 1280 362 1328 darn
383 1279 536 1342 Persasque
567 1279 698 1326 communi
725 1277 840 1327 consilio
891 1269 1111 1342 ἐγκερασάμενος
1134 1271 1286 1339 πρήγματα
1307 1264 1435 1338 μεγάλαι.

299 1347 539 1412 communibusque
555 1347 659 1396 viribus
672 1342 841 1410 repellendos
892 1346 972 1412 Quod
994 1353 1024 1395 ut
1047 1346 1194 1410 genuinum
1220 1343 1317 1394 haberi
1341 1346 1436 1409 possit,

300 1424 440 1483 spectasse
468 1416 577 1466 dubium
607 1431 661 1466 non
691 1423 746 1477 est3
777 1417 841 1467 intle
893 1419 991 1466 merito
1019 1422 1127 1466 veretur
1152 1415 1370 1479 Wesselingius‚
1393 1417 1436 1464 cni

299 1488 376 1538 hicce
389 1492 538 1536 conuentus
556 1485 706 1548 legatorum
725 1487 844 1536 ediver·
892 1503 952 1537 cnm
964 1485 1143 1535 Valckenario
1157 1484 1202 1534 hic
1217 1483 1309 1549 placet
1322 1474 1437 1547 ἔγιεχει-
1528 1485 1529 1500 ¹

299 1560 337 1609 sis
347 1556 480 1606 Graeciae
490 1554 649 1605 ciuitatibus
661 1554 770 1605 foedere
780 1571 843 1605 con·
893 1549 1009 1619 pqpa'sos
1021 1570 1079 1605 earn
1092 1554 1306 1614 innectentem,
1317 1554 1346 1602 in
1357 1570 1436 1619 quam

298 1624 842 1689 iunctismissorumperintegrumt‘erme
892 1626 1033 1690 vulgatam
1064 1616 1261 1689 ἐγκεχρημέαοτ
1290 1630 1436 1688 acceperat

300 1711 400 1747 annum
419 1696 446 1743 in
459 1693 562 1743 Isthmo
581 1702 764 1744 commoratus
782 1710 842 1745 esse
892 1697 991 1745 Portus
1003 1696 1035 1744 de
1046 1694 1130 1750 bellis,
1149 1709 1214 1758 quae
1226 1696 1252 1743 in
1268 1693 1384 1743 nauibus
1394 1693 1437 1742 λα-

300 1767 408 1818 ridetur
436 1765 579 1828 omniaque
613 1779 645 1813 ea
677 1765 842 1827 instituisse,
892 1765 1000 1824 tuerint,
1012 1779 1072 1814 curn
1084 1754 1435 1827 ἔγχειοείσθαιίοριαιὶτο

301 1832 679 1900 quaeadbellnmgerendum
688 1834 843 1897 Persasque
893 1835 1001 1886 dicatur
1024 1833 1066 1895 id,
1094 1837 1135 1883 cui
1149 1847 1237 1882 mamas
1253 1832 1434 1890 admoveam,

302 1903 469 1970 repellendos
484 1904 663 1966 pertinereut3
682 1903 753 1967 qnod
768 1912 843 1953 recte
892 1906 959 1968 quod
978 1905 1155 1968 appr-cutam
1172 1908 1255 1967 atque
1279 1902 1308 1950 in
1327 1902 1435 1951 naue

303 1976 367 2024 milri
382 1972 519 2022 monuisse
529 1973 637 2022 videtur
647 1972 766 2023 Ultriclr:
784 1975 842 2024 Das
891 1974 1034 2024 habeamus.
1066 1974 1133 2036 Legi
1151 1986 1261 2036 qnoque
1279 1986 1362 2036 posse
1380 1967 1435 2034 iyq

300 2042 473 2110 Megariscbe
489 2041 649 2106 Pseplrisma
666 2057 730 2107 pag.
748 2044 786 2093 lt').
802 2043 841 2104 tt,
893 2036 1021 2107 γερμένσι
1037 2042 1114 2091 addit
1132 2041 1284 2090 Bekkerns.
1321 2040 1435 2091 Larche·

300 2114 450 2178 respiciens
462 2112 496 2161 sd
507 2112 677 2162 Herodoteos
693 2110 768 2162 locos
779 2112 841 2168 Vll.
892 2129 939 2163 rus
948 2128 1009 2163 cum
1019 2113 1102 2162 Porto
1113 2112 1158 2160 bic
1168 2110 1297 2176 cogitans
1308 2110 1342 2161 de
1355 2111 1433 2162 verbo

303 2185 361 2234 173.
377 2184 434 2234 175.
449 2182 507 2231 177.
524 2181 581 2233 195.
593 2181 670 2239 Vill,
685 2182 732 2232 123
744 2198 777 2232 sc
788 2196 842 2231 rne-

301 2256 354 2303 rito
380 2252 581 2316 pronuntiem
602 2251 688 2300 videri
712 2250 763 2301 boc
785 2252 842 2302 ioe-

302 2323 353 2371 rlus
367 2323 484 2370 omniurn
501 2321 615 2383 primurn
630 2321 701 2370 inter
717 2320 840 2386 singulas

301 2390 432 2442 Graeciae
446 2389 576 2437 civitates
586 2390 699 2452 initum,
719 2406 773 2455 quo
787 2407 843 2440 om-

301 2476 349 2511 nes
363 2459 527 2508 Graecorum
542 2457 680 2520 civitates,
697 2462 755 2511 sive
769 2461 842 2511 loni·

300 2545 349 2580 eae
362 2528 420 2578 sire
432 2527 564 2589 Doricae,
580 2531 787 2580 continerentur
800 2537 840 2579 at-

301 2615 352 2665 que
367 2599 503 2649 communi
521 2598 637 2661 quodam
657 2600 764 2650 vinculo
778 2617 842 2650 cun-

301 2674 485 2733 iungerentur.
522 2666 590 2716 ndu.
611 2669 707 2719 Grote:
726 2672 840 2735 History

300 2740 331 2789 oi
343 2740 444 2790 Greeee
459 2738 491 2786 V.
507 2751 568 2801 pag.
584 2738 617 2788 76
636 2739 704 2789 bene
722 2740 840 2790 adhaec

301 2826 350 2859 uos
370 2808 564 2859 advertentem.
600 2808 659 2872 lpsi
674 2810 772 2861 Graeci
790 2809 840 2859 hoc

300 2878 410 2929 foedere
432 2877 572 2927 coniuncti
596 2884 731 2928 vocantur
752 2893 841 2928 avve)-

300 2941 398 3013 μόται,
413 2939 565 3010 σύμμαχοτε
591 2947 623 2996 de
637 2949 733 3013 quibus
747 2949 841 3013 appel·

301 3016 450 3068 lotionibus
463 3016 517 3065 vid.
532 3014 618 3064 allata
630 3018 664 3067 ad
680 3017 747 3077 Vll,
766 3020 822 3069 trs.

335 3082 450 3147 πρῶτον
473 3080 524 3147 μὲν
542 3080 694 3149 χρημάτων
714 3082 841 3152 πάντων]

301 3156 408 3220 accipio
430 3157 534 3217 primum
559 3171 643 3206 rerum
664 3159 779 3215 orrrnium,
811 3163 842 3207 ut

301 3226 371 3276 adeo
389 3240 443 3274 nou
467 3238 535 3289 opus
559 3226 596 3273 sit
618 3241 667 3290 pro
689 3218 842 3290 χρημάτων

300 3311 361 3346 cunt
372 3293 503 3346 Valckeu.
517 3309 648 3357 reponere
660 3290 841 3360 πραγμάτων,

301 3381 374 3441 crim,
391 3363 457 3441 bene
474 3364 638 3416 observante
650 3365 840 3431 Wessellngi0‚

300 3448 335 3481 τα
347 3446 475 3495 χρηματα
484 3433 595 3496 saepius
606 3450 650 3485 res
662 3450 840 3500 quascunque

300 3502 457 3566 designent,
488 3506 519 3550 ut
540 3503 613 3566 apud
634 3504 756 3566 Theogn.
781 3506 841 3567 tul,

301 3571 376 3622 alibi.
384 3600 417 3610 -
425 3571 467 3620 Ad
478 3572 589 3622 verbnm
599 3572 841 3624 καταλλάσσεσθαι

301 3641 373 3693 coni.
388 3645 457 3691 nott.
477 3641 512 3690 ad
527 3642 560 3702 V,
573 3643 615 3692 28.

336 3700 409 3776 ἦσαν
430 3701 461 3759 tt
482 3702 650 3772 reportavere
673 3706 720 3760 καλ
739 3706 842 3769 ἄλλους

300 3772 535 3846 ἐγκεχειρημένοι]
560 3766 633 3844 ἦσαν
650 3780 694 3831 bic
717 3796 841 3846 suggere-

301 3853 349 3901 bat
361 3851 511 3900 Florentio.
528 3866 575 3914 pro
593 3844 668 3904 ἔσαν,
699 3852 752 3901 Pro
765 3840 840 3915 ἔγκε·

301 3918 462 3984 χειοημένοι
472 3935 565 3969 omnes
579 3919 642 3969 libri
651 3921 748 3984 scripti
765 3913 839 3984 ἐγκε-

891 2175 1015 2246 inest,
1040 2198 1094 2245 quo
1116 2182 1176 2245 ipso
1197 2181 1299 2231 Noster
1318 2196 1384 2230 usus
1401 2180 1433 2230 ait

892 2252 945 2312 Vl,
965 2253 998 2301 75
1021 2250 1080 2315 (nbi
1105 2240 1243 2314 ἕγχραὺω)
1267 2251 1384 2311 feriendi
1403 2264 1433 2297 ac

890 2322 1031 2385 stringendi
1039 2323 1160 2382 notione,
1172 2318 1290 2383 intelligi
1300 2319 1359 2369 vult
1372 2319 1432 2368 teu«

890 2407 943 2440 curn
953 2392 1010 2440 aliis
1018 2398 1135 2440 conserta
1143 2391 1252 2452 popnlr's,
1261 2390 1354 2453 pronti
1365 2388 1432 2452 apud

892 2462 1000 2511 Homer.
1013 2459 1056 2508 Ili.
1071 2460 1144 2519 xvi,
1156 2459 1207 2508 352
1224 2449 1366 2521 ἐπιχράω,
1384 2473 1431 2506 ω

891 2533 980 2594 inipetu
988 2530 1072 2580 tostii
1081 2528 1181 2589 incude,
1191 2532 1292 2592 taprao.
1318 2529 1380 2590 Quo
1391 2543 1430 2578 eo·

890 2601 950 2651 ‹lem
965 2599 1044 2650 modo
1059 2600 1232 2664 interpretati
1247 2604 1314 2647 sunt
1328 2599 1431 2647 Datum.

890 2671 917 2719 in
931 2671 1022 2722 liexie.
1039 2670 1150 2720 Homer.
1166 2685 1191 2732 p.
1214 2670 1280 2719 teon
1299 2674 1329 2718 et
1344 2666 1433 2717 Schul-

892 2741 974 2793 trins.
987 2739 1260 2801 Sclrweigbaeuserus
1272 2740 1300 2787 in
1309 2737 1433 2790 Lax.lle·

891 2809 1059 2891 rod.1.paq.
1076 2810 1120 2860 181
1137 2806 1277 2872 vulgatam
1291 2807 1431 2857 lectionem

891 2870 1088 2942 ἕγκεχοηαενοι
1112 2879 1200 2942 repeti
1224 2875 1285 2928 vult
1310 2892 1329 2926 a
1354 2877 1433 2926 serbo

891 2941 1055 3011 ἐγχειρέεια,
1085 2947 1163 2997 cuius
1191 2948 1229 2997 sit
1258 2947 1432 3011 participium

891 3017 1008 3083 perfecti
1020 3018 1124 3082 passivi
1138 3032 1186 3081 per
1194 3030 1338 3081 syncopen
1350 3023 1432 3066 ortum

892 3103 924 3137 ex
938 3077 1170 3151 ἔγκεχειρημέαοι,
1181 3085 1253 3136 unde
1264 3088 1382 3149 primurn
1391 3101 1432 3135 ex·

891 3158 1003 3207 stiterit·
1021 3148 1234 3221 ἐγκεχερημέαοι
1265 3170 1300 3204 ac
1329 3156 1432 3215 deinde,

891 3225 961 3277 elisa
984 3228 1061 3276 brevi
1090 3225 1195 3285 vocali,
1225 3213 1432 3289 ἐγκεχαημέτοι.

892 3295 969 3357 Quod
984 3296 1049 3346 mihi
1069 3296 1178 3360 quidem
1196 3294 1270 3343 haud
1288 3296 1431 3358 persuasit.

891 3381 942 3415 nec
954 3367 1040 3431 magis
1053 3366 1190 3430 persuasit
1199 3362 1338 3414 Bredovio
1349 3380 1375 3430 p.
1385 3365 1431 3415 :ist

891 3435 954 3488 coll.
967 3435 1034 3493 345,
1056 3435 1100 3485 cui
1119 3434 1175 3485 leni
1187 3438 1217 3483 ut
1231 3438 1312 3496 putat
1332 3433 1432 3485 medela

893 3508 988 3569 reponi
1010 3504 1086 3554 iubet
1104 3493 1296 3568 ἐγκεχριμένοι
1321 3519 1338 3553 a
1353 3503 1432 3555 verbo

892 3565 1009 3637 ἔγχοίω,
1035 3589 1095 3623 cunr
1115 3589 1182 3638 opus
1200 3571 1309 3624 sithoc
1328 3575 1357 3622 in
1377 3574 1431 3622 loeo

892 3644 989 3706 verbo,
1013 3643 1087 3709 quod
1103 3641 1255 3706 significet,
1279 3646 1432 3705 superficiem

890 3715 974 3779 aliquo
994 3715 1066 3764 modo
1084 3714 1173 3763 leviter
1191 3715 1332 3774 attisrpere.
1361 3714 1383 3763 ia
1402 3727 1432 3761 ue

891 3798 989 3867 sensus
1008 3782 1259 3861 significantissime
1286 3728 1422 3844 verboiy

891 3850 1431 3985 ttttttti't'ltnt‘lltiltlli

301 3985 451 4055 χρημένοι,
477 3989 548 4053 qnod
569 3990 669 4039 Portus
693 3989 801 4041 tlerivat
822 4006 839 4039 a
890 3992 926 4039 sit
938 3992 1107 4042 referendum
1120 3990 1267 4049 dubitans,
1288 3989 1430 4055 iutelligit:

300 4061 383 4111 verbo
393 4050 554 4123 ἐγχράαμαι,
565 4065 595 4108 ut
605 4059 673 4109 bella
684 4060 842 4126 intelligan·
890 4061 957 4111 bella
977 4064 1102 4112 nenmlls'a
1115 4075 1168 4109 cum
1188 4062 1246 4109 aliis
1261 4061 1378 4123 perraria
1393 4065 1432 4109 ia·
1531 4116 1532 4133 χ

301 4138 357 4191 tur,
381 4144 446 4193 quse
465 4130 491 4204 iq
508 4130 619 4179 manitus
633 4128 781 4187 habiret-int,
809 4121 840 4178 ἐν
889 4140 968 4192 pacta
981 4131 1093 4187 crunni
1116 4146 1140 4182 e.
1156 4134 1314 4193 iuprneraut.
1349 4131 1429 4194 Equi·

299 4198 333 4264 τῇ
354 4191 449 4262 χρήσει
472 4211 554 4261 ηοαν.
594 4200 630 4248 At
655 4198 709 4247 talc
730 4200 839 4249 uerbum
891 4198 1430 4266 demquodWesselingioetVelekena-

301 4269 351 4317 lroc
372 4266 529 4331 significatu
550 4270 692 4333 ignorasse
713 4269 841 4319 videntur
891 4270 932 4319 rio
945 4270 1098 4335 placuerat,
1112 4270 1239 4335 quodque
1251 4270 1356 4332 recepit
1367 4270 1429 4318 Din-

301 4338 407 4386 Graeci.
444 4336 586 4391 lteiskius.
615 4353 693 4402 quem
717 4339 840 4403 sequitur
891 4339 961 4389 dori.
982 4339 1164 4404 probavitque
1185 4337 1303 4389 Herold=
1330 4338 1428 4388 Hermi.

300 4405 432 4463 Dictaei..
449 4405 581 4455 maluerat
596 4396 802 4470 ἕγκεκοημέτοι,
822 4409 840 4461 i.
890 4410 1004 4470 Quaest.
1017 4411 1047 4459 P.
1062 4411 1099 4460 ll.
1114 4424 1176 4472 pag.
1190 4408 1222 4458 ῦς
1242 4399 1428 4470 tingerent

300 4490 325 4527 e.
338 4474 416 4537 bella,
437 4490 501 4539 quse
513 4480 587 4539 quasi
595 4478 621 4526 iu
633 4480 742 4527 strictura
754 4486 840 4541 eram,
891 4492 951 4543 vot,
970 4479 1078 4544 recepi,
1102 4480 1167 4545 qnia
1183 4477 1235 4528 hee
1253 4492 1336 4527 unum
1352 4493 1367 4527 e
1382 4491 1427 4527 ra·
