<?xml version="1.0" encoding="UTF-8"?>
<!DOCTYPE html PUBLIC "-//W3C//DTD XHTML 1.0 Transitional//EN"
    "http://www.w3.org/TR/xhtml1/DTD/xhtml1-transitional.dtd">
<html xmlns="http://www.w3.org/1999/xhtml" xml:lang="en" lang="en">
 <head>
  <title>
</title>
<meta http-equiv="Content-Type" content="text/html;charset=utf-8" />
  <meta name='ocr-system' content='tesseract 3.04.00' />
  <meta name='ocr-capabilities' content='ocr_page ocr_carea ocr_par ocr_line ocrx_word'/>
</head>
<body>
  <div class='ocr_page' id='page_1' title='image "./herodotihalicar01unkngoog/herodotihalicar01unkngoog_0642.png"; bbox 0 0 3100 5175; ppageno 0'>
   <div class='ocr_carea' id='block_1_1' title="bbox 271 425 332 488">
    <p class='ocr_par' dir='ltr' id='par_1_1' title="bbox 271 425 332 488">
     <span class='ocr_line' id='line_1_1' title="bbox 271 425 332 488; baseline -0.033 0"><span class='ocrx_word' id='word_1_1' title='bbox 271 425 332 488; x_wconf 87' lang='grc'>636</span> 
     </span>
    </p>
   </div>
   <div class='ocr_carea' id='block_1_2' title="bbox 703 422 967 484">
    <p class='ocr_par' dir='ltr' id='par_1_2' title="bbox 703 422 967 484">
     <span class='ocr_line' id='line_1_2' title="bbox 703 422 967 484; baseline -0.004 0"><span class='ocrx_word' id='word_1_2' title='bbox 703 422 967 484; x_wconf 82' lang='lat' dir='ltr'>HERODOTI</span> 
     </span>
    </p>
   </div>
   <div class='ocr_carea' id='block_1_3' title="bbox 270 593 1454 1104">
    <p class='ocr_par' dir='ltr' id='par_1_3' title="bbox 270 593 1454 1104">
     <span class='ocr_line' id='line_1_3' title="bbox 270 593 1412 689; baseline -0.005 -17"><span class='ocrx_word' id='word_1_3' title='bbox 270 607 579 689; x_wconf 73' lang='grc' dir='ltr'><strong><em>προσυμμίσγοντες</em></strong></span> <span class='ocrx_word' id='word_1_4' title='bbox 597 595 634 667; x_wconf 87' lang='grc' dir='ltr'><strong><em>τό</em></strong></span> <span class='ocrx_word' id='word_1_5' title='bbox 656 594 750 684; x_wconf 82' lang='grc' dir='ltr'><strong><em>ὖόωρ</em></strong></span> <span class='ocrx_word' id='word_1_6' title='bbox 771 597 894 676; x_wconf 78' lang='grc' dir='ltr'><strong><em>πάντες</em></strong></span> <span class='ocrx_word' id='word_1_7' title='bbox 908 602 941 676; x_wconf 86' lang='grc' dir='ltr'>ές</span> <span class='ocrx_word' id='word_1_8' title='bbox 954 593 1079 666; x_wconf 77' lang='grc' dir='ltr'><strong><em>τώυτό·</em></strong></span> <span class='ocrx_word' id='word_1_9' title='bbox 1110 595 1214 667; x_wconf 77' lang='grc' dir='ltr'><strong><em>ἐτεόν</em></strong></span> <span class='ocrx_word' id='word_1_10' title='bbox 1233 597 1269 666; x_wconf 75' lang='lat' dir='ltr'>di</span> <span class='ocrx_word' id='word_1_11' title='bbox 1285 619 1412 685; x_wconf 87' lang='grc' dir='ltr'><strong><em>συμμι-</em></strong></span> 
     </span>
     <span class='ocr_line' id='line_1_4' title="bbox 271 698 1412 794; baseline -0.006 -19"><span class='ocrx_word' id='word_1_12' title='bbox 271 707 397 794; x_wconf 76' lang='grc' dir='ltr'><strong><em>χθέωσι</em></strong></span> <span class='ocrx_word' id='word_1_13' title='bbox 419 703 571 791; x_wconf 81' lang='grc' dir='ltr'><strong><em>τάχιστα,</em></strong></span> <span class='ocrx_word' id='word_1_14' title='bbox 595 705 758 771; x_wconf 73' lang='grc' dir='ltr'><strong><em>ἐνθεῦτεν</em></strong></span> <span class='ocrx_word' id='word_1_15' title='bbox 776 699 839 791; x_wconf 73' lang='grc' dir='ltr'>ἤδη</span> <span class='ocrx_word' id='word_1_16' title='bbox 861 698 1038 789; x_wconf 81' lang='grc' dir='ltr'><strong><em>όΠηνειὸς</em></strong></span> <span class='ocrx_word' id='word_1_17' title='bbox 1060 707 1106 794; x_wconf 74' lang='grc' dir='ltr'><strong><em>τῷ</em></strong></span> <span class='ocrx_word' id='word_1_18' title='bbox 1126 699 1289 790; x_wconf 77' lang='grc' dir='ltr'><strong><em>οὐνόματι</em></strong></span> <span class='ocrx_word' id='word_1_19' title='bbox 1306 729 1412 769; x_wconf 83' lang='grc' dir='ltr'><strong><em>κειτα-</em></strong></span> 
     </span>
     <span class='ocr_line' id='line_1_5' title="bbox 270 803 1415 898; baseline -0.003 -21"><span class='ocrx_word' id='word_1_20' title='bbox 270 812 421 898; x_wconf 75' lang='grc' dir='ltr'><strong><em>κρατέων</em></strong></span> <span class='ocrx_word' id='word_1_21' title='bbox 441 805 640 894; x_wconf 77' lang='grc' dir='ltr'><strong><em>ἀνωνύμους</em></strong></span> <span class='ocrx_word' id='word_1_22' title='bbox 660 803 737 885; x_wconf 85' lang='grc' dir='ltr'>τούς</span> <span class='ocrx_word' id='word_1_23' title='bbox 751 804 873 887; x_wconf 79' lang='grc' dir='ltr'><strong><em>ἄλλους</em></strong></span> <span class='ocrx_word' id='word_1_24' title='bbox 893 804 980 875; x_wconf 79' lang='grc' dir='ltr'><strong><em>εἶναι</em></strong></span> <span class='ocrx_word' id='word_1_25' title='bbox 994 807 1110 874; x_wconf 80' lang='grc' dir='ltr'><strong><em>ποιέει.</em></strong></span> <span class='ocrx_word' id='word_1_26' title='bbox 1152 803 1196 873; x_wconf 85' lang='grc' dir='ltr'>Τό</span> <span class='ocrx_word' id='word_1_27' title='bbox 1212 805 1249 874; x_wconf 67' lang='lat' dir='ltr'>di</span> <span class='ocrx_word' id='word_1_28' title='bbox 1263 804 1415 873; x_wconf 74' lang='grc' dir='ltr'><strong><em>παλαιὸν</em></strong></span> 
     </span>
     <span class='ocr_line' id='line_1_6' title="bbox 272 906 1415 1000; baseline -0.006 -17"><span class='ocrx_word' id='word_1_29' title='bbox 272 917 422 1000; x_wconf 80' lang='grc' dir='ltr'><strong><em>λέγεται,</em></strong></span> <span class='ocrx_word' id='word_1_30' title='bbox 435 908 498 982; x_wconf 82' lang='grc' dir='ltr'>οὐκ</span> <span class='ocrx_word' id='word_1_31' title='bbox 512 911 624 990; x_wconf 79' lang='grc' dir='ltr'><strong><em>ἐόντος</em></strong></span> <span class='ocrx_word' id='word_1_32' title='bbox 638 936 685 977; x_wconf 88' lang='grc' dir='ltr'>κω</span> <span class='ocrx_word' id='word_1_33' title='bbox 699 915 759 977; x_wconf 87' lang='grc' dir='ltr'><strong><em>τοῦ</em></strong></span> <span class='ocrx_word' id='word_1_34' title='bbox 772 907 923 989; x_wconf 75' lang='grc' dir='ltr'><strong><em>αὐλῶνος</em></strong></span> <span class='ocrx_word' id='word_1_35' title='bbox 937 910 991 976; x_wconf 72' lang='grc' dir='ltr'>καὶ</span> <span class='ocrx_word' id='word_1_36' title='bbox 1007 906 1162 997; x_wconf 75' lang='grc' dir='ltr'><strong><em>διεκρόου</em></strong></span> <span class='ocrx_word' id='word_1_37' title='bbox 1177 908 1316 994; x_wconf 81' lang='grc' dir='ltr'><strong><em>τούτου,</em></strong></span> <span class='ocrx_word' id='word_1_38' title='bbox 1332 908 1415 989; x_wconf 80' lang='grc' dir='ltr'>τούς</span> 
     </span>
     <span class='ocr_line' id='line_1_7' title="bbox 272 1010 1454 1104; baseline -0.001 -18"><span class='ocrx_word' id='word_1_39' title='bbox 272 1012 440 1104; x_wconf 80' lang='grc' dir='ltr'><strong><em>ποταμοὺς</em></strong></span> <span class='ocrx_word' id='word_1_40' title='bbox 456 1012 613 1099; x_wconf 84' lang='grc' dir='ltr'><strong><em>τούτους,</em></strong></span> <span class='ocrx_word' id='word_1_41' title='bbox 629 1015 685 1083; x_wconf 84' lang='grc' dir='ltr'>καὶ</span> <span class='ocrx_word' id='word_1_42' title='bbox 700 1012 783 1100; x_wconf 87' lang='grc' dir='ltr'><strong><em>πρὸς</em></strong></span> <span class='ocrx_word' id='word_1_43' title='bbox 797 1030 883 1082; x_wconf 85' lang='grc' dir='ltr'><strong><em>τοῖσι</em></strong></span> <span class='ocrx_word' id='word_1_44' title='bbox 900 1028 1077 1101; x_wconf 82' lang='grc' dir='ltr'><strong><em>ποταμοῖσι</em></strong></span> <span class='ocrx_word' id='word_1_45' title='bbox 1090 1012 1238 1082; x_wconf 81' lang='grc' dir='ltr'><strong><em>τούτοισι</em></strong></span> <span class='ocrx_word' id='word_1_46' title='bbox 1252 1010 1316 1100; x_wconf 76' lang='grc' dir='ltr'><strong><em>τὴν</em></strong></span> <span class='ocrx_word' id='word_1_47' title='bbox 1331 1021 1412 1081; x_wconf 87' lang='grc' dir='ltr'><strong><em>Βοι-</em></strong></span> <span class='ocrx_word' id='word_1_48' title='bbox 1449 1075 1454 1085; x_wconf 93' lang='grc'>.</span> 
     </span>
    </p>
   </div>
   <div class='ocr_carea' id='block_1_4' title="bbox 273 1213 1413 2601">
    <p class='ocr_par' dir='ltr' id='par_1_4' title="bbox 273 1213 1413 2046">
     <span class='ocr_line' id='line_1_8' title="bbox 273 1213 1412 1279; baseline -0.004 -11"><span class='ocrx_word' id='word_1_49' title='bbox 273 1218 353 1268; x_wconf 87' lang='lat' dir='ltr'>modo</span> <span class='ocrx_word' id='word_1_50' title='bbox 364 1221 407 1268; x_wconf 90' lang='lat' dir='ltr'>est</span> <span class='ocrx_word' id='word_1_51' title='bbox 418 1232 452 1267; x_wconf 86' lang='lat' dir='ltr'>ex</span> <span class='ocrx_word' id='word_1_52' title='bbox 464 1214 519 1265; x_wconf 87' lang='lat' dir='ltr'>illis</span> <span class='ocrx_word' id='word_1_53' title='bbox 527 1213 647 1279; x_wconf 86' lang='lat' dir='ltr'>fluviis),</span> <span class='ocrx_word' id='word_1_54' title='bbox 661 1220 693 1265; x_wconf 90' lang='lat' dir='ltr'>ut</span> <span class='ocrx_word' id='word_1_55' title='bbox 706 1215 760 1263; x_wconf 86' lang='lat' dir='ltr'>iam</span> <span class='ocrx_word' id='word_1_56' title='bbox 771 1230 814 1264; x_wconf 91' lang='lat' dir='ltr'>re·</span> <span class='ocrx_word' id='word_1_57' title='bbox 866 1214 958 1265; x_wconf 88' lang='lat' dir='ltr'>cuitus</span> <span class='ocrx_word' id='word_1_58' title='bbox 977 1219 1018 1265; x_wconf 88' lang='lat' dir='ltr'>est</span> <span class='ocrx_word' id='word_1_59' title='bbox 1037 1213 1104 1278; x_wconf 82' lang='lat' dir='ltr'>(vid.</span> <span class='ocrx_word' id='word_1_60' title='bbox 1119 1213 1203 1264; x_wconf 78' lang='lat' dir='ltr'>silete</span> <span class='ocrx_word' id='word_1_61' title='bbox 1216 1229 1234 1262; x_wconf 84' lang='lat' dir='ltr'>a</span> <span class='ocrx_word' id='word_1_62' title='bbox 1248 1213 1279 1263; x_wconf 90' lang='lat' dir='ltr'>C.</span> <span class='ocrx_word' id='word_1_63' title='bbox 1293 1214 1326 1263; x_wconf 73' lang='lat' dir='ltr'>F.</span> <span class='ocrx_word' id='word_1_64' title='bbox 1340 1214 1412 1263; x_wconf 85' lang='lat' dir='ltr'>Her-</span> 
     </span>
     <span class='ocr_line' id='line_1_9' title="bbox 274 1284 1413 1353; baseline -0.005 -16"><span class='ocrx_word' id='word_1_65' title='bbox 274 1287 340 1353; x_wconf 89' lang='lat' dir='ltr'>liqui</span> <span class='ocrx_word' id='word_1_66' title='bbox 362 1287 436 1336; x_wconf 81' lang='lat' dir='ltr'>fluvii</span> <span class='ocrx_word' id='word_1_67' title='bbox 462 1300 540 1335; x_wconf 89' lang='lat' dir='ltr'>snum</span> <span class='ocrx_word' id='word_1_68' title='bbox 562 1286 662 1349; x_wconf 91' lang='lat' dir='ltr'>quique</span> <span class='ocrx_word' id='word_1_69' title='bbox 686 1285 816 1334; x_wconf 82' lang='lat' dir='ltr'>amittent</span> <span class='ocrx_word' id='word_1_70' title='bbox 866 1299 964 1334; x_wconf 87' lang='lat' dir='ltr'>manno</span> <span class='ocrx_word' id='word_1_71' title='bbox 976 1287 1004 1333; x_wconf 88' lang='lat' dir='ltr'>et</span> <span class='ocrx_word' id='word_1_72' title='bbox 1016 1285 1047 1334; x_wconf 88' lang='lat' dir='ltr'>B.</span> <span class='ocrx_word' id='word_1_73' title='bbox 1060 1284 1413 1335; x_wconf 77' lang='lat' dir='ltr'>Starlrio:Gotteedienstl.</span> 
     </span>
     <span class='ocr_line' id='line_1_10' title="bbox 273 1353 1413 1419; baseline -0.004 -13"><span class='ocrx_word' id='word_1_74' title='bbox 273 1372 371 1407; x_wconf 89' lang='lat' dir='ltr'>nomen</span> <span class='ocrx_word' id='word_1_75' title='bbox 385 1371 521 1419; x_wconf 87' lang='lat' dir='ltr'>unumque</span> <span class='ocrx_word' id='word_1_76' title='bbox 531 1355 614 1404; x_wconf 90' lang='lat' dir='ltr'>Penei</span> <span class='ocrx_word' id='word_1_77' title='bbox 625 1353 754 1404; x_wconf 88' lang='lat' dir='ltr'>audiatur</span> <span class='ocrx_word' id='word_1_78' title='bbox 768 1369 815 1403; x_wconf 92' lang='lat' dir='ltr'>no·</span> <span class='ocrx_word' id='word_1_79' title='bbox 864 1353 1027 1403; x_wconf 80' lang='lat' dir='ltr'>atterthttm.</span> <span class='ocrx_word' id='word_1_80' title='bbox 1045 1360 1097 1404; x_wconf 87' lang='lat' dir='ltr'>etc.</span> <span class='ocrx_word' id='word_1_81' title='bbox 1115 1357 1140 1416; x_wconf 66' lang='grc' dir='ltr'>ξ.</span> <span class='ocrx_word' id='word_1_82' title='bbox 1156 1355 1199 1405; x_wconf 74' lang='grc'>64.</span> <span class='ocrx_word' id='word_1_83' title='bbox 1218 1359 1277 1403; x_wconf 84' lang='lat' dir='ltr'>not.</span> <span class='ocrx_word' id='word_1_84' title='bbox 1297 1353 1345 1415; x_wconf 69' lang='grc'>34)</span> <span class='ocrx_word' id='word_1_85' title='bbox 1370 1355 1413 1418; x_wconf 91' lang='lat' dir='ltr'>ip·</span> 
     </span>
     <span class='ocr_line' id='line_1_11' title="bbox 274 1417 1411 1489; baseline -0.003 -13"><span class='ocrx_word' id='word_1_86' title='bbox 274 1442 344 1476; x_wconf 83' lang='lat' dir='ltr'>men.</span> <span class='ocrx_word' id='word_1_87' title='bbox 373 1425 426 1475; x_wconf 91' lang='lat' dir='ltr'>Pro</span> <span class='ocrx_word' id='word_1_88' title='bbox 440 1425 513 1489; x_wconf 80' lang='lat' dir='ltr'>vulg.</span> <span class='ocrx_word' id='word_1_89' title='bbox 525 1421 616 1472; x_wconf 87' lang='grc' dir='ltr'><strong><em>ποιέει</em></strong></span> <span class='ocrx_word' id='word_1_90' title='bbox 629 1417 719 1486; x_wconf 89' lang='grc' dir='ltr'><strong><em>εἶναι,</em></strong></span> <span class='ocrx_word' id='word_1_91' title='bbox 733 1438 814 1488; x_wconf 83' lang='lat' dir='ltr'>quam</span> <span class='ocrx_word' id='word_1_92' title='bbox 866 1438 980 1489; x_wconf 89' lang='lat' dir='ltr'>sumque</span> <span class='ocrx_word' id='word_1_93' title='bbox 999 1439 1148 1488; x_wconf 75' lang='lat' dir='ltr'>cognomen</span> <span class='ocrx_word' id='word_1_94' title='bbox 1167 1421 1311 1484; x_wconf 77' lang='grc' dir='ltr'><strong><em>Πετραίου</em></strong></span> <span class='ocrx_word' id='word_1_95' title='bbox 1330 1438 1411 1473; x_wconf 71' lang='lat' dir='ltr'>eece</span> 
     </span>
     <span class='ocr_line' id='line_1_12' title="bbox 273 1492 1413 1559; baseline -0.003 -13"><span class='ocrx_word' id='word_1_96' title='bbox 273 1497 335 1546; x_wconf 86' lang='lat' dir='ltr'>inde</span> <span class='ocrx_word' id='word_1_97' title='bbox 354 1510 372 1545; x_wconf 89' lang='lat' dir='ltr'>a</span> <span class='ocrx_word' id='word_1_98' title='bbox 390 1494 516 1545; x_wconf 77' lang='lat' dir='ltr'>Beirltero</span> <span class='ocrx_word' id='word_1_99' title='bbox 532 1499 647 1543; x_wconf 89' lang='lat' dir='ltr'>recentt.</span> <span class='ocrx_word' id='word_1_100' title='bbox 667 1493 728 1544; x_wconf 87' lang='lat' dir='ltr'>add.</span> <span class='ocrx_word' id='word_1_101' title='bbox 751 1494 816 1542; x_wconf 90' lang='lat' dir='ltr'>reti·</span> <span class='ocrx_word' id='word_1_102' title='bbox 866 1497 922 1559; x_wconf 89' lang='lat' dir='ltr'>pit,</span> <span class='ocrx_word' id='word_1_103' title='bbox 939 1497 962 1542; x_wconf 90' lang='lat' dir='ltr'>si</span> <span class='ocrx_word' id='word_1_104' title='bbox 978 1509 1043 1544; x_wconf 86' lang='lat' dir='ltr'>vera</span> <span class='ocrx_word' id='word_1_105' title='bbox 1056 1494 1167 1543; x_wconf 79' lang='lat' dir='ltr'>trudunt</span> <span class='ocrx_word' id='word_1_106' title='bbox 1177 1492 1284 1543; x_wconf 81' lang='lat' dir='ltr'>scholia</span> <span class='ocrx_word' id='word_1_107' title='bbox 1296 1493 1333 1542; x_wconf 76' lang='lat' dir='ltr'>ud</span> <span class='ocrx_word' id='word_1_108' title='bbox 1346 1494 1413 1543; x_wconf 87' lang='lat' dir='ltr'>Pin·</span> 
     </span>
     <span class='ocr_line' id='line_1_13' title="bbox 273 1561 1412 1629; baseline -0.005 -14"><span class='ocrx_word' id='word_1_109' title='bbox 273 1564 528 1629; x_wconf 87' lang='lat' dir='ltr'>uuerunt,equidem</span> <span class='ocrx_word' id='word_1_110' title='bbox 538 1579 597 1613; x_wconf 90' lang='lat' dir='ltr'>cum</span> <span class='ocrx_word' id='word_1_111' title='bbox 605 1562 816 1628; x_wconf 83' lang='lat' dir='ltr'>Schweighaeu·</span> <span class='ocrx_word' id='word_1_112' title='bbox 866 1564 924 1615; x_wconf 83' lang='lat' dir='ltr'>der.</span> <span class='ocrx_word' id='word_1_113' title='bbox 938 1564 1019 1628; x_wconf 85' lang='lat' dir='ltr'>Pyth.</span> <span class='ocrx_word' id='word_1_114' title='bbox 1033 1563 1082 1625; x_wconf 84' lang='lat' dir='ltr'>tv,</span> <span class='ocrx_word' id='word_1_115' title='bbox 1093 1565 1159 1613; x_wconf 73' lang='lat' dir='ltr'>urb:</span> <span class='ocrx_word' id='word_1_116' title='bbox 1173 1561 1317 1625; x_wconf 80' lang='grc' dir='ltr'><strong><em>Πετραῖος</em></strong></span> <span class='ocrx_word' id='word_1_117' title='bbox 1330 1561 1412 1625; x_wconf 68' lang='grc' dir='ltr'><strong><em>τιμᾶ.</em></strong></span> 
     </span>
     <span class='ocr_line' id='line_1_14' title="bbox 273 1623 1410 1697; baseline -0.004 -12"><span class='ocrx_word' id='word_1_118' title='bbox 273 1651 334 1685; x_wconf 87' lang='lat' dir='ltr'>sero</span> <span class='ocrx_word' id='word_1_119' title='bbox 353 1641 381 1686; x_wconf 91' lang='lat' dir='ltr'>et</span> <span class='ocrx_word' id='word_1_120' title='bbox 398 1633 555 1684; x_wconf 79' lang='lat' dir='ltr'>Gaislordio</span> <span class='ocrx_word' id='word_1_121' title='bbox 574 1632 663 1684; x_wconf 87' lang='lat' dir='ltr'>dedis</span> <span class='ocrx_word' id='word_1_122' title='bbox 683 1639 816 1697; x_wconf 80' lang='lat' dir='ltr'>quattuor</span> <span class='ocrx_word' id='word_1_123' title='bbox 865 1647 910 1683; x_wconf 90' lang='grc' dir='ltr'><strong><em>ται</em></strong></span> <span class='ocrx_word' id='word_1_124' title='bbox 925 1630 1074 1681; x_wconf 76' lang='grc' dir='ltr'><strong><em>Ποσειδῶν</em></strong></span> <span class='ocrx_word' id='word_1_125' title='bbox 1086 1629 1164 1695; x_wconf 80' lang='grc' dir='ltr'><strong><em>παρὰ</em></strong></span> <span class='ocrx_word' id='word_1_126' title='bbox 1174 1630 1349 1693; x_wconf 74' lang='grc' dir='ltr'><strong><em>Θεσσαλοῖς,</em></strong></span> <span class='ocrx_word' id='word_1_127' title='bbox 1366 1623 1410 1681; x_wconf 80' lang='grc' dir='ltr'><strong><em>ὅτι</em></strong></span> 
     </span>
     <span class='ocr_line' id='line_1_15' title="bbox 274 1690 1410 1781; baseline -0.005 -26"><span class='ocrx_word' id='word_1_128' title='bbox 274 1705 353 1756; x_wconf 87' lang='lat' dir='ltr'>codd.</span> <span class='ocrx_word' id='word_1_129' title='bbox 375 1695 449 1752; x_wconf 79' lang='lat' dir='ltr'>elnon</span> <span class='ocrx_word' id='word_1_130' title='bbox 462 1697 566 1764; x_wconf 86' lang='grc' dir='ltr'><strong><em>ποιέει,</em></strong></span> <span class='ocrx_word' id='word_1_131' title='bbox 584 1703 619 1752; x_wconf 91' lang='lat' dir='ltr'>ad</span> <span class='ocrx_word' id='word_1_132' title='bbox 641 1718 711 1768; x_wconf 92' lang='lat' dir='ltr'>quae</span> <span class='ocrx_word' id='word_1_133' title='bbox 730 1703 815 1754; x_wconf 79' lang='lat' dir='ltr'>rerba</span> <span class='ocrx_word' id='word_1_134' title='bbox 865 1696 1005 1781; x_wconf 82' lang='grc' dir='ltr'><strong><em>όιατεμών</em></strong></span> <span class='ocrx_word' id='word_1_135' title='bbox 1018 1694 1050 1749; x_wconf 82' lang='grc' dir='ltr'><strong><em>τὰ</em></strong></span> <span class='ocrx_word' id='word_1_136' title='bbox 1063 1690 1116 1766; x_wconf 85' lang='grc' dir='ltr'>ὅρη</span> <span class='ocrx_word' id='word_1_137' title='bbox 1131 1693 1166 1751; x_wconf 77' lang='grc' dir='ltr'><strong><em>τό</em></strong></span> <span class='ocrx_word' id='word_1_138' title='bbox 1179 1694 1355 1763; x_wconf 53' lang='grc' dir='ltr'><strong><em>Θεσσαλικός</em></strong></span> <span class='ocrx_word' id='word_1_139' title='bbox 1370 1697 1410 1749; x_wconf 61' lang='grc' dir='ltr'>ῖεέ</span> 
     </span>
     <span class='ocr_line' id='line_1_16' title="bbox 274 1762 1410 1837; baseline -0.004 -13"><span class='ocrx_word' id='word_1_140' title='bbox 274 1774 435 1835; x_wconf 68' lang='lat' dir='ltr'>contemto</span> <span class='ocrx_word' id='word_1_141' title='bbox 447 1774 539 1836; x_wconf 80' lang='lat' dir='ltr'><strong>ibique</strong></span> <span class='ocrx_word' id='word_1_142' title='bbox 551 1772 646 1822; x_wconf 79' lang='lat' dir='ltr'>allata.</span> <span class='ocrx_word' id='word_1_143' title='bbox 664 1773 737 1823; x_wconf 86' lang='lat' dir='ltr'>Oitat</span> <span class='ocrx_word' id='word_1_144' title='bbox 748 1787 815 1837; x_wconf 90' lang='lat' dir='ltr'>quo·</span> <span class='ocrx_word' id='word_1_145' title='bbox 865 1788 903 1836; x_wconf 78' lang='grc' dir='ltr'>γω</span> <span class='ocrx_word' id='word_1_146' title='bbox 919 1768 956 1836; x_wconf 77' lang='lat' dir='ltr'>dn</span> <span class='ocrx_word' id='word_1_147' title='bbox 970 1765 1004 1820; x_wconf 80' lang='grc' dir='ltr'><strong><em>τὰ</em></strong></span> <span class='ocrx_word' id='word_1_148' title='bbox 1020 1769 1117 1836; x_wconf 72' lang='grc' dir='ltr'><strong><em>Τέμπη</em></strong></span> <span class='ocrx_word' id='word_1_149' title='bbox 1128 1810 1134 1825; x_wconf 85' lang='grc'><strong>.</strong></span> <span class='ocrx_word' id='word_1_150' title='bbox 1146 1769 1287 1836; x_wconf 77' lang='grc' dir='ltr'><strong><em>πεποίηκε</em></strong></span> <span class='ocrx_word' id='word_1_151' title='bbox 1300 1766 1343 1819; x_wconf 78' lang='grc' dir='ltr'>δι’</span> <span class='ocrx_word' id='word_1_152' title='bbox 1360 1762 1410 1819; x_wconf 80' lang='grc' dir='ltr'>αό-</span> 
     </span>
     <span class='ocr_line' id='line_1_17' title="bbox 273 1833 1411 1908; baseline -0.004 -15"><span class='ocrx_word' id='word_1_153' title='bbox 273 1859 325 1908; x_wconf 88' lang='lat' dir='ltr'>que</span> <span class='ocrx_word' id='word_1_154' title='bbox 344 1843 413 1893; x_wconf 86' lang='lat' dir='ltr'>haec</span> <span class='ocrx_word' id='word_1_155' title='bbox 434 1842 518 1893; x_wconf 87' lang='lat' dir='ltr'>verba</span> <span class='ocrx_word' id='word_1_156' title='bbox 533 1841 661 1892; x_wconf 87' lang='lat' dir='ltr'>Eustath.</span> <span class='ocrx_word' id='word_1_157' title='bbox 678 1844 714 1892; x_wconf 86' lang='lat' dir='ltr'>ad</span> <span class='ocrx_word' id='word_1_158' title='bbox 727 1841 771 1892; x_wconf 75' lang='lat' dir='ltr'>lli:</span> <span class='ocrx_word' id='word_1_159' title='bbox 787 1857 814 1905; x_wconf 85' lang='lat' dir='ltr'>p.</span> <span class='ocrx_word' id='word_1_160' title='bbox 863 1833 1146 1906; x_wconf 77' lang='grc' dir='ltr'><strong><em>τωνέπιτρέχειντόν</em></strong></span> <span class='ocrx_word' id='word_1_161' title='bbox 1162 1834 1293 1904; x_wconf 83' lang='grc' dir='ltr'><strong><em>ποταμόν</em></strong></span> <span class='ocrx_word' id='word_1_162' title='bbox 1307 1839 1411 1905; x_wconf 70' lang='grc' dir='ltr'><strong><em>Πηνει.</em></strong></span> 
     </span>
     <span class='ocr_line' id='line_1_18' title="bbox 273 1903 1410 1976; baseline -0.003 -14"><span class='ocrx_word' id='word_1_163' title='bbox 273 1913 364 1974; x_wconf 76' lang='lat' dir='ltr'>eum</span> <span class='ocrx_word' id='word_1_164' title='bbox 381 1914 484 1972; x_wconf 74' lang='lat' dir='ltr'>s.255,</span> <span class='ocrx_word' id='word_1_165' title='bbox 502 1913 527 1961; x_wconf 84' lang='lat'>8.</span> <span class='ocrx_word' id='word_1_166' title='bbox 563 1912 594 1960; x_wconf 92' lang='lat' dir='ltr'>ln</span> <span class='ocrx_word' id='word_1_167' title='bbox 609 1927 684 1976; x_wconf 88' lang='lat' dir='ltr'>seqq.</span> <span class='ocrx_word' id='word_1_168' title='bbox 698 1911 733 1961; x_wconf 82' lang='lat' dir='ltr'>ad</span> <span class='ocrx_word' id='word_1_169' title='bbox 747 1903 814 1961; x_wconf 79' lang='grc' dir='ltr'><strong><em>οὔτε</em></strong></span> <span class='ocrx_word' id='word_1_170' title='bbox 864 1905 914 1972; x_wconf 85' lang='grc' dir='ltr'>όν,</span> <span class='ocrx_word' id='word_1_171' title='bbox 936 1904 1075 1975; x_wconf 87' lang='grc' dir='ltr'><strong><em>πρότερον</em></strong></span> <span class='ocrx_word' id='word_1_172' title='bbox 1097 1903 1146 1960; x_wconf 78' lang='grc' dir='ltr'>διὰ</span> <span class='ocrx_word' id='word_1_173' title='bbox 1171 1905 1258 1974; x_wconf 81' lang='grc' dir='ltr'><strong><em>μέσης</em></strong></span> <span class='ocrx_word' id='word_1_174' title='bbox 1286 1909 1338 1974; x_wconf 80' lang='grc' dir='ltr'><strong><em>τῆς</em></strong></span> <span class='ocrx_word' id='word_1_175' title='bbox 1362 1904 1410 1959; x_wconf 63' lang='grc' dir='ltr'><strong><em>τό</em></strong></span> 
     </span>
     <span class='ocr_line' id='line_1_19' title="bbox 273 1975 1410 2046; baseline -0.003 -16"><span class='ocrx_word' id='word_1_176' title='bbox 273 1996 346 2030; x_wconf 89' lang='grc' dir='ltr'><strong><em>-τε</em></strong></span> <span class='ocrx_word' id='word_1_177' title='bbox 357 1982 414 2032; x_wconf 83' lang='lat' dir='ltr'>vid.</span> <span class='ocrx_word' id='word_1_178' title='bbox 426 1981 512 2032; x_wconf 82' lang='lat' dir='ltr'>allata</span> <span class='ocrx_word' id='word_1_179' title='bbox 524 1980 559 2030; x_wconf 89' lang='lat' dir='ltr'>ad</span> <span class='ocrx_word' id='word_1_180' title='bbox 573 1983 623 2044; x_wconf 93' lang='lat' dir='ltr'>VI,</span> <span class='ocrx_word' id='word_1_181' title='bbox 643 1982 664 2031; x_wconf 91' lang='lat' dir='ltr'>l.</span> <span class='ocrx_word' id='word_1_182' title='bbox 863 1981 932 2038; x_wconf 77' lang='grc' dir='ltr'><strong><em>λεως</em></strong></span> <span class='ocrx_word' id='word_1_183' title='bbox 946 1981 1004 2046; x_wconf 87' lang='lat' dir='ltr'>(ubi</span> <span class='ocrx_word' id='word_1_184' title='bbox 1018 1980 1159 2046; x_wconf 82' lang='lat' dir='ltr'>legendum</span> <span class='ocrx_word' id='word_1_185' title='bbox 1174 1975 1223 2028; x_wconf 84' lang='grc' dir='ltr'>6ιά</span> <span class='ocrx_word' id='word_1_186' title='bbox 1242 1980 1331 2044; x_wconf 85' lang='grc' dir='ltr'><strong><em>μέσης</em></strong></span> <span class='ocrx_word' id='word_1_187' title='bbox 1342 1979 1410 2030; x_wconf 75' lang='lat' dir='ltr'>Ott-</span> 
     </span>
    </p>

    <p class='ocr_par' dir='ltr' id='par_1_5' title="bbox 273 2043 1410 2601">
     <span class='ocr_line' id='line_1_20' title="bbox 310 2043 1407 2114; baseline 0.002 -15"><span class='ocrx_word' id='word_1_188' title='bbox 310 2045 350 2100; x_wconf 84' lang='grc' dir='ltr'>Τό</span> <span class='ocrx_word' id='word_1_189' title='bbox 372 2043 403 2099; x_wconf 77' lang='grc' dir='ltr'>δέ</span> <span class='ocrx_word' id='word_1_190' title='bbox 419 2044 542 2100; x_wconf 77' lang='grc' dir='ltr'><strong><em>παλαιόν</em></strong></span> <span class='ocrx_word' id='word_1_191' title='bbox 559 2049 666 2114; x_wconf 75' lang='grc' dir='ltr'><strong><em>λέγεται</em></strong></span> <span class='ocrx_word' id='word_1_192' title='bbox 686 2065 710 2098; x_wconf 86' lang='grc' dir='ltr'><strong><em>τι.</em></strong></span> <span class='ocrx_word' id='word_1_193' title='bbox 728 2065 753 2102; x_wconf 90' lang='grc' dir='ltr'><strong><em>τ.</em></strong></span> <span class='ocrx_word' id='word_1_194' title='bbox 774 2047 811 2114; x_wconf 60' lang='lat' dir='ltr'>k]</span> <span class='ocrx_word' id='word_1_195' title='bbox 863 2050 971 2114; x_wconf 77' lang='grc' dir='ltr'><strong><em>ταῖίας,</em></strong></span> <span class='ocrx_word' id='word_1_196' title='bbox 982 2050 1211 2101; x_wconf 80' lang='lat' dir='ltr'>auctoreTulelio</span> <span class='ocrx_word' id='word_1_197' title='bbox 1223 2051 1252 2099; x_wconf 88' lang='lat' dir='ltr'>in</span> <span class='ocrx_word' id='word_1_198' title='bbox 1266 2050 1407 2101; x_wconf 88' lang='lat' dir='ltr'>Dilucidd.</span> 
     </span>
     <span class='ocr_line' id='line_1_21' title="bbox 273 2113 1410 2186; baseline -0.006 -13"><span class='ocrx_word' id='word_1_199' title='bbox 273 2121 417 2173; x_wconf 87' lang='lat' dir='ltr'>Pertinent</span> <span class='ocrx_word' id='word_1_200' title='bbox 433 2121 500 2171; x_wconf 86' lang='lat' dir='ltr'>baec</span> <span class='ocrx_word' id='word_1_201' title='bbox 520 2120 555 2168; x_wconf 82' lang='lat' dir='ltr'>ud</span> <span class='ocrx_word' id='word_1_202' title='bbox 574 2136 649 2183; x_wconf 87' lang='lat' dir='ltr'>eum,</span> <span class='ocrx_word' id='word_1_203' title='bbox 669 2135 748 2185; x_wconf 89' lang='lat' dir='ltr'>quam</span> <span class='ocrx_word' id='word_1_204' title='bbox 764 2119 815 2169; x_wconf 88' lang='lat' dir='ltr'>bu·</span> <span class='ocrx_word' id='word_1_205' title='bbox 862 2121 1016 2170; x_wconf 85' lang='lat' dir='ltr'>Pindaricc.</span> <span class='ocrx_word' id='word_1_206' title='bbox 1039 2120 1067 2182; x_wconf 90' lang='lat'>1,</span> <span class='ocrx_word' id='word_1_207' title='bbox 1085 2124 1110 2170; x_wconf 81' lang='lat'>2.</span> <span class='ocrx_word' id='word_1_208' title='bbox 1133 2135 1196 2185; x_wconf 81' lang='lat' dir='ltr'>pag.</span> <span class='ocrx_word' id='word_1_209' title='bbox 1211 2120 1276 2186; x_wconf 77' lang='grc'><strong>672)</strong></span> <span class='ocrx_word' id='word_1_210' title='bbox 1307 2113 1410 2184; x_wconf 67' lang='lat' dir='ltr'>dinem</span> 
     </span>
     <span class='ocr_line' id='line_1_22' title="bbox 273 2183 1408 2254; baseline -0.006 -12"><span class='ocrx_word' id='word_1_211' title='bbox 273 2194 315 2242; x_wconf 76' lang='lat' dir='ltr'>iun</span> <span class='ocrx_word' id='word_1_212' title='bbox 336 2206 398 2254; x_wconf 84' lang='lat' dir='ltr'>cop.</span> <span class='ocrx_word' id='word_1_213' title='bbox 417 2191 494 2239; x_wconf 88' lang='lat' dir='ltr'>initio</span> <span class='ocrx_word' id='word_1_214' title='bbox 510 2190 610 2240; x_wconf 78' lang='lat' dir='ltr'><strong>Noster</strong></span> <span class='ocrx_word' id='word_1_215' title='bbox 626 2190 756 2239; x_wconf 82' lang='lat' dir='ltr'>retulerat</span> <span class='ocrx_word' id='word_1_216' title='bbox 773 2189 815 2238; x_wconf 88' lang='lat' dir='ltr'>fa·</span> <span class='ocrx_word' id='word_1_217' title='bbox 864 2186 913 2238; x_wconf 79' lang='lat' dir='ltr'>aul</span> <span class='ocrx_word' id='word_1_218' title='bbox 923 2183 1012 2238; x_wconf 71' lang='grc' dir='ltr'><strong><em>πολλὰ</em></strong></span> <span class='ocrx_word' id='word_1_219' title='bbox 1022 2185 1079 2238; x_wconf 72' lang='grc' dir='ltr'><strong><em>ταῖν</em></strong></span> <span class='ocrx_word' id='word_1_220' title='bbox 1088 2188 1201 2253; x_wconf 84' lang='grc' dir='ltr'><strong><em>χωρίων</em></strong></span> <span class='ocrx_word' id='word_1_221' title='bbox 1214 2186 1408 2252; x_wconf 79' lang='grc' dir='ltr'><strong><em>διαφθεῖρον-</em></strong></span> 
     </span>
     <span class='ocr_line' id='line_1_23' title="bbox 274 2257 1408 2325; baseline -0.002 -15"><span class='ocrx_word' id='word_1_222' title='bbox 274 2276 344 2310; x_wconf 83' lang='lat' dir='ltr'>mam</span> <span class='ocrx_word' id='word_1_223' title='bbox 358 2257 562 2320; x_wconf 80' lang='lat' dir='ltr'>de&#39;l&#39;hessalia,</span> <span class='ocrx_word' id='word_1_224' title='bbox 579 2275 648 2324; x_wconf 88' lang='lat' dir='ltr'>quae</span> <span class='ocrx_word' id='word_1_225' title='bbox 663 2260 815 2324; x_wconf 88' lang='lat' dir='ltr'>lacusspe·</span> <span class='ocrx_word' id='word_1_226' title='bbox 864 2275 912 2309; x_wconf 81' lang='lat' dir='ltr'>sor:</span> <span class='ocrx_word' id='word_1_227' title='bbox 936 2274 1099 2325; x_wconf 80' lang='lat' dir='ltr'>quamquem</span> <span class='ocrx_word' id='word_1_228' title='bbox 1115 2259 1197 2309; x_wconf 80' lang='lat' dir='ltr'>eliam</span> <span class='ocrx_word' id='word_1_229' title='bbox 1216 2275 1331 2310; x_wconf 78' lang='lat' dir='ltr'>causum</span> <span class='ocrx_word' id='word_1_230' title='bbox 1349 2276 1408 2324; x_wconf 90' lang='lat' dir='ltr'>pro·</span> 
     </span>
     <span class='ocr_line' id='line_1_24' title="bbox 274 2328 1408 2394; baseline -0.003 -14"><span class='ocrx_word' id='word_1_231' title='bbox 274 2331 344 2380; x_wconf 86' lang='lat' dir='ltr'>ciem</span> <span class='ocrx_word' id='word_1_232' title='bbox 359 2328 422 2379; x_wconf 91' lang='lat' dir='ltr'>olim</span> <span class='ocrx_word' id='word_1_233' title='bbox 435 2328 604 2393; x_wconf 80' lang='lat' dir='ltr'>praebuerit,</span> <span class='ocrx_word' id='word_1_234' title='bbox 620 2328 734 2378; x_wconf 79' lang='lat' dir='ltr'>relatam</span> <span class='ocrx_word' id='word_1_235' title='bbox 749 2344 815 2393; x_wconf 91' lang='lat' dir='ltr'>quo·</span> <span class='ocrx_word' id='word_1_236' title='bbox 865 2330 968 2394; x_wconf 81' lang='lat' dir='ltr'>profert</span> <span class='ocrx_word' id='word_1_237' title='bbox 982 2328 1137 2380; x_wconf 74' lang='lat' dir='ltr'>Scholiasta</span> <span class='ocrx_word' id='word_1_238' title='bbox 1153 2328 1294 2394; x_wconf 72' lang='lat' dir='ltr'>Apollonii</span> <span class='ocrx_word' id='word_1_239' title='bbox 1310 2329 1408 2380; x_wconf 85' lang='lat' dir='ltr'>Rhodii</span> 
     </span>
     <span class='ocr_line' id='line_1_25' title="bbox 273 2396 1407 2464; baseline 0 -17"><span class='ocrx_word' id='word_1_240' title='bbox 273 2414 325 2464; x_wconf 90' lang='lat' dir='ltr'>que</span> <span class='ocrx_word' id='word_1_241' title='bbox 338 2413 354 2446; x_wconf 78' lang='lat' dir='ltr'><strong>a</strong></span> <span class='ocrx_word' id='word_1_242' title='bbox 374 2397 506 2447; x_wconf 76' lang='lat' dir='ltr'>Strabone</span> <span class='ocrx_word' id='word_1_243' title='bbox 519 2397 567 2448; x_wconf 84' lang='lat' dir='ltr'>lx.</span> <span class='ocrx_word' id='word_1_244' title='bbox 581 2414 605 2460; x_wconf 87' lang='lat' dir='ltr'>p.</span> <span class='ocrx_word' id='word_1_245' title='bbox 619 2397 670 2447; x_wconf 75' lang='grc'>668</span> <span class='ocrx_word' id='word_1_246' title='bbox 683 2398 715 2448; x_wconf 79' lang='grc' dir='ltr'>Λ.</span> <span class='ocrx_word' id='word_1_247' title='bbox 727 2412 749 2447; x_wconf 89' lang='lat' dir='ltr'>s.</span> <span class='ocrx_word' id='word_1_248' title='bbox 761 2399 815 2448; x_wconf 83' lang='grc'>436</span> <span class='ocrx_word' id='word_1_249' title='bbox 865 2400 919 2458; x_wconf 90' lang='lat' dir='ltr'>lV,</span> <span class='ocrx_word' id='word_1_250' title='bbox 937 2401 1003 2450; x_wconf 73' lang='lat'>1244</span> <span class='ocrx_word' id='word_1_251' title='bbox 1019 2416 1035 2448; x_wconf 89' lang='lat' dir='ltr'>a</span> <span class='ocrx_word' id='word_1_252' title='bbox 1048 2399 1109 2448; x_wconf 86' lang='lat' dir='ltr'>loco</span> <span class='ocrx_word' id='word_1_253' title='bbox 1121 2396 1299 2459; x_wconf 71' lang='lat' dir='ltr'>Thessaliae,</span> <span class='ocrx_word' id='word_1_254' title='bbox 1316 2400 1407 2464; x_wconf 89' lang='lat' dir='ltr'>inquo</span> 
     </span>
     <span class='ocr_line' id='line_1_26' title="bbox 864 2467 1408 2532; baseline -0.002 -14"><span class='ocrx_word' id='word_1_255' title='bbox 864 2467 924 2518; x_wconf 90' lang='lat' dir='ltr'>ludi</span> <span class='ocrx_word' id='word_1_256' title='bbox 936 2469 964 2517; x_wconf 91' lang='lat' dir='ltr'>iu</span> <span class='ocrx_word' id='word_1_257' title='bbox 976 2468 1097 2532; x_wconf 75' lang='lat' dir='ltr'>Neptuni</span> <span class='ocrx_word' id='word_1_258' title='bbox 1108 2468 1236 2518; x_wconf 89' lang='lat' dir='ltr'>honorem</span> <span class='ocrx_word' id='word_1_259' title='bbox 1248 2468 1340 2518; x_wconf 83' lang='lat' dir='ltr'>habiti</span> <span class='ocrx_word' id='word_1_260' title='bbox 1351 2469 1408 2519; x_wconf 82' lang='lat' dir='ltr'>lue-</span> 
     </span>
     <span class='ocr_line' id='line_1_27' title="bbox 864 2536 1408 2601; baseline 0 -15"><span class='ocrx_word' id='word_1_261' title='bbox 864 2538 936 2600; x_wconf 90' lang='lat' dir='ltr'>rint,</span> <span class='ocrx_word' id='word_1_262' title='bbox 949 2537 1029 2589; x_wconf 87' lang='lat' dir='ltr'>deum</span> <span class='ocrx_word' id='word_1_263' title='bbox 1043 2543 1170 2589; x_wconf 83' lang='lat' dir='ltr'>vocatum</span> <span class='ocrx_word' id='word_1_264' title='bbox 1184 2552 1246 2589; x_wconf 79' lang='lat' dir='ltr'>esse</span> <span class='ocrx_word' id='word_1_265' title='bbox 1265 2536 1408 2601; x_wconf 70' lang='lat' dir='ltr'>littonias</span> 
     </span>
    </p>
   </div>
   <div class='ocr_carea' id='block_1_5' title="bbox 274 2465 816 2602">
    <p class='ocr_par' dir='ltr' id='par_1_6' title="bbox 274 2465 816 2602">
     <span class='ocr_line' id='line_1_28' title="bbox 275 2465 814 2532; baseline 0.002 -15"><span class='ocrx_word' id='word_1_266' title='bbox 275 2472 360 2532; x_wconf 89' lang='lat' dir='ltr'>atque</span> <span class='ocrx_word' id='word_1_267' title='bbox 385 2483 418 2516; x_wconf 80' lang='lat' dir='ltr'>ex</span> <span class='ocrx_word' id='word_1_268' title='bbox 444 2470 521 2530; x_wconf 87' lang='lat' dir='ltr'>parte</span> <span class='ocrx_word' id='word_1_269' title='bbox 544 2465 578 2514; x_wconf 85' lang='lat' dir='ltr'>eb</span> <span class='ocrx_word' id='word_1_270' title='bbox 593 2465 740 2516; x_wconf 82' lang='lat' dir='ltr'>Eustutbio</span> <span class='ocrx_word' id='word_1_271' title='bbox 758 2466 776 2516; x_wconf 91' lang='lat' dir='ltr'>l.</span> <span class='ocrx_word' id='word_1_272' title='bbox 797 2465 814 2518; x_wconf 91' lang='lat' dir='ltr'>l.</span> 
     </span>
     <span class='ocr_line' id='line_1_29' title="bbox 274 2536 816 2602; baseline -0.002 -16"><span class='ocrx_word' id='word_1_273' title='bbox 274 2536 352 2600; x_wconf 82' lang='lat' dir='ltr'>Quod</span> <span class='ocrx_word' id='word_1_274' title='bbox 369 2551 433 2585; x_wconf 83' lang='lat' dir='ltr'>vero</span> <span class='ocrx_word' id='word_1_275' title='bbox 448 2540 537 2585; x_wconf 88' lang='lat' dir='ltr'>terrae</span> <span class='ocrx_word' id='word_1_276' title='bbox 558 2541 645 2597; x_wconf 89' lang='lat' dir='ltr'>motu,</span> <span class='ocrx_word' id='word_1_277' title='bbox 666 2550 747 2602; x_wconf 88' lang='lat' dir='ltr'>opere</span> <span class='ocrx_word' id='word_1_278' title='bbox 761 2536 816 2585; x_wconf 90' lang='lat' dir='ltr'>Ne-</span> 
     </span>
    </p>
   </div>
   <div class='ocr_carea' id='block_1_6' title="bbox 270 2604 816 4410">
    <p class='ocr_par' dir='ltr' id='par_1_7' title="bbox 270 2604 816 4410">
     <span class='ocr_line' id='line_1_30' title="bbox 274 2604 815 2673; baseline -0.004 -17"><span class='ocrx_word' id='word_1_279' title='bbox 274 2608 386 2673; x_wconf 90' lang='lat' dir='ltr'>ptunio‚</span> <span class='ocrx_word' id='word_1_280' title='bbox 401 2604 545 2669; x_wconf 82' lang='lat' dir='ltr'>Olympum</span> <span class='ocrx_word' id='word_1_281' title='bbox 569 2611 597 2655; x_wconf 89' lang='lat' dir='ltr'>et</span> <span class='ocrx_word' id='word_1_282' title='bbox 615 2606 729 2669; x_wconf 89' lang='lat' dir='ltr'>Ossam,</span> <span class='ocrx_word' id='word_1_283' title='bbox 751 2605 815 2656; x_wconf 89' lang='lat' dir='ltr'>olim</span> 
     </span>
     <span class='ocr_line' id='line_1_31' title="bbox 274 2674 815 2740; baseline -0.006 -12"><span class='ocrx_word' id='word_1_284' title='bbox 274 2678 450 2736; x_wconf 89' lang='lat' dir='ltr'>coniunctos,</span> <span class='ocrx_word' id='word_1_285' title='bbox 471 2674 594 2727; x_wconf 82' lang='lat' dir='ltr'>divulsos</span> <span class='ocrx_word' id='word_1_286' title='bbox 613 2692 647 2726; x_wconf 85' lang='lat' dir='ltr'>sc</span> <span class='ocrx_word' id='word_1_287' title='bbox 670 2682 815 2740; x_wconf 75' lang='lat' dir='ltr'>separatos</span> 
     </span>
     <span class='ocr_line' id='line_1_32' title="bbox 273 2744 816 2811; baseline -0.009 -12"><span class='ocrx_word' id='word_1_288' title='bbox 273 2763 333 2799; x_wconf 89' lang='lat' dir='ltr'>esse</span> <span class='ocrx_word' id='word_1_289' title='bbox 340 2747 439 2796; x_wconf 89' lang='lat' dir='ltr'>Noster</span> <span class='ocrx_word' id='word_1_290' title='bbox 449 2744 563 2807; x_wconf 85' lang='lat' dir='ltr'>indicat,</span> <span class='ocrx_word' id='word_1_291' title='bbox 573 2747 690 2811; x_wconf 89' lang='lat' dir='ltr'>probant</span> <span class='ocrx_word' id='word_1_292' title='bbox 701 2745 816 2795; x_wconf 82' lang='lat' dir='ltr'>aliorum</span> 
     </span>
     <span class='ocr_line' id='line_1_33' title="bbox 274 2815 815 2883; baseline -0.006 -16"><span class='ocrx_word' id='word_1_293' title='bbox 274 2833 380 2883; x_wconf 90' lang='lat' dir='ltr'>quoque</span> <span class='ocrx_word' id='word_1_294' title='bbox 404 2815 576 2875; x_wconf 85' lang='lat' dir='ltr'>testimonia,</span> <span class='ocrx_word' id='word_1_295' title='bbox 610 2816 758 2866; x_wconf 75' lang='lat' dir='ltr'>Claudiani</span> <span class='ocrx_word' id='word_1_296' title='bbox 781 2815 815 2865; x_wconf 89' lang='lat' dir='ltr'>de</span> 
     </span>
     <span class='ocr_line' id='line_1_34' title="bbox 272 2884 815 2951; baseline -0.002 -14"><span class='ocrx_word' id='word_1_297' title='bbox 272 2888 356 2951; x_wconf 85' lang='lat' dir='ltr'>Rupt.</span> <span class='ocrx_word' id='word_1_298' title='bbox 376 2886 454 2936; x_wconf 89' lang='lat' dir='ltr'>Pros.</span> <span class='ocrx_word' id='word_1_299' title='bbox 475 2885 518 2949; x_wconf 94' lang='lat' dir='ltr'>ll,</span> <span class='ocrx_word' id='word_1_300' title='bbox 545 2886 600 2938; x_wconf 80' lang='lat'><strong>¹79.</strong></span> <span class='ocrx_word' id='word_1_301' title='bbox 622 2886 736 2936; x_wconf 88' lang='lat' dir='ltr'>Diodor.</span> <span class='ocrx_word' id='word_1_302' title='bbox 759 2884 815 2936; x_wconf 89' lang='lat' dir='ltr'>Sic.</span> 
     </span>
     <span class='ocr_line' id='line_1_35' title="bbox 273 2954 814 3018; baseline -0.006 -11"><span class='ocrx_word' id='word_1_303' title='bbox 273 2958 321 3018; x_wconf 87' lang='lat' dir='ltr'>IV,</span> <span class='ocrx_word' id='word_1_304' title='bbox 337 2956 375 3005; x_wconf 80' lang='lat'>18.</span> <span class='ocrx_word' id='word_1_305' title='bbox 389 2954 550 3004; x_wconf 84' lang='lat' dir='ltr'>Philostrnt.</span> <span class='ocrx_word' id='word_1_306' title='bbox 564 2956 640 3005; x_wconf 90' lang='lat' dir='ltr'>Icon.</span> <span class='ocrx_word' id='word_1_307' title='bbox 650 2956 687 3017; x_wconf 91' lang='lat' dir='ltr'>ll,</span> <span class='ocrx_word' id='word_1_308' title='bbox 698 2956 737 3004; x_wconf 78' lang='lat'>14.</span> <span class='ocrx_word' id='word_1_309' title='bbox 751 2970 814 3018; x_wconf 65' lang='grc' dir='ltr'><strong><em>μσς.</em></strong></span> 
     </span>
     <span class='ocr_line' id='line_1_36' title="bbox 273 3023 815 3089; baseline -0.004 -14"><span class='ocrx_word' id='word_1_310' title='bbox 273 3026 324 3075; x_wconf 80' lang='grc'>336</span> <span class='ocrx_word' id='word_1_311' title='bbox 342 3023 404 3075; x_wconf 85' lang='lat' dir='ltr'>coll.</span> <span class='ocrx_word' id='word_1_312' title='bbox 425 3024 491 3085; x_wconf 84' lang='grc'>831,</span> <span class='ocrx_word' id='word_1_313' title='bbox 512 3039 582 3089; x_wconf 88' lang='lat' dir='ltr'>quae</span> <span class='ocrx_word' id='word_1_314' title='bbox 600 3024 700 3075; x_wconf 89' lang='lat' dir='ltr'>dudum</span> <span class='ocrx_word' id='word_1_315' title='bbox 715 3023 815 3073; x_wconf 88' lang='lat' dir='ltr'>attuie-</span> 
     </span>
     <span class='ocr_line' id='line_1_37' title="bbox 272 3093 815 3157; baseline -0.006 -13"><span class='ocrx_word' id='word_1_316' title='bbox 272 3099 337 3144; x_wconf 89' lang='lat' dir='ltr'>runt</span> <span class='ocrx_word' id='word_1_317' title='bbox 353 3093 488 3144; x_wconf 87' lang='lat' dir='ltr'>ilorodoti</span> <span class='ocrx_word' id='word_1_318' title='bbox 508 3095 683 3157; x_wconf 63' lang='lat' dir='ltr'>interpretem</span> <span class='ocrx_word' id='word_1_319' title='bbox 704 3093 815 3157; x_wconf 81' lang='lat' dir='ltr'>probat·</span> 
     </span>
     <span class='ocr_line' id='line_1_38' title="bbox 272 3161 812 3229; baseline -0.004 -16"><span class='ocrx_word' id='word_1_320' title='bbox 272 3180 323 3229; x_wconf 89' lang='lat' dir='ltr'>que</span> <span class='ocrx_word' id='word_1_321' title='bbox 348 3163 434 3213; x_wconf 86' lang='lat' dir='ltr'>omnis</span> <span class='ocrx_word' id='word_1_322' title='bbox 455 3161 534 3214; x_wconf 89' lang='lat' dir='ltr'>huius</span> <span class='ocrx_word' id='word_1_323' title='bbox 554 3165 675 3228; x_wconf 77' lang='lat' dir='ltr'>regionis</span> <span class='ocrx_word' id='word_1_324' title='bbox 697 3163 812 3226; x_wconf 77' lang='lat' dir='ltr'>indoles,</span> 
     </span>
     <span class='ocr_line' id='line_1_39' title="bbox 273 3231 814 3299; baseline 0 -16"><span class='ocrx_word' id='word_1_325' title='bbox 273 3233 378 3299; x_wconf 79' lang='lat' dir='ltr'>qualem</span> <span class='ocrx_word' id='word_1_326' title='bbox 403 3231 446 3282; x_wconf 83' lang='lat' dir='ltr'>vel</span> <span class='ocrx_word' id='word_1_327' title='bbox 466 3234 626 3284; x_wconf 77' lang='lat' dir='ltr'>recentioris</span> <span class='ocrx_word' id='word_1_328' title='bbox 640 3235 743 3283; x_wconf 87' lang='lat' dir='ltr'>aetutis</span> <span class='ocrx_word' id='word_1_329' title='bbox 760 3234 814 3283; x_wconf 86' lang='lat' dir='ltr'>viri</span> 
     </span>
     <span class='ocr_line' id='line_1_40' title="bbox 272 3302 814 3368; baseline -0.004 -15"><span class='ocrx_word' id='word_1_330' title='bbox 272 3303 490 3367; x_wconf 82' lang='lat' dir='ltr'>peregrinatores</span> <span class='ocrx_word' id='word_1_331' title='bbox 498 3303 582 3365; x_wconf 90' lang='lat' dir='ltr'>docti,</span> <span class='ocrx_word' id='word_1_332' title='bbox 592 3318 659 3368; x_wconf 85' lang='lat' dir='ltr'>quoa</span> <span class='ocrx_word' id='word_1_333' title='bbox 666 3302 814 3367; x_wconf 86' lang='lat' dir='ltr'>supralau-</span> 
     </span>
     <span class='ocr_line' id='line_1_41' title="bbox 271 3371 814 3434; baseline 0.002 -13"><span class='ocrx_word' id='word_1_334' title='bbox 271 3371 411 3433; x_wconf 84' lang='lat' dir='ltr'>davimus,</span> <span class='ocrx_word' id='word_1_335' title='bbox 424 3380 592 3434; x_wconf 85' lang='lat' dir='ltr'>repererunt.</span> <span class='ocrx_word' id='word_1_336' title='bbox 617 3374 717 3423; x_wconf 91' lang='lat' dir='ltr'>Merito</span> <span class='ocrx_word' id='word_1_337' title='bbox 730 3372 814 3431; x_wconf 65' lang='lat' dir='ltr'>initur</span> 
     </span>
     <span class='ocr_line' id='line_1_42' title="bbox 273 3440 814 3506; baseline 0.004 -17"><span class='ocrx_word' id='word_1_338' title='bbox 273 3440 440 3502; x_wconf 85' lang='lat' dir='ltr'>Neptunium</span> <span class='ocrx_word' id='word_1_339' title='bbox 454 3455 522 3504; x_wconf 88' lang='lat' dir='ltr'>opus</span> <span class='ocrx_word' id='word_1_340' title='bbox 536 3442 712 3506; x_wconf 74' lang='lat' dir='ltr'>praedicetur</span> <span class='ocrx_word' id='word_1_341' title='bbox 727 3442 814 3491; x_wconf 83' lang='lat' dir='ltr'>Thes-</span> 
     </span>
     <span class='ocr_line' id='line_1_43' title="bbox 272 3508 812 3576; baseline 0.006 -17"><span class='ocrx_word' id='word_1_342' title='bbox 272 3508 356 3569; x_wconf 85' lang='lat' dir='ltr'>salia,</span> <span class='ocrx_word' id='word_1_343' title='bbox 382 3508 489 3573; x_wconf 87' lang='lat' dir='ltr'>quaudo</span> <span class='ocrx_word' id='word_1_344' title='bbox 511 3510 618 3575; x_wconf 90' lang='lat' dir='ltr'>quidem</span> <span class='ocrx_word' id='word_1_345' title='bbox 638 3527 812 3576; x_wconf 86' lang='lat' dir='ltr'>quoscunque</span> 
     </span>
     <span class='ocr_line' id='line_1_44' title="bbox 272 3578 811 3642; baseline 0.004 -15"><span class='ocrx_word' id='word_1_346' title='bbox 272 3584 362 3629; x_wconf 88' lang='lat' dir='ltr'>terrae</span> <span class='ocrx_word' id='word_1_347' title='bbox 372 3582 470 3641; x_wconf 89' lang='lat' dir='ltr'>motus,</span> <span class='ocrx_word' id='word_1_348' title='bbox 483 3578 597 3642; x_wconf 87' lang='lat' dir='ltr'>diluvia,</span> <span class='ocrx_word' id='word_1_349' title='bbox 609 3581 811 3639; x_wconf 75' lang='lat' dir='ltr'>inundationes,</span> 
     </span>
     <span class='ocr_line' id='line_1_45' title="bbox 272 3638 812 3715; baseline 0.007 -18"><span class='ocrx_word' id='word_1_350' title='bbox 272 3638 812 3715; x_wconf 73' lang='lat' dir='ltr'>fluminumacmarislaop‘ppuruNeptu-</span> 
     </span>
     <span class='ocr_line' id='line_1_46' title="bbox 272 3719 811 3784; baseline 0.004 -17"><span class='ocrx_word' id='word_1_351' title='bbox 272 3733 307 3767; x_wconf 91' lang='lat' dir='ltr'>no</span> <span class='ocrx_word' id='word_1_352' title='bbox 320 3723 443 3769; x_wconf 84' lang='lat' dir='ltr'>veterum</span> <span class='ocrx_word' id='word_1_353' title='bbox 459 3719 555 3770; x_wconf 89' lang='lat' dir='ltr'>tribuit</span> <span class='ocrx_word' id='word_1_354' title='bbox 569 3721 744 3784; x_wconf 77' lang='lat' dir='ltr'>superstitio,</span> <span class='ocrx_word' id='word_1_355' title='bbox 763 3721 811 3784; x_wconf 87' lang='lat' dir='ltr'>qni</span> 
     </span>
     <span class='ocr_line' id='line_1_47' title="bbox 271 3780 812 3853; baseline 0.007 -18"><span class='ocrx_word' id='word_1_356' title='bbox 271 3786 334 3837; x_wconf 92' lang='lat' dir='ltr'>hinc</span> <span class='ocrx_word' id='word_1_357' title='bbox 347 3780 532 3852; x_wconf 79' lang='grc' dir='ltr'><strong><em>Ἑνοσίηαιος,</em></strong></span> <span class='ocrx_word' id='word_1_358' title='bbox 549 3780 735 3853; x_wconf 77' lang='grc' dir='ltr'><strong><em>Ἐνοσίχθων,</em></strong></span> <span class='ocrx_word' id='word_1_359' title='bbox 750 3788 812 3838; x_wconf 77' lang='grc' dir='ltr'><strong><em>Σει.</em></strong></span> 
     </span>
     <span class='ocr_line' id='line_1_48' title="bbox 272 3853 811 3924; baseline 0.013 -21"><span class='ocrx_word' id='word_1_360' title='bbox 272 3853 392 3920; x_wconf 70' lang='grc' dir='ltr'><strong><em>σίχθων,</em></strong></span> <span class='ocrx_word' id='word_1_361' title='bbox 409 3855 595 3922; x_wconf 78' lang='grc' dir='ltr'><strong><em>Κινησίχθων</em></strong></span> <span class='ocrx_word' id='word_1_362' title='bbox 606 3859 811 3924; x_wconf 81' lang='lat' dir='ltr'>appellabatur:</span> 
     </span>
     <span class='ocr_line' id='line_1_49' title="bbox 272 3926 811 3992; baseline 0.007 -17"><span class='ocrx_word' id='word_1_363' title='bbox 272 3940 341 3989; x_wconf 85' lang='lat' dir='ltr'>quus</span> <span class='ocrx_word' id='word_1_364' title='bbox 353 3926 444 3976; x_wconf 85' lang='lat' dir='ltr'>omnia</span> <span class='ocrx_word' id='word_1_365' title='bbox 457 3927 501 3978; x_wconf 90' lang='lat' dir='ltr'>dei</span> <span class='ocrx_word' id='word_1_366' title='bbox 514 3930 677 3992; x_wconf 81' lang='lat' dir='ltr'>cognomina</span> <span class='ocrx_word' id='word_1_367' title='bbox 692 3930 727 3980; x_wconf 85' lang='lat' dir='ltr'>ad</span> <span class='ocrx_word' id='word_1_368' title='bbox 741 3929 811 3979; x_wconf 85' lang='lat' dir='ltr'>hanc</span> 
     </span>
     <span class='ocr_line' id='line_1_50' title="bbox 270 3994 812 4064; baseline 0.009 -21"><span class='ocrx_word' id='word_1_369' title='bbox 270 3994 358 4059; x_wconf 83' lang='lat' dir='ltr'>ipsam</span> <span class='ocrx_word' id='word_1_370' title='bbox 369 3996 426 4045; x_wconf 83' lang='lat' dir='ltr'>eius</span> <span class='ocrx_word' id='word_1_371' title='bbox 438 4001 565 4059; x_wconf 80' lang='lat' dir='ltr'>spectant</span> <span class='ocrx_word' id='word_1_372' title='bbox 576 3998 631 4047; x_wconf 83' lang='lat' dir='ltr'>vim</span> <span class='ocrx_word' id='word_1_373' title='bbox 643 4013 677 4048; x_wconf 88' lang='lat' dir='ltr'>ae</span> <span class='ocrx_word' id='word_1_374' title='bbox 691 4003 812 4064; x_wconf 86' lang='lat' dir='ltr'>potesta·</span> 
     </span>
     <span class='ocr_line' id='line_1_51' title="bbox 272 4065 810 4133; baseline 0.009 -20"><span class='ocrx_word' id='word_1_375' title='bbox 272 4069 336 4126; x_wconf 89' lang='lat' dir='ltr'>tem,</span> <span class='ocrx_word' id='word_1_376' title='bbox 348 4080 402 4130; x_wconf 84' lang='lat' dir='ltr'>que</span> <span class='ocrx_word' id='word_1_377' title='bbox 415 4065 484 4115; x_wconf 83' lang='lat' dir='ltr'>tnlia</span> <span class='ocrx_word' id='word_1_378' title='bbox 496 4066 524 4117; x_wconf 90' lang='lat' dir='ltr'>in</span> <span class='ocrx_word' id='word_1_379' title='bbox 535 4072 634 4117; x_wconf 86' lang='lat' dir='ltr'>natura</span> <span class='ocrx_word' id='word_1_380' title='bbox 643 4068 750 4118; x_wconf 81' lang='lat' dir='ltr'>efficere</span> <span class='ocrx_word' id='word_1_381' title='bbox 762 4085 810 4133; x_wconf 93' lang='lat' dir='ltr'>pu-</span> 
     </span>
     <span class='ocr_line' id='line_1_52' title="bbox 271 4135 810 4196; baseline 0.006 -13"><span class='ocrx_word' id='word_1_382' title='bbox 271 4135 392 4185; x_wconf 80' lang='lat' dir='ltr'>tabstur.</span> <span class='ocrx_word' id='word_1_383' title='bbox 429 4136 490 4185; x_wconf 82' lang='lat' dir='ltr'>vid.</span> <span class='ocrx_word' id='word_1_384' title='bbox 508 4136 591 4187; x_wconf 90' lang='lat' dir='ltr'>Diod.</span> <span class='ocrx_word' id='word_1_385' title='bbox 611 4138 671 4196; x_wconf 82' lang='lat' dir='ltr'>XV,</span> <span class='ocrx_word' id='word_1_386' title='bbox 685 4138 728 4188; x_wconf 84' lang='grc'>46.</span> <span class='ocrx_word' id='word_1_387' title='bbox 748 4140 810 4187; x_wconf 77' lang='lat' dir='ltr'>Am·</span> 
     </span>
     <span class='ocr_line' id='line_1_53' title="bbox 271 4203 810 4271; baseline 0.011 -20"><span class='ocrx_word' id='word_1_388' title='bbox 271 4203 353 4252; x_wconf 84' lang='lat' dir='ltr'>mian.</span> <span class='ocrx_word' id='word_1_389' title='bbox 365 4203 486 4254; x_wconf 86' lang='lat' dir='ltr'>Marcell.</span> <span class='ocrx_word' id='word_1_390' title='bbox 499 4205 595 4267; x_wconf 84' lang='lat' dir='ltr'>XVII,</span> <span class='ocrx_word' id='word_1_391' title='bbox 611 4207 627 4257; x_wconf 83' lang='lat'>8</span> <span class='ocrx_word' id='word_1_392' title='bbox 643 4206 724 4271; x_wconf 83' lang='lat' dir='ltr'>(quae</span> <span class='ocrx_word' id='word_1_393' title='bbox 738 4213 810 4257; x_wconf 91' lang='lat' dir='ltr'>attu-</span> 
     </span>
     <span class='ocr_line' id='line_1_54' title="bbox 271 4270 811 4337; baseline 0.013 -18"><span class='ocrx_word' id='word_1_394' title='bbox 271 4270 303 4320; x_wconf 91' lang='lat' dir='ltr'>lit</span> <span class='ocrx_word' id='word_1_395' title='bbox 315 4271 492 4335; x_wconf 75' lang='lat' dir='ltr'>Wesseling.)</span> <span class='ocrx_word' id='word_1_396' title='bbox 506 4279 534 4322; x_wconf 88' lang='lat' dir='ltr'>et</span> <span class='ocrx_word' id='word_1_397' title='bbox 547 4277 719 4337; x_wconf 88' lang='lat' dir='ltr'>potissimum</span> <span class='ocrx_word' id='word_1_398' title='bbox 729 4277 811 4326; x_wconf 84' lang='lat' dir='ltr'>Creu-</span> 
     </span>
     <span class='ocr_line' id='line_1_55' title="bbox 272 4340 809 4410; baseline 0.013 -21"><span class='ocrx_word' id='word_1_399' title='bbox 272 4355 325 4390; x_wconf 83' lang='lat' dir='ltr'>zer.</span> <span class='ocrx_word' id='word_1_400' title='bbox 345 4340 373 4389; x_wconf 90' lang='lat' dir='ltr'>in</span> <span class='ocrx_word' id='word_1_401' title='bbox 393 4340 512 4405; x_wconf 84' lang='lat' dir='ltr'>Symbol.</span> <span class='ocrx_word' id='word_1_402' title='bbox 534 4343 586 4396; x_wconf 90' lang='lat' dir='ltr'>lll.</span> <span class='ocrx_word' id='word_1_403' title='bbox 607 4360 670 4410; x_wconf 78' lang='lat' dir='ltr'>ppg.</span> <span class='ocrx_word' id='word_1_404' title='bbox 685 4346 736 4397; x_wconf 81' lang='lat'>260</span> <span class='ocrx_word' id='word_1_405' title='bbox 751 4362 809 4410; x_wconf 85' lang='lat' dir='ltr'>seq.</span> 
     </span>
    </p>
   </div>
   <div class='ocr_carea' id='block_1_7' title="bbox 860 2608 1408 4413">
    <p class='ocr_par' dir='ltr' id='par_1_8' title="bbox 860 2608 1408 4413">
     <span class='ocr_line' id='line_1_56' title="bbox 865 2608 1408 2667; baseline 0.006 -11"><span class='ocrx_word' id='word_1_406' title='bbox 865 2608 1001 2667; x_wconf 80' lang='lat' dir='ltr'>seribens3</span> <span class='ocrx_word' id='word_1_407' title='bbox 1022 2613 1053 2657; x_wconf 90' lang='lat' dir='ltr'>tu</span> <span class='ocrx_word' id='word_1_408' title='bbox 1072 2608 1130 2658; x_wconf 84' lang='lat' dir='ltr'>vid.</span> <span class='ocrx_word' id='word_1_409' title='bbox 1143 2608 1281 2659; x_wconf 85' lang='lat' dir='ltr'>Gerhard:</span> <span class='ocrx_word' id='word_1_410' title='bbox 1300 2610 1408 2659; x_wconf 86' lang='lat' dir='ltr'>Grieeh.</span> 
     </span>
     <span class='ocr_line' id='line_1_57' title="bbox 864 2677 1408 2742; baseline 0.006 -16"><span class='ocrx_word' id='word_1_411' title='bbox 864 2677 1049 2742; x_wconf 79' lang='lat' dir='ltr'>Mytholog.1.</span> <span class='ocrx_word' id='word_1_412' title='bbox 1066 2680 1090 2740; x_wconf 71' lang='grc' dir='ltr'>ξ.</span> <span class='ocrx_word' id='word_1_413' title='bbox 1103 2677 1163 2728; x_wconf 79' lang='lat'>232.</span> <span class='ocrx_word' id='word_1_414' title='bbox 1179 2685 1236 2729; x_wconf 88' lang='lat' dir='ltr'>not.</span> <span class='ocrx_word' id='word_1_415' title='bbox 1250 2682 1276 2728; x_wconf 78' lang='lat'>⁸2.</span> <span class='ocrx_word' id='word_1_416' title='bbox 1291 2677 1408 2730; x_wconf 88' lang='lat' dir='ltr'>Preller:</span> 
     </span>
     <span class='ocr_line' id='line_1_58' title="bbox 865 2746 1407 2813; baseline -0.002 -17"><span class='ocrx_word' id='word_1_417' title='bbox 865 2746 1191 2811; x_wconf 70' lang='lat' dir='ltr'>Griecnisehutytholog.</span> <span class='ocrx_word' id='word_1_418' title='bbox 1207 2749 1228 2800; x_wconf 91' lang='grc'>1.</span> <span class='ocrx_word' id='word_1_419' title='bbox 1242 2763 1268 2811; x_wconf 90' lang='lat' dir='ltr'>p.</span> <span class='ocrx_word' id='word_1_420' title='bbox 1283 2747 1338 2798; x_wconf 74' lang='grc'>356</span> <span class='ocrx_word' id='word_1_421' title='bbox 1350 2764 1407 2813; x_wconf 84' lang='lat' dir='ltr'>seq.</span> 
     </span>
     <span class='ocr_line' id='line_1_59' title="bbox 865 2816 1408 2867; baseline 0.002 -1"><span class='ocrx_word' id='word_1_422' title='bbox 865 2817 993 2866; x_wconf 84' lang='lat' dir='ltr'>Cernitur</span> <span class='ocrx_word' id='word_1_423' title='bbox 1003 2823 1093 2867; x_wconf 83' lang='lat' dir='ltr'>autem</span> <span class='ocrx_word' id='word_1_424' title='bbox 1104 2816 1155 2867; x_wconf 91' lang='lat' dir='ltr'>hoc</span> <span class='ocrx_word' id='word_1_425' title='bbox 1165 2831 1196 2865; x_wconf 81' lang='lat' dir='ltr'>ax</span> <span class='ocrx_word' id='word_1_426' title='bbox 1204 2817 1339 2866; x_wconf 85' lang='lat' dir='ltr'>Herodoti</span> <span class='ocrx_word' id='word_1_427' title='bbox 1350 2817 1408 2867; x_wconf 82' lang='lat' dir='ltr'>loco</span> 
     </span>
     <span class='ocr_line' id='line_1_60' title="bbox 865 2885 1406 2950; baseline 0.007 -14"><span class='ocrx_word' id='word_1_428' title='bbox 865 2885 909 2950; x_wconf 82' lang='lat' dir='ltr'>(ut</span> <span class='ocrx_word' id='word_1_429' title='bbox 933 2886 1002 2936; x_wconf 87' lang='lat' dir='ltr'>bane</span> <span class='ocrx_word' id='word_1_430' title='bbox 1028 2892 1119 2936; x_wconf 84' lang='lat' dir='ltr'>monet</span> <span class='ocrx_word' id='word_1_431' title='bbox 1151 2886 1249 2950; x_wconf 77' lang='lat' dir='ltr'>laeger</span> <span class='ocrx_word' id='word_1_432' title='bbox 1273 2887 1406 2940; x_wconf 87' lang='lat' dir='ltr'>Dissertt.</span> 
     </span>
     <span class='ocr_line' id='line_1_61' title="bbox 865 2954 1407 3020; baseline 0.002 -15"><span class='ocrx_word' id='word_1_433' title='bbox 865 2956 986 3007; x_wconf 85' lang='lat' dir='ltr'>Herodd.</span> <span class='ocrx_word' id='word_1_434' title='bbox 1005 2971 1066 3020; x_wconf 66' lang='grc' dir='ltr'><strong><em>μσς.</em></strong></span> <span class='ocrx_word' id='word_1_435' title='bbox 1081 2954 1127 3020; x_wconf 80' lang='grc'>32)</span> <span class='ocrx_word' id='word_1_436' title='bbox 1152 2955 1274 3005; x_wconf 90' lang='lat' dir='ltr'>studium</span> <span class='ocrx_word' id='word_1_437' title='bbox 1301 2955 1407 3007; x_wconf 87' lang='lat' dir='ltr'>altioris</span> 
     </span>
     <span class='ocr_line' id='line_1_62' title="bbox 863 3024 1408 3092; baseline 0.007 -19"><span class='ocrx_word' id='word_1_438' title='bbox 863 3041 953 3075; x_wconf 91' lang='lat' dir='ltr'>rerum</span> <span class='ocrx_word' id='word_1_439' title='bbox 963 3024 1116 3075; x_wconf 87' lang='lat' dir='ltr'>divinarum</span> <span class='ocrx_word' id='word_1_440' title='bbox 1124 3026 1301 3089; x_wconf 81' lang='lat' dir='ltr'>cognitionis.</span> <span class='ocrx_word' id='word_1_441' title='bbox 1315 3028 1408 3092; x_wconf 85' lang='lat' dir='ltr'>Neque</span> 
     </span>
     <span class='ocr_line' id='line_1_63' title="bbox 865 3094 1407 3159; baseline 0.006 -16"><span class='ocrx_word' id='word_1_442' title='bbox 865 3097 937 3145; x_wconf 89' lang='lat' dir='ltr'>euim</span> <span class='ocrx_word' id='word_1_443' title='bbox 953 3094 999 3144; x_wconf 90' lang='lat' dir='ltr'>ille</span> <span class='ocrx_word' id='word_1_444' title='bbox 1016 3098 1043 3145; x_wconf 91' lang='lat' dir='ltr'>in</span> <span class='ocrx_word' id='word_1_445' title='bbox 1056 3095 1130 3159; x_wconf 82' lang='lat' dir='ltr'>vulgi</span> <span class='ocrx_word' id='word_1_446' title='bbox 1147 3094 1348 3145; x_wconf 86' lang='lat' dir='ltr'>traditionibus</span> <span class='ocrx_word' id='word_1_447' title='bbox 1362 3112 1407 3146; x_wconf 82' lang='lat' dir='ltr'>ac-</span> 
     </span>
     <span class='ocr_line' id='line_1_64' title="bbox 863 3164 1407 3230; baseline 0.004 -17"><span class='ocrx_word' id='word_1_448' title='bbox 863 3165 984 3230; x_wconf 87' lang='lat' dir='ltr'>quicvit,</span> <span class='ocrx_word' id='word_1_449' title='bbox 1000 3164 1047 3213; x_wconf 89' lang='lat' dir='ltr'>sed</span> <span class='ocrx_word' id='word_1_450' title='bbox 1059 3165 1185 3215; x_wconf 82' lang='lat' dir='ltr'>altiorem</span> <span class='ocrx_word' id='word_1_451' title='bbox 1198 3180 1286 3214; x_wconf 90' lang='lat' dir='ltr'>rerum</span> <span class='ocrx_word' id='word_1_452' title='bbox 1300 3164 1407 3215; x_wconf 87' lang='lat' dir='ltr'>divina·</span> 
     </span>
     <span class='ocr_line' id='line_1_65' title="bbox 862 3235 1407 3299; baseline 0.004 -16"><span class='ocrx_word' id='word_1_453' title='bbox 862 3250 922 3299; x_wconf 75' lang='lat' dir='ltr'>rupn</span> <span class='ocrx_word' id='word_1_454' title='bbox 936 3236 1120 3298; x_wconf 77' lang='lat' dir='ltr'>cognitionem</span> <span class='ocrx_word' id='word_1_455' title='bbox 1133 3235 1275 3298; x_wconf 88' lang='lat' dir='ltr'>requirens</span> <span class='ocrx_word' id='word_1_456' title='bbox 1292 3235 1407 3285; x_wconf 85' lang='lat' dir='ltr'>ulterius</span> 
     </span>
     <span class='ocr_line' id='line_1_66' title="bbox 862 3303 1407 3369; baseline 0.002 -17"><span class='ocrx_word' id='word_1_457' title='bbox 862 3303 1034 3369; x_wconf 83' lang='lat' dir='ltr'>progreditur</span> <span class='ocrx_word' id='word_1_458' title='bbox 1053 3306 1081 3354; x_wconf 91' lang='lat' dir='ltr'>in</span> <span class='ocrx_word' id='word_1_459' title='bbox 1099 3308 1225 3354; x_wconf 81' lang='lat' dir='ltr'>netursm</span> <span class='ocrx_word' id='word_1_460' title='bbox 1238 3305 1407 3367; x_wconf 73' lang='lat' dir='ltr'>singulorum</span> 
     </span>
     <span class='ocr_line' id='line_1_67' title="bbox 864 3373 1407 3438; baseline 0.002 -15"><span class='ocrx_word' id='word_1_461' title='bbox 864 3374 975 3423; x_wconf 86' lang='lat' dir='ltr'>deorum</span> <span class='ocrx_word' id='word_1_462' title='bbox 988 3374 1081 3423; x_wconf 78' lang='lat' dir='ltr'>etnim</span> <span class='ocrx_word' id='word_1_463' title='bbox 1095 3373 1244 3438; x_wconf 88' lang='lat' dir='ltr'>inquirens,</span> <span class='ocrx_word' id='word_1_464' title='bbox 1259 3376 1308 3424; x_wconf 87' lang='lat' dir='ltr'>sed</span> <span class='ocrx_word' id='word_1_465' title='bbox 1324 3377 1407 3424; x_wconf 83' lang='lat' dir='ltr'>maxi·</span> 
     </span>
     <span class='ocr_line' id='line_1_68' title="bbox 863 3442 1408 3495; baseline 0.006 -3"><span class='ocrx_word' id='word_1_466' title='bbox 863 3458 907 3492; x_wconf 85' lang='lat' dir='ltr'>ma</span> <span class='ocrx_word' id='word_1_467' title='bbox 922 3443 1012 3493; x_wconf 86' lang='lat' dir='ltr'>ubivis</span> <span class='ocrx_word' id='word_1_468' title='bbox 1025 3442 1148 3494; x_wconf 77' lang='lat' dir='ltr'>adhibita</span> <span class='ocrx_word' id='word_1_469' title='bbox 1161 3446 1307 3495; x_wconf 85' lang='lat' dir='ltr'>cautione:</span> <span class='ocrx_word' id='word_1_470' title='bbox 1321 3452 1408 3495; x_wconf 84' lang='lat' dir='ltr'>reete·</span> 
     </span>
     <span class='ocr_line' id='line_1_69' title="bbox 864 3512 1407 3577; baseline 0.004 -15"><span class='ocrx_word' id='word_1_471' title='bbox 864 3525 915 3577; x_wconf 89' lang='lat' dir='ltr'>quc</span> <span class='ocrx_word' id='word_1_472' title='bbox 934 3513 967 3563; x_wconf 89' lang='lat' dir='ltr'>de</span> <span class='ocrx_word' id='word_1_473' title='bbox 981 3513 1032 3563; x_wconf 93' lang='lat' dir='ltr'>hoc</span> <span class='ocrx_word' id='word_1_474' title='bbox 1050 3512 1111 3562; x_wconf 88' lang='grc' dir='ltr'><strong><em>Ιοοο</em></strong></span> <span class='ocrx_word' id='word_1_475' title='bbox 1130 3514 1170 3561; x_wconf 79' lang='lat' dir='ltr'>itu</span> <span class='ocrx_word' id='word_1_476' title='bbox 1187 3516 1350 3577; x_wconf 89' lang='lat' dir='ltr'>pronuntiat</span> <span class='ocrx_word' id='word_1_477' title='bbox 1364 3514 1407 3564; x_wconf 77' lang='lat' dir='ltr'>At-</span> 
     </span>
     <span class='ocr_line' id='line_1_70' title="bbox 863 3582 1407 3649; baseline 0.002 -17"><span class='ocrx_word' id='word_1_478' title='bbox 863 3582 934 3632; x_wconf 89' lang='lat' dir='ltr'>berti</span> <span class='ocrx_word' id='word_1_479' title='bbox 954 3583 987 3632; x_wconf 87' lang='lat' dir='ltr'>de</span> <span class='ocrx_word' id='word_1_480' title='bbox 1002 3583 1087 3647; x_wconf 79' lang='lat' dir='ltr'>longh</span> <span class='ocrx_word' id='word_1_481' title='bbox 1106 3583 1159 3646; x_wconf 91' lang='lat' dir='ltr'>(De</span> <span class='ocrx_word' id='word_1_482' title='bbox 1172 3582 1309 3633; x_wconf 88' lang='lat' dir='ltr'>Herodoti</span> <span class='ocrx_word' id='word_1_483' title='bbox 1322 3583 1407 3649; x_wconf 88' lang='lat' dir='ltr'>pbilo-</span> 
     </span>
     <span class='ocr_line' id='line_1_71' title="bbox 863 3650 1405 3717; baseline 0 -16"><span class='ocrx_word' id='word_1_484' title='bbox 863 3651 941 3717; x_wconf 89' lang='lat' dir='ltr'>soph.</span> <span class='ocrx_word' id='word_1_485' title='bbox 955 3668 1017 3717; x_wconf 80' lang='lat' dir='ltr'>pag.</span> <span class='ocrx_word' id='word_1_486' title='bbox 1030 3652 1090 3717; x_wconf 84' lang='lat'>20):</span> <span class='ocrx_word' id='word_1_487' title='bbox 1113 3651 1176 3714; x_wconf 88' lang='lat' dir='ltr'>„rel</span> <span class='ocrx_word' id='word_1_488' title='bbox 1193 3650 1275 3702; x_wconf 80' lang='lat' dir='ltr'>fallor</span> <span class='ocrx_word' id='word_1_489' title='bbox 1287 3652 1334 3703; x_wconf 89' lang='lat' dir='ltr'>hic</span> <span class='ocrx_word' id='word_1_490' title='bbox 1349 3654 1405 3704; x_wconf 84' lang='lat' dir='ltr'>exi·</span> 
     </span>
     <span class='ocr_line' id='line_1_72' title="bbox 863 3722 1407 3786; baseline 0.006 -16"><span class='ocrx_word' id='word_1_491' title='bbox 863 3724 914 3772; x_wconf 89' lang='lat' dir='ltr'>mie</span> <span class='ocrx_word' id='word_1_492' title='bbox 933 3737 1044 3786; x_wconf 87' lang='lat' dir='ltr'>prorsus</span> <span class='ocrx_word' id='word_1_493' title='bbox 1067 3722 1224 3772; x_wconf 87' lang='lat' dir='ltr'>Herodotus</span> <span class='ocrx_word' id='word_1_494' title='bbox 1241 3737 1343 3773; x_wconf 86' lang='lat' dir='ltr'>causas</span> <span class='ocrx_word' id='word_1_495' title='bbox 1368 3738 1407 3773; x_wconf 81' lang='lat' dir='ltr'>re</span> 
     </span>
     <span class='ocr_line' id='line_1_73' title="bbox 863 3790 1406 3857; baseline 0.002 -17"><span class='ocrx_word' id='word_1_496' title='bbox 863 3808 922 3841; x_wconf 90' lang='lat' dir='ltr'>rum</span> <span class='ocrx_word' id='word_1_497' title='bbox 935 3793 1071 3855; x_wconf 80' lang='lat' dir='ltr'>proximus</span> <span class='ocrx_word' id='word_1_498' title='bbox 1084 3807 1101 3841; x_wconf 85' lang='lat' dir='ltr'>a</span> <span class='ocrx_word' id='word_1_499' title='bbox 1111 3791 1236 3857; x_wconf 89' lang='lat' dir='ltr'>principe</span> <span class='ocrx_word' id='word_1_500' title='bbox 1250 3790 1299 3841; x_wconf 82' lang='lat' dir='ltr'>illa</span> <span class='ocrx_word' id='word_1_501' title='bbox 1312 3792 1406 3843; x_wconf 72' lang='lat' dir='ltr'>divine</span> 
     </span>
     <span class='ocr_line' id='line_1_74' title="bbox 863 3861 1404 3927; baseline 0.002 -16"><span class='ocrx_word' id='word_1_502' title='bbox 863 3877 949 3912; x_wconf 90' lang='lat' dir='ltr'>rerum</span> <span class='ocrx_word' id='word_1_503' title='bbox 975 3863 1094 3911; x_wconf 87' lang='lat' dir='ltr'>omnium</span> <span class='ocrx_word' id='word_1_504' title='bbox 1115 3876 1199 3911; x_wconf 74' lang='lat' dir='ltr'>causa</span> <span class='ocrx_word' id='word_1_505' title='bbox 1229 3861 1404 3927; x_wconf 74' lang='lat' dir='ltr'>distinguit“</span> 
     </span>
     <span class='ocr_line' id='line_1_75' title="bbox 863 3930 1406 3994; baseline 0.002 -14"><span class='ocrx_word' id='word_1_506' title='bbox 863 3930 1406 3994; x_wconf 81' lang='lat' dir='ltr'>Conf.etiamGrote:HistoryofGreeee</span> 
     </span>
     <span class='ocr_line' id='line_1_76' title="bbox 862 4000 1406 4065; baseline 0.004 -16"><span class='ocrx_word' id='word_1_507' title='bbox 862 4000 884 4049; x_wconf 95' lang='lat'>1.</span> <span class='ocrx_word' id='word_1_508' title='bbox 896 4015 958 4064; x_wconf 86' lang='lat' dir='ltr'>cap.</span> <span class='ocrx_word' id='word_1_509' title='bbox 981 4000 1012 4050; x_wconf 83' lang='lat' dir='ltr'>lb</span> <span class='ocrx_word' id='word_1_510' title='bbox 1028 4015 1088 4065; x_wconf 74' lang='lat' dir='ltr'>pag.</span> <span class='ocrx_word' id='word_1_511' title='bbox 1111 4000 1163 4051; x_wconf 75' lang='lat'>535</span> <span class='ocrx_word' id='word_1_512' title='bbox 1181 4016 1239 4064; x_wconf 86' lang='lat' dir='ltr'>seq.</span> <span class='ocrx_word' id='word_1_513' title='bbox 1260 4001 1339 4065; x_wconf 69' lang='lat' dir='ltr'>(hp.</span> <span class='ocrx_word' id='word_1_514' title='bbox 1353 4002 1406 4051; x_wconf 82' lang='grc'>363</span> 
     </span>
     <span class='ocr_line' id='line_1_77' title="bbox 864 4068 1407 4133; baseline 0.004 -14"><span class='ocrx_word' id='word_1_515' title='bbox 864 4085 878 4119; x_wconf 91' lang='lat' dir='ltr'>e</span> <span class='ocrx_word' id='word_1_516' title='bbox 899 4084 970 4120; x_wconf 78' lang='lat' dir='ltr'>vers.</span> <span class='ocrx_word' id='word_1_517' title='bbox 985 4068 1122 4133; x_wconf 82' lang='lat' dir='ltr'>Fischeri)</span> <span class='ocrx_word' id='word_1_518' title='bbox 1142 4074 1170 4120; x_wconf 89' lang='lat' dir='ltr'>et</span> <span class='ocrx_word' id='word_1_519' title='bbox 1184 4070 1297 4131; x_wconf 70' lang='lat' dir='ltr'>Runoee:</span> <span class='ocrx_word' id='word_1_520' title='bbox 1320 4071 1407 4121; x_wconf 85' lang='lat' dir='ltr'>Hero-</span> 
     </span>
     <span class='ocr_line' id='line_1_78' title="bbox 862 4138 1405 4204; baseline 0.006 -17"><span class='ocrx_word' id='word_1_521' title='bbox 862 4138 925 4189; x_wconf 89' lang='lat' dir='ltr'>dots</span> <span class='ocrx_word' id='word_1_522' title='bbox 946 4139 1136 4189; x_wconf 85' lang='lat' dir='ltr'>Verhaeltniss</span> <span class='ocrx_word' id='word_1_523' title='bbox 1158 4156 1182 4190; x_wconf 85' lang='grc' dir='ltr'><strong><em>τ,</em></strong></span> <span class='ocrx_word' id='word_1_524' title='bbox 1198 4138 1405 4204; x_wconf 78' lang='lat' dir='ltr'>Volksglauben</span> 
     </span>
     <span class='ocr_line' id='line_1_79' title="bbox 863 4206 1405 4274; baseline 0.009 -18"><span class='ocrx_word' id='word_1_525' title='bbox 863 4206 999 4271; x_wconf 85' lang='lat' dir='ltr'>(Hildesh.</span> <span class='ocrx_word' id='word_1_526' title='bbox 1021 4207 1108 4273; x_wconf 60' lang='lat' dir='ltr'>tebet</span> <span class='ocrx_word' id='word_1_527' title='bbox 1119 4223 1181 4272; x_wconf 74' lang='lat' dir='ltr'>pag.</span> <span class='ocrx_word' id='word_1_528' title='bbox 1197 4208 1244 4271; x_wconf 92' lang='lat' dir='ltr'>ll,</span> <span class='ocrx_word' id='word_1_529' title='bbox 1261 4210 1405 4274; x_wconf 85' lang='lat' dir='ltr'>ipsumque</span> 
     </span>
     <span class='ocr_line' id='line_1_80' title="bbox 861 4277 1406 4329; baseline 0.004 -3"><span class='ocrx_word' id='word_1_530' title='bbox 861 4277 1094 4328; x_wconf 82' lang='lat' dir='ltr'>vid.Herodotum</span> <span class='ocrx_word' id='word_1_531' title='bbox 1106 4277 1139 4327; x_wconf 89' lang='lat' dir='ltr'>de</span> <span class='ocrx_word' id='word_1_532' title='bbox 1150 4277 1245 4328; x_wconf 86' lang='lat' dir='ltr'>iisdem</span> <span class='ocrx_word' id='word_1_533' title='bbox 1256 4294 1333 4328; x_wconf 80' lang='lat' dir='ltr'>suern</span> <span class='ocrx_word' id='word_1_534' title='bbox 1345 4295 1406 4329; x_wconf 87' lang='lat' dir='ltr'>sen·</span> 
     </span>
     <span class='ocr_line' id='line_1_81' title="bbox 860 4346 1405 4413; baseline 0.007 -18"><span class='ocrx_word' id='word_1_535' title='bbox 860 4347 975 4396; x_wconf 88' lang='lat' dir='ltr'>tentiam</span> <span class='ocrx_word' id='word_1_536' title='bbox 1003 4346 1174 4411; x_wconf 87' lang='lat' dir='ltr'>profitentem</span> <span class='ocrx_word' id='word_1_537' title='bbox 1200 4348 1255 4409; x_wconf 85' lang='lat' dir='ltr'>IX,</span> <span class='ocrx_word' id='word_1_538' title='bbox 1277 4350 1325 4399; x_wconf 73' lang='lat'>65:</span> <span class='ocrx_word' id='word_1_539' title='bbox 1356 4350 1405 4413; x_wconf 88' lang='lat' dir='ltr'>qui</span> 
     </span>
    </p>
   </div>
   <div class='ocr_carea' id='block_1_8' title="bbox 270 4407 1406 4552">
    <p class='ocr_par' dir='ltr' id='par_1_9' title="bbox 270 4407 1406 4552">
     <span class='ocr_line' id='line_1_82' title="bbox 270 4407 1406 4481; baseline 0.008 -23"><span class='ocrx_word' id='word_1_540' title='bbox 270 4408 331 4459; x_wconf 88' lang='lat' dir='ltr'>coll.</span> <span class='ocrx_word' id='word_1_541' title='bbox 348 4407 406 4458; x_wconf 79' lang='lat'><strong>194.</strong></span> <span class='ocrx_word' id='word_1_542' title='bbox 422 4410 620 4467; x_wconf 83' lang='lat' dir='ltr'>Meletemm.1.</span> <span class='ocrx_word' id='word_1_543' title='bbox 634 4430 661 4478; x_wconf 89' lang='lat' dir='ltr'>p.</span> <span class='ocrx_word' id='word_1_544' title='bbox 674 4413 717 4465; x_wconf 82' lang='lat'>32.</span> <span class='ocrx_word' id='word_1_545' title='bbox 741 4416 809 4466; x_wconf 86' lang='lat' dir='ltr'>Inde</span> <span class='ocrx_word' id='word_1_546' title='bbox 860 4415 965 4481; x_wconf 84' lang='lat' dir='ltr'>quaeh.</span> <span class='ocrx_word' id='word_1_547' title='bbox 978 4415 995 4466; x_wconf 92' lang='lat' dir='ltr'>l.</span> <span class='ocrx_word' id='word_1_548' title='bbox 1010 4421 1053 4467; x_wconf 90' lang='lat' dir='ltr'>est</span> <span class='ocrx_word' id='word_1_549' title='bbox 1065 4417 1213 4480; x_wconf 85' lang='lat' dir='ltr'>professus,</span> <span class='ocrx_word' id='word_1_550' title='bbox 1224 4417 1351 4467; x_wconf 85' lang='lat' dir='ltr'>indicant</span> <span class='ocrx_word' id='word_1_551' title='bbox 1364 4420 1406 4467; x_wconf 85' lang='lat' dir='ltr'>vi-</span> 
     </span>
     <span class='ocr_line' id='line_1_83' title="bbox 270 4477 1403 4552; baseline 0.01 -25"><span class='ocrx_word' id='word_1_552' title='bbox 270 4477 353 4528; x_wconf 88' lang='lat' dir='ltr'>etiam</span> <span class='ocrx_word' id='word_1_553' title='bbox 368 4477 510 4543; x_wconf 80' lang='lat' dir='ltr'>Neptunus</span> <span class='ocrx_word' id='word_1_554' title='bbox 522 4496 570 4545; x_wconf 88' lang='lat' dir='ltr'>per</span> <span class='ocrx_word' id='word_1_555' title='bbox 582 4482 755 4535; x_wconf 76' lang='lat' dir='ltr'>Thessaliam</span> <span class='ocrx_word' id='word_1_556' title='bbox 770 4485 809 4536; x_wconf 91' lang='lat' dir='ltr'>sic</span> <span class='ocrx_word' id='word_1_557' title='bbox 859 4500 933 4549; x_wconf 89' lang='lat' dir='ltr'>rum,</span> <span class='ocrx_word' id='word_1_558' title='bbox 948 4488 994 4552; x_wconf 92' lang='lat' dir='ltr'>qui</span> <span class='ocrx_word' id='word_1_559' title='bbox 1010 4486 1180 4552; x_wconf 80' lang='lat' dir='ltr'>geologorum</span> <span class='ocrx_word' id='word_1_560' title='bbox 1197 4493 1351 4538; x_wconf 87' lang='lat' dir='ltr'>nostrorum</span> <span class='ocrx_word' id='word_1_561' title='bbox 1366 4489 1403 4538; x_wconf 74' lang='lat' dir='ltr'>sd</span> 
     </span>
    </p>
   </div>
   <div class='ocr_carea' id='block_1_9' title="bbox 0 0 1554 5175">
    <p class='ocr_par' dir='ltr' id='par_1_10' title="bbox 0 0 1554 5175">
     <span class='ocr_line' id='line_1_84' title="bbox 0 0 1554 5175; baseline 0 0"><span class='ocrx_word' id='word_1_562' title='bbox 0 0 1554 5175; x_wconf 95' lang='lat' dir='ltr'> </span> 
     </span>
    </p>
   </div>
  </div>
 </body>
</html>
