3100 5175
266 364 329 430 6211
701 369 964 434 ΗΕΒΟΒΟΤΙ

264 549 359 632 νικής
377 545 433 614 καί
457 549 693 634 Κρηστωνικῆς
710 547 764 613 ἐπὶ
786 544 936 634 ποταμὸν
954 544 1168 634 Ἐχείθωρον,
1197 541 1234 626 ὃς
1254 548 1293 615 ἐκ
1310 555 1402 636 Κρη·

265 657 440 719 στωναίων
453 646 635 735 ἀρξάμενος
648 652 716 736 ῥέει
733 646 789 717 dre}
803 655 999 739 Μυγδονίης
1015 650 1134 738 χώρης,
1150 652 1204 717 καί
1216 654 1295 731 ἐξίει
1311 651 1406 735 παρὰ

201 751 304 824 125τό
318 756 392 833 ἕλος
405 750 442 822 τό
457 748 510 822 ἐπ’
525 750 620 843 Ἀξίῳ
634 750 782 846 ποταμῷ.
808 758 1033 848 Πορευομένφ
1048 752 1202 841 δέταύτῃ
1217 756 1352 834 λέοντές
1365 761 1452 831 niano

265 855 476 946 ἐπεθήκαντο
497 860 572 945 τῇσι
593 855 800 943 σιτοφόροισι
822 856 1008 945 καμήλοισι.
1044 860 1322 944 καταφοιτέοντες
1336 857 1405 944 γὰρ

263 964 298 1030 oi
317 963 449 1040 λέοντες
473 957 531 1038 τὰς
556 958 678 1039 νύκτας
699 961 752 1028 καλ
776 966 949 1039 λείποντες
968 959 1008 1029 τὰ
1021 957 1275 1049 σφέτερα-ἤθεα
1295 959 1404 1031 ἄλλον

263 1065 326 1153 μὲν
345 1060 484 1142 οὐθενὸς
501 1059 646 1133 ἅπτοντο
666 1059 743 1132 οὔτε
767 1058 952 1149 ὑποζυγίου
974 1061 1051 1133 οὔτε
1074 1061 1280 1148 ἀνθρώπου,
1310 1069 1346 1132 οί
1365 1067 1402 1134 δὲ

263 1167 321 1248 τὰς
341 1167 509 1256 καμήλους
529 1166 697 1252 έκερᾰῑζον
715 1165 852 1252 μούνας.
880 1168 1047 1256 θαυμάζω
1069 1168 1104 1236 δὲ
1125 1166 1162 1235 τὸ
1177 1176 1303 1250 αἰτιου,
1331 1166 1350 1236 ὅ
1370 1197 1402 1241 τι

264 1270 338 1340 κοτὲ
357 1262 417 1359 ἦν,
439 1277 508 1339 τῶν
528 1266 640 1340 ἄλλων
659 1267 696 1338 τὸ
715 1267 903 1357 ἀναγκάζον
918 1267 1143 1360 ἀπεχομένους
1163 1269 1242 1350 τούς
1261 1272 1403 1356 λέοντας

263 1380 339 1465 τῇσι
354 1373 529 1462 καμήλοισι
544 1375 778 1458 ἐπιτίθεσθαι,
797 1371 835 1443 τὸ
856 1374 937 1463 μήτε
958 1374 1122 1462 πρότερον
1137 1369 1321 1444 ὀπώπεσαν
1334 1386 1400 1463 θη·

263 1597 321 1632 rum
338 1582 424 1632 videri
445 1597 554 1646 quoque
571 1580 611 1631 ait
631 1582 660 1632 C.
674 1581 705 1632 Ο.
719 1579 805 1631 Muel-
854 1581 995 1633 Saloniebi
1010 1582 1089 1630 iuxta
1106 1581 1190 1630 maria
1210 1597 1285 1630 oram
1307 1588 1402 1632 exten-

264 1651 307 1707 ler
320 1650 422 1716 (Ueber
440 1652 483 1702 die
495 1650 606 1704 Maked.
623 1668 650 1716 p.
666 1650 710 1714 8),
732 1651 804 1716 qnod
853 1653 944 1705 datur.
979 1653 1042 1701 Mox
1056 1651 1155 1715 aeripai
1171 1641 1239 1710 ἐξίει
1259 1668 1308 1716 pro
1323 1648 1400 1712 ἐξιεῖ.

263 1723 366 1772 Xerxea
376 1720 501 1771 Aeantbo
510 1720 653 1770 Tharmata
668 1721 805 1785 proiectu·
854 1722 916 1772 Vid.
929 1723 956 1784 1,
975 1725 992 1771 11
1013 1720 1105 1785 ibique
1124 1725 1192 1770 nott
1209 1721 1237 1785 1,
1260 1722 1320 1772 180.
1344 1723 1401 1774 191.

263 1806 310 1841 rna
322 1791 485 1842 Paeonioam
504 1795 531 1839 et
542 1790 730 1841 Creatouioam
743 1806 804 1855 per·
855 1791 894 1853 11,
910 1793 950 1842 11.

264 1860 476 1912 mearedioatur.
489 1860 635 1910 Paeoniam
645 1858 708 1909 oiim
718 1860 803 1910 multo
1030 1894 1086 1944 cn,
1117 1893 1214 1944 cxxv

264 1931 444 1981 extenaiorem
459 1930 521 1994 ipra
532 1929 693 1980 Macedonia
711 1931 804 1994 priaod
1089 1931 1096 1947 ’
1216 1931 1222 1945 ¹

264 1999 330 2059 (vid.
343 2005 412 2050 nott.
425 2000 461 2050 ad
475 1999 538 2058 vll,
554 1999 612 2062 127)
626 1998 696 2049 idem
710 2000 804 2064 attigit
889 1991 998 2054 λέοντές
1016 1990 1046 2046 oi
1062 1988 1257 2061 ἐπεθήκαντο]
1284 1997 1325 2047 Ad
1341 2014 1402 2062 pro-

265 2069 294 2122 Ο,
310 2069 343 2118 Ο.
357 2069 471 2121 Mueller
491 2067 507 2122 1.
522 2069 541 2120 1.
557 2085 620 2133 pag.
642 2069 671 2119 18
683 2084 739 2134 aeq.
753 2069 804 2119 hoe
855 2067 972 2117 nominia
990 2060 1020 2115 οί
1033 2082 1110 2118 urum
1125 2067 1198 2118 coni.
1211 2068 1280 2128 Vll,
1303 2068 1400 2117 18131.

265 2139 411 2199 adiioiena,
433 2144 578 2204 angurium
598 2138 736 2190 Paeoniae
748 2143 805 2188 tra·
854 2141 980 2202 quenott.
988 2137 1032 2196 38,
1040 2137 1109 2186 etad
1119 2129 1312 2201 particulaedb
1320 2153 1399 2188 naum

264 2214 338 2259 otum
352 2209 386 2259 ad
399 2207 502 2258 Peliam
515 2223 599 2273 neque
617 2215 645 2257 et
661 2223 734 2257 mare
746 2223 806 2272 per·
855 2207 985 2285 in'verbia
1006 2200 1036 2284 οί
1054 2201 1090 2254 δὲ
1110 2200 1161 2266 τὰς
1177 2201 1325 2270 καμήλους
1343 2197 1400 2256 ἐκε-

264 2278 381 2329 tinuiaae
401 2277 498 2327 iudea
516 2279 664 2343 superioria
680 2278 743 2328 Axii
763 2294 806 2328 re·
855 2274 954 2336 ραϊζον
973 2289 1082 2338 μουνας
1100 2275 1319 2338 uott.ad1‚tib.
1356 2291 1399 2325 aa·

264 2348 401 2410 gionibua,
413 2347 461 2396 nbi
474 2348 590 2410 epriaeo
604 2351 725 2412 tempore
736 2348 804 2398 Pae·
854 2340 969 2406 ραλζειν,
984 2345 1056 2410 quod
1070 2346 1176 2410 proprie
1190 2344 1265 2396 vaiet
1280 2347 1398 2397 comiter

264 2431 343 2465 onum
358 2416 434 2465 inere
450 2414 540 2467 aedea.
573 2417 614 2464 Tu
627 2417 698 2467 coni.
715 2417 747 2467 de
761 2416 804 2468 hia
855 2419 960 2480 aliquem
973 2422 1075 2477 petere,
1090 2416 1233 2476 lacessere,
1248 2416 1350 2466 deiude
1362 2417 1397 2465 si·

264 2500 371 2549 quoque
382 2484 486 2533 Leuke:
501 2482 617 2534 Traveia
629 2485 656 2534 in
667 2485 805 2538 Nortbern
855 2485 967 2550 gnificat
991 2486 1109 2548 loedere,
1132 2488 1253 2535 invadere
1278 2486 1398 2550 indeque

264 2555 367 2607 Graece
379 2554 431 2606 111.
444 2568 506 2620 pag.
522 2553 581 2605 448.
855 2554 936 2606 etiam
953 2555 1078 2617 diripere,
1097 2557 1259 2617 enrpoiiare,
1277 2561 1308 2605 ut
1322 2556 1349 2617 1,
1363 2557 1397 2606 88

304 2616 350 2673 ἐπὶ
371 2618 503 2687 ποταμὸν
518 2615 698 2690 Ἐχείδωρον]
718 2626 762 2673 Ita
778 2628 806 2675 et
856 2625 1039 2688 οο11.159.11,
1058 2625 1113 2675 115.
1131 2626 1187 2677 121.
1213 2626 1353 2675 Dicuntur
1369 2625 1397 2674 bi

263 2694 320 2747 1ι.1.
338 2699 365 2744 et
376 2696 447 2751 vll.
464 2697 513 2746 121
530 2694 648 2755 editum,
666 2709 726 2744 oum
740 2694 805 2744 libri
854 2695 947 2746 leonea
965 2689 1201 2756 καταφοιτέοντες
1220 2687 1272 2751 τας
1293 2690 1398 2752 νύκτας

264 2766 366 2815 terrent
383 2760 540 2826 Χείδωρον.
570 2764 602 2814 ln
618 2762 733 2828 Scylace
750 2763 768 2813 1.
786 2765 801 2813 1.
854 2760 903 2813 καί
913 2761 1058 2819 λείποντες
1069 2755 1103 2811 τὰ
1113 2760 1232 2827 σφέτερα
1245 2756 1396 2828 {berete

264 2838 288 2898 5.
302 2834 337 2886 66
350 2850 421 2885 niune
437 2835 528 2885 editur
540 2824 709 2898 Ἐχέθωρος,
732 2833 803 2898 quod
854 2834 902 2898 qrri
915 2838 996 2884 noctu
1010 2832 1173 2883 descendere
1189 2832 1216 2896 (e
1234 2833 1303 2885 iocia
1316 2833 1397 2884 aitio-

263 2907 291 2955 iu
310 2903 452 2956 Herodoto
471 2904 553 2956 etiam
574 2904 736 2968 rescriptum
758 2918 805 2954 vo·
855 2904 943 2963 ribua,
956 2903 1092 2954 montibus
1108 2906 1212 2967 opinor,
1230 2903 1259 2953 iu
1271 2905 1397 2969 regiouea
1457 2932 1459 2935 ·

263 2975 351 3025 iuerat
361 2974 482 3033 Voaaiua,
494 2974 628 3025 firmatum
638 2973 805 3024 auctoritate
854 2973 948 3038 planae
959 2974 1080 3035 marique
1094 2972 1263 3037 adiacentes)
1279 2983 1306 3023 et
1318 2974 1397 3025 aedea

263 3042 422 3108 Apollodor.
448 3044 490 3101 11,
515 3045 541 3096 b.
573 3048 597 3108 ζ,
627 3043 656 3093 11
683 3042 803 3108 Etymoi.
853 3041 1255 3105 aoiitaarelinquereaolebant.
1281 3045 1397 3095 Moxra-

263 3115 355 3177 Magn.
375 3129 398 3165 a.
416 3128 441 3162 v.
459 3129 524 3177 pag.
542 3114 594 3165 404
611 3119 639 3163 et
654 3112 803 3163 Ptolemaei
852 3113 931 3178 poeni
942 3107 1084 3174 θαυμάζω
1097 3128 1145 3175 pro
1158 3108 1291 3176 θωμάζω.

263 3182 557 3233 ooil.MaunertoV11.
569 3185 724 3247 p.474aeq.
739 3182 804 3232 Fiu-
897 3172 1062 3247 ὀπώπεσαν)
1086 3182 1165 3233 Cous.
1191 3183 1219 3245 1,
1243 3183 1279 3234 88
1303 3183 1395 3251 ibique

262 3252 301 3301 vii
319 3267 334 3302 e
349 3251 508 3303 Creatonioa
525 3257 598 3302 terra
617 3253 803 3318 provenientia
854 3258 922 3306 nott.
942 3257 969 3301 et
987 3252 1022 3302 ad
1039 3245 1219 3314 ἐπεπειρέατο
1235 3254 1352 3305 Bredov.
1368 3270 1395 3319 μ.

263 3322 337 3371 oatia
347 3322 374 3369 in
384 3321 481 3371 intimo
491 3322 566 3372 ainua
577 3336 685 3372 reeeaau
696 3321 805 3386 aliquot
853 3322 913 3375 329.
949 3323 1029 3383 Quod
1043 3324 1167 3387 requitur
1177 3312 1279 3384 αὐτοῦ,
1299 3339 1349 3387 pro
1364 3340 1396 3375 eo

263 3389 396 3440 milliariis
406 3390 594 3456 geographicis
605 3391 639 3442 ab
650 3391 803 3442 urbeThea·
853 3406 919 3441 saue
939 3392 1120 3454 exspectabas
1144 3378 1181 3441 ου’
1197 3407 1219 3441 a.
1239 3394 1396 3443 Herodoteo
1460 3414 1465 3425 ·

263 3457 385 3509 aaiouioe
395 3472 522 3510 nouatum
539 3475 634 3511 κειται
650 3467 754 3510 remota
767 3458 803 3509 ad
855 3476 927 3510 ruore
940 3459 1002 3510 τοῦ.
1035 3462 1071 3510 Ar
1083 3460 1146 3510 vide
1156 3465 1225 3511 nott.
1237 3461 1271 3509 ad
1287 3462 1340 3517 111.
1350 3464 1394 3515 34.

262 3527 601 3593 Axiipaiudeapouuntur.
629 3528 696 3579 Inde
708 3530 804 3593 proba·
854 3530 894 3579 Ad
915 3535 1103 3593 argumentum
1122 3529 1173 3581 1οοί
1197 3530 1268 3580 coni.
1288 3531 1394 3582 Aeliau.

262 3598 318 3650 bile
336 3598 445 3648 videtur
462 3598 493 3649 O.
507 3598 541 3649 0.
554 3599 683 3650 Muellero
700 3598 803 3664 (Ueber
853 3599 886 3650 N.
907 3600 939 3649 Α.
954 3599 1047 3655 XVII.
1068 3599 1102 3650 36
1119 3598 1191 3663 (coil.
1208 3600 1328 3655 Pansae,
1347 3602 1394 3663 vl,

262 3667 306 3719 die
316 3666 461 3719 Makedon.
471 3667 522 3734 ρ.8
532 3674 560 3720 et
570 3669 598 3718 in
610 3668 679 3733 tin),
688 3667 803 3719 eundern
852 3670 878 3731 b,
889 3669 916 3719 3.
930 3669 1007 3718 Phile
1017 3669 1059 3719 35.
1074 3668 1131 3733 41),
1145 3669 1191 3733 qni
1202 3670 1345 3722 Herodoto
1356 3672 1396 3720 iu·

262 3739 461 3801 essedarium,
482 3739 526 3789 oui
543 3754 616 3788 nuno
632 3753 729 3788 nomen
742 3739 804 3788 Gui-
853 3740 924 3788 iuria
939 3738 1084 3788 obtrectat.
1127 3739 1180 3800 Qui
1199 3740 1270 3789 enim
1289 3741 1324 3790 ab
1343 3741 1395 3791 He·

262 3811 318 3860 lieo.
355 3809 434 3871 Quod
460 3825 532 3859 nuno
557 3807 692 3858 affirmant
709 3807 802 3859 Leuke
852 3807 949 3858 rodoto
975 3808 1087 3859 leonibus
1111 3809 1314 3860 oouatituuntur
1341 3817 1396 3861 ter·

262 3876 388 3938 (Travela
403 3879 431 3928 in
445 3879 541 3929 North.
557 3878 658 3930 Greeoe
672 3877 723 3926 111.
737 3891 802 3942 pag.
854 3878 932 3938 mini,
947 3877 1055 3928 eoadem
1068 3879 1251 3930 corratituerat
1261 3881 1395 3931 Ariatote·

261 3946 324 4008 439)
338 3951 366 3997 et
377 3947 455 3998 Tafel
474 3951 516 3999 De
530 3947 718 3999 Theaaaionio.
737 3961 800 4011 pag.
852 3947 892 3996 iea
906 3945 952 4008 (H.
966 3948 999 3997 d.
1014 3948 1062 4007 VI,
1076 3949 1117 3996 28.
1135 3948 1214 4007 vm,
1227 3951 1269 3999 27.
1284 3953 1308 4012 ς.
1321 3951 1350 4013 o)
1362 3966 1394 3999 aa

262 4016 313 4066 282
327 4032 417 4081 aequ,
435 4018 481 4081 qni
493 4022 622 4068 aoourate
635 4031 741 4067 omnem
754 4017 803 4065 flu·
853 4016 956 4066 Pliniua
976 4016 1070 4080 (11.11.
1086 4017 1171 4079 Vill,
1190 4020 1229 4069 17.
1245 4022 1270 4081 §-
1284 4019 1345 4081 45),
1364 4027 1394 4068 ut

262 4085 301 4133 vii
315 4099 422 4134 aureum
438 4085 616 4151 peraequitur.
654 4087 741 4151 Atque
755 4085 803 4135 ob·
853 4086 922 4136 bene
942 4089 1047 4136 monuit
1059 4087 1166 4137 lacoba.
1185 4086 1221 4137 ad
1239 4086 1346 4138 Aeiiau.
1360 4091 1392 4138 N.

263 4157 356 4204 uernat
368 4155 457 4205 Leuke
470 4172 495 4220 p.
509 4155 573 4212 4311,
590 4153 719 4219 paludes,
735 4170 803 4219 qua·
853 4156 886 4205 Α.
900 4157 956 4212 111,
976 4156 1008 4203 21
1027 4155 1090 4206 noll.
1103 4157 1213 4212 Dionen.
1230 4156 1265 4206 ad
1279 4156 1392 4211 Piudar.

262 4236 321 4271 rum
334 4222 489 4275 Herodotus
504 4223 641 4284 meminit,
657 4222 745 4274 adhue
759 4225 801 4274 in·
854 4226 934 4289 Pyth.
948 4225 1003 4283 IX,
1017 4227 1059 4276 27.
1083 4224 1151 4274 lude
1167 4225 1298 4276 Aelianus
1315 4229 1392 4289 (Nat.

262 4291 351 4347 veniri
375 4292 404 4342 in
429 4294 511 4360 longa
538 4298 694 4359 atagnorum
719 4295 800 4357 serie,
852 4296 904 4347 An.
915 4295 968 4358 111,
980 4293 1025 4355 27)
1038 4295 1185 4347 Homerum
1194 4294 1305 4357 iaudat,
1320 4297 1394 4361 qnod

262 4374 332 4426 quae
347 4362 409 4414 inde
428 4378 445 4413 a
461 4364 535 4427 loeo,
553 4365 601 4415 oui
618 4380 689 4416 nuno
704 4381 801 4416 nomen
853 4367 881 4415 in
894 4364 1017 4430 Odyaaea
1030 4365 1090 4430 (Vl,
1107 4366 1154 4416 102
1167 4364 1256 4430 aeqq.)
1270 4382 1352 4431 aproa
1366 4373 1395 4417 et

263 4429 522 4497 EleutheroKhori,
547 4448 634 4499 neque
653 4435 688 4484 ad
707 4435 800 4484 urbem
851 4439 1062 4489 eervoatantum
1075 4437 1394 4502 commemorauitueque
