3100 5175
293 392 354 455 728
729 395 995 458 HERODOTI

293 571 402 661 χεόρης
422 572 476 641 ἐπὶ
497 572 655 660 Σηπιάδα
678 601 713 642 τε
736 577 792 643 καὶ
813 571 874 643 τόν
892 570 1047 662 αἰγιαλόν
1066 569 1126 641 τόν
1144 569 1268 659 μεταξὺ
1290 578 1427 641 Karou-

294 684 440 765 ναληςτε
454 678 567 758 πόλιος
582 678 679 747 ἐόντα
693 681 749 749 καί
764 677 938 768 Σητιόᾰος
951 675 1063 766 ἀκτῆς.
1524 764 1525 785 ¹

230 800 288 862 184
374 785 485 870 Μέχρι
505 784 567 870 μέν
585 810 651 851 νυν
661 781 791 853 τούτου
809 788 869 851 τοῦ
885 781 996 870 χοίρου
1009 783 1066 851 καί
1081 783 1331 868 Θερμοπυλέων
1345 776 1429 848 α’κα·

295 885 361 974 driu
374 912 410 954 τε
424 891 538 956 κακῶν
551 877 594 974 ἦν
607 883 626 956 ό
640 885 793 973 στρατός,
813 888 869 956 καί
891 892 1021 973 πλῆθος
1035 877 1080 974 ἦν
1098 890 1283 973 τηνικαῦτα
1298 890 1366 969 ἔτι,
1389 879 1432 962 oie

294 987 360 1076 έγό
374 989 646 1077 συμβαλλόμενος
661 987 818 1078 εὑρίσκω,
833 989 949 1060 τόσον·
973 995 1041 1058 τόν
1053 989 1116 1078 μὲν
1131 992 1168 1058 έκ
1182 994 1250 1057 τοῖν
1260 993 1351 1057 νεῶν
1364 992 1432 1056 τῶν

295 1096 332 1161 ix
344 1100 403 1182 της
422 1091 547 1182 Ἀσίης,
568 1097 715 1165 ἐουσέων
729 1093 812 1165 ἑκτὰ
825 1097 880 1164 καί
896 1095 1095 1183 διηκοσιέων
1114 1096 1168 1162 καί
1190 1094 1345 1180 χιλιέων,
1375 1090 1432 1159 τόν

294 1197 357 1285 μέν
376 1195 516 1285 ἀρχαίου
538 1201 687 1268 ἑκάστων
704 1204 773 1269 των
793 1201 924 1273 ἐθνέων
946 1196 1042 1268 ἐόντα
1061 1194 1181 1286 ὅμιλον
1195 1200 1354 1283 τέσσερας
1378 1196 1433 1263 καί

294 1399 405 1462 scripsit
424 1400 473 1453 Gr.
501 1399 839 1462 „Raoul-RoohetteMo·
890 1407 917 1451 et
935 1400 987 1465 Ν,
1011 1400 1041 1450 15
1064 1400 1155 1465 ibique
1176 1402 1244 1448 nott.
1271 1397 1352 1449 Unde
1371 1414 1433 1477 pen·

296 1485 406 1519 uomens
425 1470 525 1523 inedita
543 1470 565 1520 1.
586 1487 648 1536 μορ.
673 1472 702 1521 15
724 1488 741 1521 a
764 1474 837 1535 sepio
889 1472 968 1527 dent,
994 1486 1063 1536 quae
1084 1477 1233 1535 sequuntur
1251 1468 1352 1519 verba:
1383 1482 1433 1517 τον

294 1539 369 1604 pisce
389 1540 417 1589 iu
430 1539 555 1590 Thetidis
574 1546 655 1606 raptu
670 1542 742 1593 inter
759 1542 840 1591 attri-
888 1535 939 1601 plu
956 1535 1078 1605 ἀρχαλον
1090 1530 1220 1589 -έόντα
1233 1527 1349 1600 ὅμιλον,
1371 1554 1433 1604 ροι-

295 1609 362 1659 buta
388 1610 535 1674 oouspiouo
561 1611 664 1662 dioturn
688 1611 839 1662 arbitratur
888 1611 984 1676 tioipio
997 1612 1025 1662 in
1039 1609 1127 1665 losum
1140 1608 1268 1660 infinitivi
1281 1608 1431 1659 substituto

295 1680 347 1728 hoo
367 1677 447 1738 litus,
470 1680 541 1744 quod
561 1683 652 1731 neseio
666 1697 714 1732 our
729 1683 797 1732 dicit
814 1684 838 1731 le
888 1696 936 1746 pro
950 1697 1039 1742 more,
1060 1686 1089 1731 et
1105 1681 1191 1729 relato
1213 1678 1248 1728 ad
1268 1680 1297 1729 id
1312 1679 1430 1742 verbum,

295 1756 395 1801 cortou.
432 1750 576 1801 Caeterum
595 1753 669 1801 conl.
691 1753 757 1802 ibid.
773 1767 837 1816 pag.
888 1752 961 1816 quod
974 1753 1002 1802 iu
1015 1751 1204 1801 enuntiatione
1218 1748 1384 1800 secundaria
1395 1748 1431 1800 le·

300 1819 329 1867 itt
347 1819 381 1868 de
401 1816 559 1877 Θοτιδείοις
578 1828 606 1871 at
625 1822 658 1873 de
677 1822 751 1872 uultu
766 1823 838 1872 The·
887 1825 972 1886 gitur.
1001 1824 1077 1885 Quae
1088 1826 1228 1871 structura
1240 1835 1301 1869 cam
1316 1818 1385 1869 nihil
1395 1821 1431 1868 iu·

294 1888 347 1938 tidi
365 1889 502 1940 tributo.“
542 1892 665 1943 Pertinet
684 1891 737 1942 huo
760 1893 837 1942 loeus
889 1889 964 1941 soliti
978 1891 1081 1942 habeat
1092 1890 1165 1956 apud
1178 1892 1309 1940 Nostrum
1323 1890 1430 1953 saepius

294 1957 386 2008 Soliol.
402 1959 526 2025 Apollon.
546 1962 633 2013 Rhod.
646 1964 673 2013 1.
693 1963 758 2013 582:
782 1961 838 2024 Ση·
888 1962 929 2010 ita
943 1959 1100 2027 loquentem
1120 1959 1205 2025 (conl.
1222 1959 1302 2009 ruodo
1317 1959 1378 2019 111,
1394 1961 1430 2009 14.
1469 2019 1475 2033 .

296 2020 378 2085 πιός·
398 2021 578 2095 ἀκρωτήριον
590 2023 620 2080 έν
630 2026 745 2095 Ἰωλκοῦ,
761 2020 837 2081 οὕτω
890 2031 928 2081 IV
949 2033 974 2082 ὅ.
987 2032 1030 2089 95.
1047 2046 1081 2080 ue
1093 2030 1192 2095 plura).
1207 2045 1261 2079 una
1271 2045 1326 2079 uox
1338 2022 1430 2091 τόσον,

295 2093 472 2159 κωλυόμενον
489 2093 539 2150 dru'r
561 2093 593 2151 τό
615 2093 668 2167 τὴν
687 2084 771 2153 Θέτιν
794 2093 837 2149 έν·
889 2068 959 2167 quiae
982 2116 999 2150 a
1022 2101 1181 2151 Florentino
1202 2107 1288 2166 atque
1308 2100 1429 2149 Parisino

295 2165 392 2215 ταῦθα
420 2163 460 2224 είς
491 2172 598 2233 σηττιάν
623 2169 839 2239 μεταβληθῆναι
889 2187 944 2221 σου
955 2172 1033 2221 abeat
1043 2170 1147 2231 codice,
1157 2170 1272 2220 offendit
1282 2169 1428 2219 sdeoWer·

295 2232 473 2302 διωκομένην
486 2230 544 2289 ὑπὸ
558 2239 682 2303 Πηλέως.
888 2242 1047 2306 selingium,
1069 2248 1101 2290 ut
1121 2256 1179 2291 eam
1201 2238 1326 2300 tolleret,
1355 2254 1427 2304 quau

330 2306 530 2373 Κασθαναίης]
546 2312 576 2359 ln
587 2311 663 2362 libris
678 2312 839 2376 quibusdum
889 2310 952 2360 iude
974 2326 991 2360 a
1012 2310 1160 2362 Sohaeiero
1187 2312 1293 2374 posteri
1318 2310 1425 2360 editores

296 2381 386 2427 exstat
400 2377 594 2441 Kourouulpc:
610 2382 770 2430 confusione
782 2399 840 2433 ore·
891 2396 984 2432 omnes
1013 2386 1143 2446 qnantum
1171 2382 1229 2430 scio
1259 2384 1422 2431 revenerunt

296 2447 371 2495 brius
386 2447 483 2504 obvia,
498 2456 528 2497 ut
543 2449 837 2502 observat'l'usohuek.
890 2466 1027 2515 quamque
1040 2450 1127 2500 dsuuo
1142 2466 1214 2503 nuuc
1224 2448 1363 2499 sublatam
1373 2447 1421 2497 rull

295 2515 330 2565 ad
344 2516 407 2566 Μελ.
426 2516 464 2577 ll,
478 2516 502 2568 3.
516 2521 539 2581 ξ.
555 2520 563 2568 l
581 2526 650 2573 nott.
665 2520 737 2570 oritt.
749 2536 775 2584 p.
792 2524 839 2573 lto
890 2520 951 2570 Eltu
963 2520 1086 2584 (Jahrbb.
1098 2521 1118 2574 f.
1130 2519 1264 2582 Philolog.
1275 2534 1303 2569 u.
1316 2518 1423 2583 Peuce.

295 2602 369 2651 seq.‚
398 2588 443 2652 qui
465 2589 563 2640 merito
585 2590 698 2640 alteram
722 2593 839 2659 scriptu·
890 2590 984 2655 Suppl.
997 2591 1059 2641 Vol.
1073 2592 1120 2641 lX.
1136 2606 1199 2656 pag.
1218 2590 1295 2654 uso),
1321 2606 1379 2641 euru
1390 2590 1426 2638 in·

294 2672 352 2707 rum
371 2661 401 2707 ut
415 2658 595 2723 antiquiorem
609 2661 750 2726 praetulit.
784 2664 839 2724 Qui
889 2659 975 2725 telligi
1000 2667 1135 2725 nequeat,
1162 2676 1215 2724 quo
1242 2666 1328 2725 pacto
1356 2675 1429 2710 casua

293 2727 364 2778 idem
383 2728 401 2777 l.
418 2726 436 2780 Ι.
457 2733 486 2778 et
503 2735 574 2779 nott.
592 2748 686 2797 στερη.
704 2747 767 2796 pat.
791 2732 839 2783 170
889 2737 1002 2795 quartus
1015 2725 1065 2780 τόν
1077 2722 1200 2795 ἀρχαῖον
1210 2718 1315 2793 ὅμιλον
1328 2731 1430 2782 euerbo

294 2802 417 2847 veterum
431 2799 589 2850 testimonis
610 2801 720 2866 collegit
734 2802 768 2851 ds
786 2802 838 2852 heo
889 2790 1010 2862 εὑρίσκω
1032 2816 1180 2866 suspensus
1200 2816 1262 2851 ease
1282 2803 1387 2866 poerit,
1411 2800 1431 2848 ei

294 2866 371 2930 urbe,
387 2883 456 2932 quae
467 2869 744 2931 modollaeedoniaa‚
758 2874 838 2923 modo
888 2863 974 2920 τόσον
990 2871 1019 2921 in
1034 2872 1121 2922 medio
1138 2877 1272 2935 ponatur,
1298 2872 1373 2936 quod
1389 2870 1432 2919 ad·

296 2936 457 3017 Tiressaliae
487 2939 668 3003 adscribitur,
705 2957 838 3008 quumque
889 2941 1009 3006 positum
1034 2947 1113 3006 putat
1137 2940 1172 2991 ab
1199 2939 1293 3005 aliquo
1313 2941 1432 3000 librario,

295 3021 396 3070 κωμην
414 3015 508 3060 narrat
521 3011 621 3061 Strabo
638 3011 686 3064 IX.
704 3028 731 3076 p.
747 3014 799 3062 443
814 3029 838 3062 ο.
888 3012 935 3075 qui
955 3012 1119 3062 sententiam
1138 3026 1193 3060 uon
1215 3011 1354 3075 integrent
1377 3026 1432 3061 ease

296 3092 356 3142 pag.
372 3077 461 3131 6750.
483 3080 533 3129 sub
547 3080 623 3132 Pelio
637 3087 729 3131 monta
743 3084 836 3135 eitam.
888 3081 1096 3132 existimaverit.
1129 3080 1199 3131 Mihi
1212 3080 1280 3131 illud
1299 3072 1387 3130 τόσον
1400 3079 1432 3130 ad

294 3147 337 3196 Ad
351 3150 563 3211 septentrionem
577 3150 702 3216 Sepiadis
715 3153 742 3200 in
755 3154 838 3203 rueris
889 3152 976 3214 ipsam
996 3151 1162 3201 senteutiam
1187 3151 1228 3200 ita
1248 3153 1431 3202 necessarium

295 3216 409 3281 quodam
431 3234 539 3269 recessu
558 3221 676 3271 iacuisse
698 3223 839 3285 probabile
889 3235 949 3271 esse
969 3221 1095 3282 videtur,
1118 3226 1150 3272 ut
1170 3222 1259 3272 oratio
1283 3236 1381 3271 carere
1402 3236 1432 3271 eo

295 3293 353 3344 ert;
369 3288 439 3337 conf.
450 3289 577 3340 Mauuert
593 3289 636 3342 l.l.
652 3292 756 3342 Leuke:
770 3294 839 3342 Tro·
889 3291 962 3341 haud
976 3293 1077 3355 possit:
1091 3306 1232 3355 quaecum
1245 3283 1431 3341 omuiuoelvn·

295 3356 352 3404 vele
369 3358 397 3405 in
415 3358 509 3406 North.
527 3361 629 3410 (li-eece
645 3362 692 3413 IV.
709 3377 771 3427 pag.
785 3363 837 3413 384
888 3356 1031 3417 κόλουθος
1047 3362 1084 3414 rit
1095 3367 1241 3412 etsensurn
1251 3362 1431 3427 potiusquam

295 3441 379 3488 prope
394 3433 501 3489 portum
514 3430 683 3480 'Paruuklrari
698 3432 790 3482 urbem
804 3434 840 3483 ei·
889 3435 1054 3481 structuram
1069 3434 1277 3497 grammaticam
1289 3438 1429 3508 sequetur,

295 3504 350 3544 taru
368 3495 454 3545 firirre
465 3499 554 3561 ponit,
574 3502 732 3552 coniectura
750 3502 839 3566 magis
889 3501 960 3551 haud
972 3501 1071 3552 offendi
1080 3503 1183 3566 poterit
1192 3503 1431 3564 accusativusoru·

295 3565 393 3614 duntur
415 3581 494 3630 quum
511 3571 592 3618 certis
611 3573 779 3636 argumentis
800 3574 840 3621 iu·
890 3570 941 3620 λον
952 3572 1113 3623 adverbum
1130 3574 1158 3621 iu
1172 3572 1337 3622 secundaria
1350 3586 1431 3621 enun-

295 3635 445 3699 dioiisquet
470 3638 515 3688 sid
531 3639 760 3694 Kretsohmunnl.
778 3642 795 3690 l.
811 3659 837 3705 p.
889 3641 1007 3692 tiatione
1029 3641 1160 3704 relatum,
1185 3657 1272 3705 uequs
1294 3633 1380 3690 τόσον
1398 3640 1431 3689 ad

297 3707 328 3757 17
344 3722 402 3771 seq.
437 3706 467 3756 lu
490 3709 669 3772 inscriptione
691 3725 776 3775 nuper
797 3713 838 3761 in·
890 3712 1047 3773 primariam
1057 3712 1273 3762 enuntiationem
1283 3711 1429 3775 pertinens.

294 3781 379 3826 venta
408 3776 509 3840 legitur
540 3795 637 3831 nornen
668 3781 837 3842 Κασαναείς,
890 3780 967 3843 Quod
984 3781 1101 3846 denique
1113 3781 1290 3832 Florentiuua
1309 3781 1379 3832 liber
1393 3780 1432 3830 ui·

294 3847 366 3911 quod
384 3845 436 3897 huo
450 3848 524 3897 trahi
543 3849 602 3899 vult
617 3850 650 3900 G.
668 3850 838 3913 Papasliotie
889 3850 944 3901 fert
957 3836 1060 3912 ὅμιλον
1080 3841 1162 3900 tino
1185 3867 1234 3917 pro
1256 3850 1332 3915 vulg.
1350 3842 1431 3900 ἐόντα

294 3918 337 3966 iu:
359 3917 774 3985 Archaeolog.ltnaeigg.1856.
795 3937 836 3972 ur.
889 3908 1005 3981 ὅμιλον,
1026 3921 1098 3972 haud
1117 3921 1174 3972 seio
1193 3937 1229 3971 an
1242 3919 1430 3985 praeterride·

294 3988 339 4038 85.
355 4002 419 4052 pag.
437 3988 496 4040 140.
888 3990 963 4041 beat.
1003 3992 1125 4053 (louir'oio¹
1151 3990 1218 4042 haee
1237 3997 1281 4041 eet
1298 3990 1429 4040 Herodoti

888 4075 978 4120 mens,
999 4061 1058 4111 sivo
1074 4064 1255 4125 οοιιιρκίνπσο,
1278 4062 1430 4111 consuendo

439 4159 506 4213 0³1²·
525 4161 733 4215 cmm·-
886 4132 1431 4267 ῑλῗίλλλλλᾝὲἵλῑλέλλ

326 4255 446 4328 ἀπαθής
459 4279 488 4314 τε
499 4263 608 4332 κακοῖν]
627 4267 706 4318 (loni.
715 4274 779 4318 nott
801 4270 836 4319 ad
886 4272 957 4322 uitur
967 4274 1061 4332 inerat,
1072 4272 1163 4334 fuisse.
1197 4271 1297 4335 ltaque
1310 4263 1431 4335 οἶρχαῑσκ

292 4335 325 4393 V,
342 4335 381 4383 lu.
411 4334 478 4389 Add.
496 4337 624 4388 lsooratt.
639 4339 778 4402 Aeginett.
794 4342 835 4390 12.
885 4328 988 4398 ὅμιλον
998 4342 1093 4405 copias
1105 4342 1172 4392 dicit
1182 4341 1431 4405 abasiatioispen-

291 4418 317 4464 p.
333 4403 392 4483 689.
420 4407 640 4458 Adlooutiouum
654 4401 837 4472 όςέγώσυμ-
886 4411 960 4462 tibus
973 4414 1047 4473 priua
1061 4411 1213 4468 exhibitas,
1231 4410 1351 4460 exclusis
1366 4411 1430 4460 Per·
1526 4425 1527 4432 ¹

291 4469 462 4539 βαλλόμενος
478 4470 599 4539 εὑρίσκω
618 4479 691 4530 conl,
709 4480 779 4540 Vll,
801 4481 834 4532 ts
886 4483 940 4543 sis,
959 4481 1060 4543 Medis,
1080 4482 1172 4545 Sacis,
1191 4481 1315 4531 diversas
1335 4480 1430 4530 hines
1526 4479 1527 4538 J
