3100 5175
284 446 346 507 500
719 440 981 502 HERODOl‘I

170 690 175 697 ,
237 615 342 689 35καλ
363 619 507 688 διέλυσε.
543 610 600 694 Ὡς
620 609 653 682 δ’
676 612 822 683 ἐπύθετο
841 615 980 698 Ξέρξης,
1005 607 1101 679 δεινοὶ
1120 607 1339 696 ποιεύμενος,
1364 604 1431 676 τὸν

279 720 523 812 Ἑλλήσποντον
546 720 680 787 ἐκέλευε
707 723 898 805 τριηκοσίας
926 716 1102 782 ἐπικέσθαι
1130 712 1265 801 μάστιγι
1291 710 1431 797 πληγὰς

457 919 515 969 cn
542 919 643 969 xxxv
874 879 917 928 Ad
936 877 1046 930 fsbulss
1066 877 1161 928 itidem
1183 876 1267 937 haec,
1297 891 1373 941 quae
1392 877 1430 925 de

516 961 522 974 ⁸
646 956 651 967 '
875 951 981 1001 catenis
992 948 1061 999 muri
1071 948 1198 997 immissis
1208 953 1370 999 narramur.
1383 963 1429 996 re-

318 1015 399 1072 δεινὰ
418 1015 598 1086 ποιεύμενος]
622 1022 664 1071 De
686 1019 825 1070 locutione
875 1019 933 1069 lats
944 1019 1004 1069 vult
1018 1017 1167 1068 Blomfield.
1180 1018 1208 1066 in
1217 1016 1310 1066 Gloss.
1321 1016 1360 1065 sd
1374 1018 1431 1064 Ae·

283 1093 358 1145 noni.
375 1088 736 1153 nott.sd111,laerv,3s.
761 1090 825 1138 Mox
875 1076 1129 1153 remurmurat.
1158 1087 1189 1137 ln
1202 1101 1256 1150 quo
1270 1088 1430 1135 assentitur

283 1178 344 1214 eum
365 1160 516 1227 Schweigh.
536 1167 563 1211 et
579 1160 668 1213 Gaisi.
688 1159 750 1209 dedi
770 1151 827 1206 ἐκέ·
876 1158 964 1209 ideler
981 1156 1017 1207 ad
1029 1154 1170 1207 Aristotel.
1185 1154 1330 1205 Meteorol.
1353 1155 1382 1215 1,
1398 1155 1426 1205 3.

284 1233 360 1293 tros,
379 1238 408 1281 ut
420 1231 595 1281 Florentinur
613 1229 736 1294 slterque
747 1228 826 1278 Peri·
876 1242 938 1293 pag.
953 1226 1013 1277 356.
1029 1226 1066 1276 ΙΙ.
1082 1240 1110 1289 μ.
1123 1226 1183 1274 ror.
1196 1224 1248 1274 coll
1280 1225 1335 1275 Die
1352 1225 1428 1289 Sego

284 1303 360 1351 sinus
381 1302 467 1351 codex
490 1300 670 1365 suggerebat,
698 1313 747 1363 pro
769 1289 826 1349 lx·
875 1312 937 1348 rom
957 1296 1058 1347 Schurs
1074 1295 1121 1345 des
1136 1292 1196 1344 Tell
1215 1309 1276 1358 pag.
1291 1297 1326 1344 tiu·
1347 1296 1429 1343 item-

284 1372 394 1431 λευσε,
407 1370 478 1434 quod
490 1369 731 1429 Bekherretinuit‚
744 1382 824 1432 quem
875 1381 928 1432 que
947 1366 977 1416 C.
996 1366 1028 1414 0.
1050 1363 1164 1415 Mueller
1186 1364 1342 1428 (Goetting.
1362 1364 1424 1415 Gel.

284 1444 399 1490 recentt.
417 1438 477 1488 edd.
492 1443 649 1503 sequuntur.
683 1437 736 1488 Sed
752 1436 824 1486 inira
875 1443 960 1487 Anzz.
977 1435 1053 1484 18:34.
1066 1449 1107 1486 ur.
1120 1434 1163 1485 60.
1177 1448 1241 1496 pag.
1251 1433 1318 1495 587)
1334 1440 1425 1482 ortem

284 1523 391 1575 quoque
411 1510 512 1559 Noster
539 1509 699 1574 imperfecto
723 1499 826 1556 ἐκετὲλ-
875 1512 952 1556 ratus
964 1503 1114 1553 subulame
1130 1503 1240 1566 poetica
1251 1501 1374 1567 quedam
1387 1502 1425 1552 lo·

285 1579 347 1628 lero
361 1592 426 1628 usus
442 1583 493 1628 est.
875 1577 1000 1635 cutione,
1021 1587 1090 1638 quoe
1109 1571 1318 1635 Hellespontum
1338 1579 1425 1636 ponte

325 1638 476 1698 ἐπικέσθαι
492 1636 602 1710 μάστιγι
621 1637 740 1708 πληγὰς]
771 1644 825 1693 Pro
875 1647 999 1695 iunctum
1008 1641 1168 1707 significarit
1178 1641 1358 1705 compedibus
1367 1642 1424 1691 rin·

284 1708 434 1767 ἐπικέσθαι
460 1716 513 1781 legi
536 1730 641 1781 quoque
663 1730 744 1779 posse
768 1703 826 1760 ἐπι·
875 1710 1425 1776 ctum3eademqueestseutentisBlorn·

285 1779 401 1835 κέεσθαι
414 1785 576 1850 Sylburgius
595 1788 777 1835 adnotaverat
791 1780 826 1831 ad
875 1783 957 1834 fieldii
974 1784 1002 1832 in
1015 1781 1134 1832 Glossar.
1157 1779 1191 1829 sd
1204 1779 1336 1844 Aeschyli
1348 1780 1423 1830 Pers.

285 1856 405 1907 Brissou.
413 1857 454 1905 De
464 1871 521 1920 reg.
529 1854 603 1906 Pers.
612 1855 726 1919 princip.
735 1853 771 1914 ll,
783 1850 825 1901 73.
876 1853 936 1903 228.
961 1855 1001 1902 Ae
1012 1865 1104 1900 rerum
1116 1865 1184 1899 sane
1196 1854 1253 1911 est,
1270 1848 1339 1900 nihil
1353 1851 1425 1900 eius·

286 1941 313 1990 p.
327 1924 391 1985 7533
416 1915 572 1973 ἐπιθέσθαι
586 1923 721 1974 maluerat
732 1923 825 1972 Paurr.

285 1994 378 2057 Valla,
395 2009 474 2059 quem
485 1993 583 2058 reliqui
596 1996 684 2045 secuti
695 1996 758 2042 sunt
771 1990 827 2040 edi-

285 2068 375 2126 tores,
386 2064 482 2114 Latine
492 2063 610 2114 reddidit
619 2065 709 2128 inflipir
720 2061 755 2112 ad
767 2074 828 2111 sen·

287 2148 346 2183 sum
360 2133 466 2198 quidem
480 2137 568 2194 recte,
587 2138 618 2182 ut
631 2132 681 2182 alii
693 2132 748 2181 loci
761 2130 827 2206 Vll,

286 2203 320 2252 54
333 2209 360 2252 et
369 2202 449 2265 vlll,
462 2203 511 2253 109
524 2201 582 2265 (nbi
592 2198 764 2265 pentapoleos
776 2213 827 2247 ros

278 2264 499 2334 Ἑλλήσποντον)
507 2275 668 2321 monstrant.
686 2271 722 2320 At
734 2284 828 2320 vereor

286 2340 411 2403 equidem
431 2355 609 2404 magnopere,
629 2348 660 2390 ut
676 2332 828 2402 ἐφικέσθαι

287 2408 399 2458 eandem
419 2409 607 2471 perrumpendi
629 2425 650 2460 s.
671 2408 830 2473 permittendi

286 2476 388 2527 habeat
410 2476 634 2541 significationem
661 2484 746 2543 etque
770 2493 829 2527 ver·

287 2547 350 2598 hum
370 2539 560 2608 καθικέσθαι,
579 2561 667 2612 neque
687 2545 739 2597 huc
755 2545 829 2597 trahi

286 2631 367 2682 posse
391 2615 501 2668 credem
530 2615 653 2667 Platonis
680 2616 768 2666 locum
800 2617 828 2665 iu

286 2687 369 2751 Hipp.
385 2689 449 2737 mai.
464 2702 491 2751 p.
509 2685 558 2736 292
566 2687 598 2738 Α.
615 2702 702 2753 neque
715 2686 828 2736 Homeri

286 2756 450 2807 seniculum
469 2756 513 2810 lli.
527 2757 564 2816 V,
581 2757 639 2807 748.
673 2756 741 2807 Mihi
759 2756 829 2805 isci-

286 2827 338 2876 lior
359 2827 468 2877 ridetur
480 2824 655 2876 Valckenarii
674 2826 760 2886 ratio,
782 2841 827 2874 ex·

306 2894 430 2947 licentis:
443 2889 489 2945 ἐπλ
498 2886 762 2960 τόαῈλλήσποντοιι
772 2884 827 2942 ἐκέ-

286 2913 361 3015 fraus
386 2962 550 3028 τριηκοσίας
573 2956 688 3015 λκέσθαι
713 2957 826 3027 μοὶστιμι

286 3026 403 3099 πληγάς.
428 3037 464 3085 Et
473 3035 566 3086 confer
576 3036 614 3084 sis
624 3051 708 3100 snpra
717 3033 781 3094 Vll,
793 3036 824 3082 ll:

286 3098 314 3160 ἐς
338 3098 373 3152 τὰ
393 3096 463 3152 ἄλλα
489 3100 576 3167 λέγων
602 3094 698 3154 ἐπίκεο
721 3094 826 3165 ἀληθέ-

287 3185 383 3223 σταται
395 3189 506 3223 sermone
516 3183 650 3226 tenueram
657 3190 705 3224 ocu
713 3173 824 3238 tenpus:

285 3243 353 3295 Inde
368 3244 524 3304 percurrendi
538 3247 566 3293 et
583 3243 698 3294 feriendi
713 3245 825 3292 notione

285 3313 397 3361 verbum
411 3304 560 3360 ἐπικέσθαι
571 3312 665 3362 addito
675 3313 771 3363 dativo
781 3327 826 3361 ae·

286 3380 341 3445 cipi
353 3380 412 3430 vult
423 3380 551 3431 Kuehner
564 3380 610 3431 Gr.
626 3382 672 3433 Gr.
686 3385 710 3445 9.
720 3380 786 3432 558.
796 3380 823 3429 b.

285 3449 377 3513 Ipsum
388 3461 450 3499 vero
461 3450 557 3500 Xerxis
570 3448 693 3511 lacinus,
708 3467 760 3516 quo
772 3452 825 3499 ira·

285 3523 331 3568 tus
346 3520 374 3567 in
385 3532 460 3567 mare
478 3518 612 3569 saeviisse
631 3518 718 3568 fertur
736 3519 827 3583 flagel-

286 3587 320 3636 lis
336 3592 364 3637 et
383 3587 556 3652 compedibus
574 3586 713 3648 demissis,
735 3588 826 3652 plures

285 3662 407 3708 veterum
425 3663 670 3707 commemorarunt
687 3672 703 3705 a
722 3657 828 3707 Brisso·

286 3726 333 3777 uio
346 3726 389 3777 De
408 3741 463 3791 reg.
482 3727 571 3776 Perss.
587 3726 698 3789 princip.
714 3726 772 3788 lii,
792 3727 825 3778 73

287 3796 379 3846 acciti.
415 3794 493 3856 Quod
514 3809 531 3844 a
551 3795 663 3845 Graecis
680 3794 826 3845 confictum

286 3862 827 3928 essesuspicstuerlckenar.onmStan·

286 3931 330 3985 lei.
347 3934 380 3984 ad
391 3932 519 3997 Aeschyli
531 3934 622 3985 Peras.
632 3935 696 3995 752,
711 3950 771 3985 cum
785 3935 826 3984 ira

285 4002 359 4068 regis
376 4003 410 4052 ob
421 4012 530 4067 pontem
541 4006 712 4068 tempestatis
726 4005 754 4053 ri
771 4005 827 4056 dis-

287 4073 387 4124 iectum
408 4071 588 4138 Aeschylique
608 4074 692 4124 verba
712 4074 826 4125 Athenis

286 4143 434 4192 decantata
447 4141 555 4193 facilem
567 4143 677 4194 tabulae
685 4144 827 4208 fingendae

278 4225 382 4261 mnsam
395 4212 510 4276 ingeniis
524 4213 624 4263 Atticis
636 4215 765 4278 praebere
779 4227 827 4278 pn-

286 4281 390 4332 tuerint
403 4280 541 4348 mnltsque
559 4286 669 4335 omnino
684 4283 718 4334 de
732 4283 826 4335 Persis

287 4349 358 4401 false
372 4364 389 4399 s
399 4350 511 4403 Graecis
529 4368 571 4403 res
583 4368 647 4403 suas
660 4352 828 4417 amplifican-

876 1922 949 1972 modi
968 1923 995 1971 in
1008 1920 1117 1970 Ctesias
1133 1923 1270 1983 excerptis
1289 1919 1422 1971 traditum

877 1996 1000 2049 exstare;
1020 2004 1105 2054 neque
1121 1996 1211 2039 umen
1231 1990 1295 2039 ideo
1316 2004 1421 2039 omnem

876 2060 1010 2112 Herodoti
1020 2060 1203 2109 narrationem
1215 2060 1342 2125 equidem
1356 2064 1422 2110 reie-

876 2131 959 2183 cerim
968 2136 999 2180 ut
1010 2128 1228 2193 prorsuslietam,
1244 2144 1327 2194 quam
1339 2131 1420 2179 etism

877 2200 991 2251 orientis
1009 2213 1100 2264 regum
1120 2198 1205 2248 lastui
1222 2213 1256 2248 ae
1276 2199 1420 2264 superbire

877 2269 959 2321 valde
969 2283 1116 2333 congruere
1126 2268 1215 2333 quivis
1225 2268 1369 2321 concedet.
1376 2285 1420 2320 ne·

877 2355 929 2405 que
941 2338 1086 2389 abhorrere
1095 2356 1112 2387 a
1121 2339 1215 2388 Nostri
1226 2338 1354 2399 consilio,
1370 2354 1420 2404 quo

878 2424 946 2474 quse
959 2412 1056 2472 postea
1065 2409 1168 2459 Xerxes
1182 2421 1280 2471 pessus
1292 2412 1336 2459 est
1349 2410 1420 2457 mels

878 2479 1022 2528 Graeciam
1032 2492 1093 2527 cum
1104 2480 1224 2528 exercitu
1235 2477 1379 2535 lundens,
1390 2494 1420 2528 es

878 2548 913 2599 ab
932 2546 1080 2598 insolentia
1097 2555 1125 2598 et
1145 2547 1218 2597 lustu
1237 2553 1362 2612 repetere
1381 2549 1420 2597 iu·

879 2625 1003 2682 stumque
1014 2617 1161 2667 vindictam
1175 2616 1275 2668 habere
1287 2617 1372 2669 solet:
1385 2619 1419 2669 ci.

879 2702 986 2754 quoqne
1003 2686 1133 2737 Nitzsch:
1161 2687 1213 2737 Die
1235 2688 1421 2752 Sagenpoesie

877 2757 924 2807 der
937 2756 1046 2808 Griech.
1061 2771 1087 2819 p.
1098 2757 1147 2806 567
1158 2771 1216 2820 seq.
1247 2759 1287 2807 Ac
1297 2757 1367 2807 bene
1380 2759 1420 2806 iu·

876 2832 918 2876 ter
932 2826 988 2876 sila
1001 2826 1128 2875 observet
1145 2826 1235 2890 Bring.
1256 2826 1418 2889 (Historiec.

877 2894 1418 2946 indillicill.llerodotilocc.adu0tsmm.

876 2966 993 3015 Londini
1007 2963 1156 3014 Gothorum
1180 2964 1256 3017 1829.
1276 2965 1325 3015 lV.
1343 2983 1371 3031 p.
1386 2967 1418 3015 aa

876 3033 946 3098 seq.)
957 3034 990 3083 de
1001 3035 1090 3083 Xerxe
1101 3033 1312 3097 Hellespontum
1324 3047 1351 3085 et
1362 3051 1418 3084 rer·

875 3103 917 3152 bis
933 3111 961 3152 et
976 3102 1133 3153 verberibus
1152 3105 1298 3168 puniente,
1317 3120 1372 3154 nou
1389 3109 1418 3154 ut

876 3174 908 3222 de
926 3173 1034 3223 homine
1046 3172 1167 3235 Graeco,
1190 3173 1238 3223 sed
1254 3178 1287 3223 ut
1308 3174 1343 3225 de
1359 3175 1417 3224 Per-

875 3257 966 3292 sarum
982 3257 1046 3307 rege
1063 3257 1112 3292 seu
1130 3244 1221 3307 potius
1234 3238 1362 3307 δεσπότῃ
1381 3245 1418 3292 iu·

874 3313 974 3362 dicium
996 3326 1056 3361 esse
1078 3311 1241 3372 ferendum,¹
1266 3315 1314 3377 qni
1341 3312 1417 3363 niodo

875 3381 1052 3431 Ormuzdinm
1068 3380 1120 3431 rite
1142 3396 1175 3433 ac
1200 3385 1246 3446 pia
1269 3383 1416 3433 secundum

874 3452 1013 3501 Zoroastri
1029 3456 1175 3515 praecepta
1190 3449 1301 3514 coleret,
1318 3453 1416 3502 nemini

875 3536 904 3569 se
919 3520 1071 3571 subiectum
1085 3526 1194 3586 putaret
1206 3536 1256 3570 nec
1269 3521 1415 3587 quidquam

876 3590 931 3640 sibi
950 3591 1114 3651 timendum
1139 3592 1186 3655 qui
1209 3590 1292 3654 igitur
1314 3590 1417 3641 Helles

876 3665 1005 3724 pontum,
1027 3674 1106 3725 quem
1122 3675 1171 3724 pro
1186 3659 1269 3709 fluvio
1284 3658 1416 3721 habuerit,

876 3729 957 3779 simili
978 3729 1057 3779 modo
1082 3728 1179 3779 ulcisci
1201 3728 1336 3790 studeret,
1365 3745 1416 3793 quo

877 3798 941 3848 olim
956 3798 1043 3862 Cyrus
1057 3798 1178 3860 Gyndem
1193 3798 1306 3849 flurium
1325 3800 1354 3849 in
1365 3805 1417 3848 tre·

876 3872 970 3919 centos
999 3870 1146 3930 sexaginta
1175 3869 1248 3918 rivos
1276 3867 1414 3919 diductum

875 3934 917 4000 (1,
937 3936 1010 3999 202).
1039 3938 1117 3988 Aliud
1134 3952 1321 4002 programma,
1344 3938 1415 4003 quod

875 4008 904 4055 in
923 4006 1016 4057 schole
1037 4007 1235 4057 Rothscildsus
1258 4022 1329 4057 anno
1353 4007 1416 4059 1826

875 4075 925 4125 sub
938 4076 990 4126 hoc
1001 4077 1082 4127 titulo
1092 4077 1226 4140 prodiisse
1236 4075 1350 4127 dicitur:
1364 4076 1420 4143 „in

875 4144 1101 4208 disceptationem
1120 4152 1267 4202 vocantur,
1294 4161 1365 4211 quse
1384 4146 1415 4196 de

875 4214 918 4264 irs
936 4216 1034 4266 Xerxis
1059 4216 1175 4265 disiecto
1194 4215 1221 4264 vi
1245 4216 1415 4281 tempestatis

876 4290 972 4348 ponte,
993 4300 1046 4350 quo
1061 4284 1265 4349 Hellespontum
1280 4285 1413 4344 iunxerat,

875 4353 910 4403 ab
928 4354 1069 4405 Herodoto
1088 4359 1152 4404 sunt
1169 4354 1298 4419 proditn“
1317 4355 1353 4404 ad
1375 4369 1414 4402 me

286 4420 360 4470 tibus
373 4419 476 4471 traditu
488 4438 547 4473 erse
563 4426 678 4474 constet.
703 4423 760 4472 Nee
775 4421 827 4472 ali·
874 4422 947 4472 haud
960 4424 1093 4488 pervenit.
1119 4423 1171 4473 His
1186 4422 1414 4488 deniqueaddere

287 4494 329 4541 ter
346 4488 403 4541 lere
429 4490 462 4543 de
485 4490 527 4541 his
545 4493 644 4543 statuit
663 4491 825 4542 Larcherus.
876 4491 981 4583 placet,
1004 4508 1074 4559 quse
1091 4493 1165 4559 apud
1182 4493 1342 4558 Genesium,
1363 4493 1413 4559 By·
