3100 5175
236 361 276 422 80
672 358 943 420 HERODOTI

237 533 393 615 νεύοντος
422 532 459 602 δε
482 537 543 602 τοῦ
564 534 769 622 Κλεομένεος
798 534 978 622 προέβαινε
1004 544 1089 600 τοῖσι
1110 525 1253 618 χρήμασι
1273 520 1377 613 ὑπερ-

237 638 371 727 βάλλων
392 634 410 707 δ
430 634 678 726 Ἀρισταγόρης,
698 640 731 716 ἐς
751 624 794 704 οὗ
815 633 1022 722 πεντήκοντά
1043 660 1078 702 τε
1098 631 1243 702 τάλαντα
1256 623 1378 698 ὑποδέ·

239 746 350 810 δεκτο·
391 743 445 811 καὶ
471 738 508 809 τὸ
528 746 665 810 παιδίον
696 735 879 821 αὐδάξατο·
914 737 1047 828 Πάτερ,
1077 736 1272 822 διαφθερέει
1297 752 1334 800 σε
1360 728 1379 800 ὁ

238 849 362 932 ξεῖνος,
383 840 427 934 ἢν
445 842 490 933 μὴ
511 840 656 923 ἀποστὰς
676 853 737 932 λης.
778 839 796 910 ὅ
819 870 854 911 τε
882 841 923 930 δὴ
946 844 1154 931 Κλεομένης,
1180 833 1297 925 ἡσθεὶς
1319 839 1381 905 τοῦ

239 954 376 1017 παιδίον
390 953 432 1038 τῇ
446 950 657 1037 παραινέσει,
680 945 731 1034 ἤιε
746 948 779 1025 ἐς
793 950 908 1036 ἕτερον
921 956 1061 1033 οἴκημα,
1084 945 1139 1012 καλ
1154 936 1171 1009 δ
1190 937 1379 1029 Ἀρισταγό-

240 1078 299 1141 ρης
313 1047 541 1121 ἀπαλλάσσετο
561 1049 598 1119 τὸ
618 1048 779 1137 παράπαν
799 1052 835 1119 ἐκ
854 1053 911 1138 τῆς
925 1047 1100 1138 Σπάρτης,
1120 1040 1202 1114 οὐδέ
1220 1048 1255 1111 ολ
1272 1045 1379 1130 ἐξεγέ-

241 1181 316 1224 νετο
332 1156 385 1224 ἐπὶ
399 1156 501 1223 πλέον
515 1160 562 1223 ἔτι
576 1158 720 1243 σημῆναι
734 1155 811 1242 περὶ
825 1158 882 1241 τῆς
896 1148 1022 1221 α’νόδου
1035 1155 1092 1239 της
1106 1145 1195 1236 παρὰ
1209 1151 1357 1235 βασιλέα.

194 1266 235 1328 52
313 1255 402 1346 ’Ἑχει
426 1254 490 1347 γὰρ
516 1253 601 1346 ἀμφὶ
623 1261 665 1345 τῇ
686 1253 881 1349 δδῷταύιη
896 1247 978 1325 adde·
1006 1260 1154 1343 σταθμοί
1173 1277 1208 1319 τε
1229 1254 1382 1339 πανταχῆ

281 1415 389 1486 Πάτερ,
411 1416 578 1485 διαφθερέει
599 1435 627 1471 σε
651 1413 666 1471 ὀ
690 1416 784 1481 ξεῖνος
835 1420 920 1485 Susa,
945 1424 1114 1470 mercaturae
1139 1433 1223 1469 causa
1244 1416 1383 1483 proficisci

240 1507 266 1543 ιι.
280 1508 304 1545 τ.
317 1493 353 1559 λ]
375 1495 451 1556 Quae
465 1493 505 1542 itu
518 1493 618 1544 Dorice
632 1492 708 1542 effert
721 1489 784 1540 Plu·
835 1491 970 1543 solebant.
1001 1492 1114 1540 Praeter
1131 1486 1245 1540 Reuncl.
1264 1488 1293 1536 in
1310 1485 1383 1537 Geo-

240 1562 326 1613 tarcb.
343 1562 380 1613 11.
397 1578 459 1628 pag.
477 1563 576 1612 240D:
602 1560 789 1625 καταφθαρεῑ
835 1560 931 1625 graph.
956 1559 1088 1610 Herodot.
1112 1574 1173 1624 pag.
1195 1557 1248 1608 529
1266 1572 1324 1621 seq.
1353 1561 1383 1606 et

242 1645 281 1694 σε,
297 1620 318 1680 oi
333 1623 436 1695 πάτερ,
456 1621 487 1680 τὸ
501 1622 662 1694 ξενύλλιον,
679 1622 729 1680 ἐὰν
743 1623 782 1693 μὴ
835 1630 922 1681 Ukert
934 1630 962 1679 in
980 1630 1077 1694 Geogr.
1091 1627 1136 1678 Gr.
1152 1633 1180 1678 et
1193 1628 1297 1678 Romm.
1312 1627 1342 1690 I,
1356 1628 1381 1677 1.

240 1696 341 1765 τάχιον
362 1694 450 1751 αὐτὸν
470 1702 520 1766 τῆς
541 1695 633 1759 οἰκίας
655 1693 781 1767 ἐκβάλῃς.
834 1715 899 1765 pag.
924 1700 957 1748 74
981 1715 1038 1764 seq.
1067 1705 1097 1749 tu
1124 1698 1178 1750 sid.
1208 1698 1381 1762 potissimum

242 1773 332 1822 Verba
347 1764 434 1836 ἦνμὴ
453 1760 579 1827 ἀποστὰς
595 1768 641 1837 λης
654 1770 783 1821 reddunt:
835 1771 952 1821 Heeren.
969 1770 1062 1822 ldeeu.
1077 1770 1100 1831 l,
1117 1771 1142 1818 2.
1156 1782 1219 1832 pag.
1230 1770 1279 1816 221
1292 1782 1381 1832 seqq„

244 1843 293 1891 nisi
312 1844 382 1891 ocius
400 1841 563 1902 decesseris,
588 1841 735 1906 siquidem
756 1842 786 1889 in
837 1840 884 1904 qui
895 1840 1003 1904 egregie
1016 1845 1121 1901 monet,
1135 1837 1302 1896 hancviam,
1315 1853 1382 1901 pau-

245 1911 391 1975 pcrticipio
410 1910 493 1960 eundi
512 1910 602 1961 verbis
626 1910 722 1961 addito
744 1915 786 1960 ta·
837 1910 877 1959 cis
905 1909 1068 1974 quibusdam
1097 1908 1209 1958 mutatis
1235 1906 1382 1971 (siquidem

243 1979 295 2030 lem
315 1980 372 2030 lere
389 1981 444 2030 vim
467 1980 557 2029 inesse
577 1980 685 2030 docent.
722 1981 785 2031 Vid.
838 1975 1383 2041 nuncnon,utolim,adSusa,sedad

243 2049 344 2100 Mattb.
361 2048 407 2099 Gr.
421 2051 466 2098 Gr.
483 2051 507 2111 9.
521 2049 582 2098 559.
607 2050 742 2108 InsraVI,
753 2051 787 2100 34
837 2046 975 2113 Ispahan,
991 2064 1061 2113 qnae
1074 2050 1151 2113 regis
1163 2052 1205 2098 est
1221 2047 1315 2108 sedes,
1330 2048 1384 2096 iter

243 2117 356 2183 legitur:
376 2108 497 2173 ἰόντες
515 2111 546 2165 δὲ
566 2110 618 2180 τὴν
634 2112 702 2183 [priv
715 2112 787 2167 ὁδὸν
838 2119 970 2180 faciunt),
986 2118 1098 2167 eandem
1113 2119 1195 2168 ferme
1211 2131 1286 2177 esse,
1300 2131 1382 2180 qnam

243 2214 278 2224 —
292 2178 409 2252 ἤϊσαν.
442 2184 484 2235 Ad
502 2175 640 2248 ἐξεγένετο
662 2189 734 2238 conl.
749 2190 787 2239 ci·
839 2189 885 2252 qui
896 2186 977 2237 bodie
990 2203 1007 2237 a
1017 2188 1133 2252 Smyrna
1147 2185 1310 2250 adlspahan
1322 2201 1383 2249 pro-

243 2262 304 2308 tata
313 2257 348 2307 ad
359 2256 413 2318 111,
423 2255 483 2305 142.
509 2254 550 2304 bd
561 2248 606 2305 lut
617 2252 703 2306 πλέον
713 2259 786 2309 coni.
838 2259 1008 2320 ficiscuntur,
1023 2258 1113 2308 facere
1126 2257 1242 2318 soleant,
1252 2261 1383 2306 accurate

245 2331 314 2377 nott.
329 2325 364 2376 ad
378 2326 427 2388 Vl,
442 2326 486 2375 42.
838 2326 1002 2391 descriptam
1025 2342 1042 2376 a
1059 2326 1210 2384 'favernio;
1233 2327 1275 2374 ita
1292 2331 1322 2374 ut
1338 2342 1383 2375 er-

805 2449 808 2455 ,
838 2400 926 2445 trema
940 2401 1045 2446 tanturn
1057 2398 1118 2447 viae
1130 2412 1193 2462 pars
1206 2410 1277 2445 nunc
1294 2396 1382 2460 magis

836 2467 1056 2530 septemtrionem
1077 2471 1159 2531 atque
1175 2465 1305 2517 orientem
1322 2479 1383 2515 ver-

836 2551 882 2586 sus
895 2536 1021 2586 flectatur
1032 2550 1113 2602 quam
1127 2536 1207 2600 olim,
1225 2535 1273 2585 ubi
1285 2534 1319 2584 ob
1333 2535 1382 2585 Su-

836 2621 927 2657 sornm
937 2608 1020 2671 situm
1032 2608 1067 2657 ad
1076 2606 1216 2658 meridiem
1227 2606 1313 2671 magis
1324 2611 1382 2655 ten-

837 2676 934 2726 derent
961 2692 1073 2727 necesse
1098 2682 1167 2728 erat·
1205 2677 1285 2726 Hanc
1310 2676 1383 2725 enim

837 2745 909 2794 viam
928 2746 998 2796 idam
1011 2747 1162 2797 Hecrenius
1180 2746 1257 2796 addit
1274 2751 1306 2795 ut
1323 2744 1383 2794 lou·

441 2495 506 2546 Cre.
527 2497 589 2546 LII.

278 2592 353 2666 ἀμφὶ
371 2597 406 2666 τῇ
423 2593 494 2668 ὁδῷ]
513 2600 617 2652 Eodem
637 2599 715 2651 modo
731 2602 786 2653 No-

245 2676 301 2722 ster
309 2671 395 2721 utitur
406 2672 611 2736 praepositione
621 2662 692 2734 cippi
701 2671 733 2734 V,
744 2672 786 2723 19.

246 2742 324 2802 Quae
351 2741 474 2805 sequitur
496 2741 603 2791 itineris
628 2740 786 2806 descriptio,

245 2826 278 2861 ea
295 2811 441 2860 maximam
462 2814 535 2860 carte
553 2813 658 2874 partem
675 2811 787 2861 fluxisse

244 2881 352 2931 videtur
373 2896 407 2931 ex
423 2880 573 2933 itinerariis
594 2885 787 2944 mercatorum,

245 2965 312 3015 quos
323 2950 358 3000 ab
371 2952 465 3003 Ioniae
480 2950 593 3002 urbibus
605 2950 641 3000 ad
650 2951 789 3002 interioris

243 3022 327 3070 Asiae
344 3025 449 3071 tractus
467 3021 502 3071 ad
516 3019 684 3086 Babylonem
701 3036 788 3086 usque

246 3095 274 3139 ct
284 3089 354 3139 Susa
371 3092 446 3140 certd
460 3090 576 3155 quedem
594 3091 639 3140 via
654 3092 790 3156 proticisci

245 3158 341 3211 solitos
358 3161 459 3210 Noster
477 3159 629 3222 consuluit,
657 3162 711 3209 nisi
727 3162 789 3225 ipse

246 3229 360 3279 candem
376 3231 447 3280 viam
460 3244 585 3281 emensus
599 3245 632 3279 ex
646 3231 696 3290 iis,
718 3245 788 3294 quae

246 3299 304 3362 ipse
316 3300 459 3363 cognovit,
473 3298 541 3349 haec
553 3299 680 3349 retulisse
690 3305 788 3364 putan-

246 3366 296 3417 dus
309 3371 361 3418 est.
383 3368 424 3418 Aa
437 3366 540 3429 solent,
554 3368 625 3432 quod
637 3382 716 3419 nemo
731 3370 787 3420 lere

246 3436 350 3499 nescit,
374 3452 423 3501 per
434 3437 573 3487 Orientem
592 3437 639 3502 qui
654 3445 786 3489 mercatu-

245 3521 302 3555 ram
315 3511 414 3570 agunt,
427 3507 569 3557 coniuncti
580 3506 737 3574 plerumque
750 3508 787 3559 ad

246 3590 349 3626 merces
379 3575 554 3628 advehendas
580 3578 787 3641 permutandus·

246 3659 298 3709 que
322 3646 374 3695 iter
400 3646 491 3697 facere
514 3648 590 3697 certi
615 3648 732 3712 quadam
754 3664 787 3700 ac

246 3714 359 3767 definita
368 3717 429 3778 via,
445 3732 499 3782 qua
510 3717 563 3767 tuti
573 3717 653 3767 simul
666 3724 694 3768 et
704 3718 787 3769 rebus

245 3786 408 3836 necessariis
433 3787 562 3837 instructi
590 3786 651 3837 loca
679 3789 789 3840 deserta

244 3853 420 3920 perlustrent.
441 3857 498 3906 Nec
508 3855 632 3913 dubium.
647 3858 727 3923 quin,
741 3860 789 3924 qui

837 2814 938 2879 giorem
957 2816 997 2866 ita
1015 2818 1143 2867 tutiorem
1156 2832 1217 2867 esse
1236 2831 1269 2865 ac
1292 2816 1382 2879 magis

838 2900 962 2935 securam
983 2901 1000 2935 a
1025 2887 1220 2950 praedonibus,
1246 2884 1383 2948 simulque

838 2955 963 3005 omnibus
975 2955 1011 3005 ad
1023 2957 1107 3007 vitam
1117 2956 1325 3006 sustentandam
1337 2970 1383 3004 ne·

840 3025 970 3075 cessariis
986 3025 1084 3076 melius
1101 3027 1279 3086 instructam,
1301 3039 1382 3088 quam

840 3094 866 3143 si
882 3096 959 3145 rectd
976 3110 1023 3159 per
1041 3095 1151 3146 deserta
1170 3097 1223 3145 iter
1241 3094 1329 3145 iacias
1342 3094 1382 3143 la·

840 3169 948 3215 tronum
968 3165 1070 3216 crebris
1089 3167 1230 3231 expositus
1250 3164 1383 3214 incursio·

839 3233 920 3283 nibus
938 3238 966 3284 et
986 3237 1061 3286 rictu
1077 3235 1218 3286 commodo
1234 3233 1316 3285 facile
1338 3233 1384 3283 de·

839 3303 962 3353 stitutus.
990 3305 1099 3356 Haecce
1118 3307 1164 3356 via
1183 3306 1256 3354 infra
1273 3319 1334 3367 cap.
1348 3302 1382 3353 53

838 3375 910 3437 regia
931 3375 972 3422 uia
991 3366 1020 3438 (η
1037 3365 1135 3439 isica)
1151 3372 1295 3441 βασιληῖη)
1316 3373 1383 3423 dici·

839 3447 891 3503 tur,
905 3443 923 3493 i·
933 3459 955 3494 e.
965 3458 1035 3508 quae
1048 3461 1065 3495 a
1074 3446 1218 3496 Persarum
1230 3444 1340 3508 regibus
1353 3441 1383 3506 (a

837 3513 938 3575 Dario,
955 3516 1063 3577 opinor)
1078 3516 1154 3565 tacta
1165 3521 1220 3573 est,
1235 3516 1260 3565 si
1272 3511 1382 3578 quidem

838 3598 908 3646 quae
917 3584 969 3632 iam
981 3589 1044 3634 ante
1054 3585 1121 3635 trita
1131 3586 1188 3635 iere
1197 3584 1249 3634 tuit
1258 3585 1305 3634 vis
1314 3598 1382 3633 ruer·

838 3657 961 3702 catorum
975 3668 1008 3703 err
1020 3655 1117 3705 Ioniae
1131 3671 1179 3705 ora
1195 3651 1239 3705 vel
1256 3670 1271 3705 e
1290 3653 1383 3718 proxi·

839 3724 890 3771 mis
906 3722 988 3774 Asiae
1006 3725 1117 3775 minoris
1138 3723 1262 3789 partibus
1277 3722 1383 3788 profici·

839 3792 973 3842 acontium
984 3794 1011 3842 in
1021 3795 1166 3846 interiores
1173 3795 1255 3844 Asiae
1265 3798 1381 3854 tractus,

839 3860 1021 3925 Babylonem,
1046 3865 1130 3928 Susa,
1149 3870 1180 3914 ut
1200 3863 1252 3914 hoc
1273 3863 1382 3928 potissi-

245 3939 317 3975 nunc
333 3928 408 3990 viget
425 3941 497 3987 mos,
516 3925 665 3977 idemolim
682 3943 789 3993 quoque
839 3947 910 3981 mum
938 3949 1160 3997 commemorem,
1190 3932 1262 3983 banc
1288 3948 1382 3996 regum

246 3995 410 4060 obtinuerit,
429 4012 490 4048 cum
505 3997 566 4063 ipsa
581 3999 722 4063 regionum
740 4014 787 4049 na·
838 4001 985 4053 Persarum
1008 4006 1073 4054 curt
1092 4004 1189 4056 melius
1213 4006 1328 4053 stratam
1348 4018 1381 4051 ac

245 4071 308 4116 tura
327 4081 359 4116 ac
379 4067 450 4118 ratio
467 4069 507 4118 sic
522 4067 650 4133 postulet.
687 4068 787 4134 Itaque
838 4072 983 4133 munitam,
1000 4089 1048 4139 per
1063 4075 1189 4140 regiones
1207 4073 1276 4122 bene
1289 4070 1381 4122 cultas

243 4133 322 4186 valde
334 4135 364 4185 tit
377 4136 531 4201 probabile,
545 4139 667 4189 enarrari
679 4137 704 4188 b.
719 4138 736 4189 l.
751 4140 786 4189 ab
837 4141 946 4192 ductam
957 4145 1132 4209 omnibusque
1148 4144 1182 4195 iis
1191 4144 1271 4193 rebus
1282 4142 1382 4191 instru-

242 4203 384 4255 Herodoto
395 4221 455 4256 eam
467 4209 551 4273 viam,
562 4211 705 4273 qualones
717 4224 785 4259 mer·
836 4215 909 4262 ctam
927 4228 987 4263 esse
1003 4213 1144 4278 probabile
1163 4216 1218 4274 est,
1240 4226 1311 4276 quae
1328 4211 1382 4261 iter

243 4279 351 4324 catores
369 4275 432 4325 inde
450 4275 485 4326 ab
501 4277 584 4328 Asiae
605 4279 717 4329 minoris
737 4295 786 4330 ora
835 4281 994 4332 facientium
1022 4283 1234 4335 necessitatibus
1265 4282 1383 4332 inservi-

243 4344 280 4393 ad
292 4344 431 4395 interioris
440 4345 521 4396 Asiae
534 4351 648 4410 tractus,
662 4363 694 4398 ac
706 4364 784 4412 prae·
835 4356 908 4401 rent:
927 4351 1032 4403 iactum
1046 4358 1133 4404 autem
1149 4354 1176 4403 id
1189 4367 1249 4404 esse
1260 4350 1383 4401 credide·

242 4413 381 4479 cipue,ut
393 4414 561 4476 videtur,ad
573 4417 740 4482 Babylonem
755 4424 783 4470 et
834 4421 885 4471 rim
904 4424 1049 4488 praecipue
1069 4425 1096 4474 in
1122 4438 1201 4475 usum
1224 4422 1381 4472 nautiorum
