3100 5175
569 434 749 496 ERATO.
773 436 829 495 VI.
848 443 891 498 98.

1233 432 1291 495 361

160 610 250 679 πλέω
266 605 353 677 κακὰ
373 614 415 698 τῇ
429 603 597 698 Ἑλλάδιῆ
618 611 671 678 ἐπὶ
690 619 794 680 εἴκοσι
809 605 911 690 ἄλλας
930 607 1049 696 γενεὰς
1069 606 1126 689 τας
1145 606 1209 697 τρὸ
1222 619 1294 679 Λα·

159 720 255 798 ρείου
270 716 467 799 γενομένας,
485 711 525 781 τὰ
539 713 601 802 μέν
620 709 686 781 ἀπὸ
700 719 769 783 τῶν
782 717 943 802 Περσέων
957 711 1042 805 αὐτῇ
1056 711 1237 802 γενόμενα,
1256 711 1296 781 τὰ

160 818 197 885 δέ
219 813 281 885 ἄττ’
305 813 507 886 αὐτῶντῶν
529 824 728 905 κορυφαίων
749 818 825 905 περὶ
851 823 909 906 τῆς
931 813 1032 906 ἀρχῆς
1052 815 1295 906 πολεμεόντων.

159 917 248 988 οὕτω
270 916 373 989 οὐδὲν
387 912 431 1010 ἦν
445 917 555 1001 ἀεικὲς
575 926 759 1009 κινηθῆναι
773 926 907 1007 Δῆλον,
930 920 967 990 τὸ
981 922 1062 1006 πρὶν
1082 924 1205 990 έοῦσαν
1220 919 1293 991 duc-

160 1052 272 1112 νητον.
301 1026 355 1095 καὶ
371 1026 408 1093 έν
421 1029 559 1118 χρησμῷ
572 1016 615 1113 ἦν
633 1027 867 1113 γεγραμμένον
880 1026 957 1113 περὶ
971 1022 1074 1114 αὐτῆς
1089 1015 1172 1095 ὦδε·

364 1150 486 1236 Κινήσω
500 1156 551 1219 καλ
568 1160 670 1236 Δῆλον
686 1150 831 1236 ἀκίνητόν
848 1179 903 1235 περ
920 1154 1036 1217 ἕοῦσαν.

160 1282 313 1352 Arionem
335 1282 373 1351 db
392 1279 475 1351 κατὰ
492 1279 633 1352 Ἐλλάδα
651 1287 809 1370 γλῶσσαν
830 1285 934 1349 ταῦτα
954 1278 992 1349 τὰ
1013 1278 1198 1369 οὐνόματα·
1223 1291 1294 1350 Δα-

159 1497 195 1579 τῇ
209 1490 323 1549 Ελλάδι
315 1516 354 1580 η
343 1489 413 1549 lut
426 1496 517 1549 εἴκοσι
530 1488 616 1558 αλλας
628 1513 704 1566 γενε-

158 1560 192 1626 ὰς
204 1584 256 1625 τας
266 1583 322 1649 προ
315 1563 461 1632 Δαρείου
473 1569 626 1635 γενομένας
638 1570 703 1620 scri·

159 1640 202 1705 psi
214 1637 320 1703 γενεῶν
332 1639 495 1722 Bredorium
514 1656 540 1705 p
556 1642 608 1693 219
626 1656 703 1692 secu-

159 1715 213 1771 tus,
226 1709 366 1774 ubirulgo
383 1703 510 1774 γενεεᾞων
523 1711 594 1776 quod
607 1711 649 1760 vel
664 1727 704 1761 re·

159 1783 245 1830 centt.
259 1779 321 1832 edd
337 1781 522 1838 retinuerunt3
540 1780 588 1831 sed
602 1779 704 1831 retinui

159 1843 298 1910 τουτέων,
315 1850 394 1899 cuius
412 1847 472 1899 loco
487 1850 610 1902 Dietsch.
630 1849 706 1900 exhi-

159 1919 219 1969 buit
232 1910 351 1967 τούτων.
380 1918 421 1968 dd
436 1920 601 1969 locutionem
613 1910 660 1968 έπὶ
669 1947 703 1955 -

158 1980 258 2053 γενεὰς
279 1989 314 2037 ci.
329 1987 416 2038 allata
433 1990 468 2038 ad
481 1990 520 2051 V,
536 1991 580 2039 ⁶28.
608 1990 703 2040 Caete-

159 2074 218 2107 rum
234 2060 343 2123 egregie
357 2057 449 2109 valere
470 2058 541 2109 hunc
558 2058 646 2109 locum
667 2058 702 2109 ad

160 2128 293 2179 historiae
312 2127 347 2177 ab
367 2128 506 2178 Herodoto
531 2131 703 2193 conscriptae
753 2143 779 2191 p.
794 2129 837 2176 25.
855 2152 887 2160 —

159 2205 284 2263 tempora
295 2197 452 2248 delinienda
465 2214 543 2249 nemo
554 2214 608 2248 uon
618 2200 702 2250 videt.

158 2271 285 2332 Namque
300 2268 359 2317 belli
368 2268 577 2331 Peloponnesiaci
590 2268 661 2319 mala
675 2273 703 2319 et

159 2338 333 2387 calamitates
345 2337 390 2387 hic
402 2337 528 2401 indicari,
536 2339 646 2390 minime
654 2339 703 2388 du-

159 2408 234 2458 bium
249 2411 300 2458 eat.
323 2407 365 2458 cf.
379 2406 543 2457 Dahlmauu.
559 2409 586 2457 in
599 2408 701 2460 Herod.

158 2493 185 2543 p.
198 2480 232 2527 42
246 2480 274 2526 et
285 2476 342 2527 rid.
356 2492 439 2541 supra
450 2482 518 2527 nott.
536 2477 571 2527 ad
585 2481 617 2540 V,
628 2478 661 2528 76
675 2482 702 2528 et

160 2549 206 2599 77·
224 2547 271 2597 uhi
283 2545 340 2597 alia
351 2545 500 2613 quaedam,
520 2563 591 2632 quae
602 2549 638 2599 ad
653 2548 704 2600 hu·

160 2620 203 2669 ius
217 2616 281 2667 belli
293 2622 416 2681 tempora
429 2620 584 2682 spectuuts
577 2635 604 2668 ru
615 2620 703 2670 Hero-

159 2688 217 2737 doti
226 2689 312 2738 Musis
323 2689 405 2737 obvia
417 2687 566 2739 attulimus
585 2689 617 2738 ln
627 2705 703 2755 seqq.

160 2757 222 2807 dedu
239 2771 280 2804 απ
311 2771 407 2806 οντων
422 2757 431 2822 (
440 2774 488 2822 pro
508 2747 632 2840 αντέων.)
645 2759 703 2807 triv

159 2824 336 2890 κορυφαίων.
377 2827 448 2877 Sunt
475 2843 539 2878 voro
567 2821 598 2876 οἵ
619 2842 702 2910 κορυ-

160 2896 242 2960 φαῖοι
254 2897 331 2948 cives
339 2899 462 2959 prunarii,
469 2898 634 2961 principesin
647 2899 702 2947 sin-

160 2966 702 3048 gnlrscrurtatrbusutVl,·.'3,ub1vrd

159 3028 243 3085 Pro’
224 3027 284 3085 απὸ
297 3036 384 3087 Cobet
394 3038 458 3085 Var.
473 3037 565 3088 Lectt.
578 3052 639 3101 pag.
650 3038 702 3087 2λῦ

159 3095 215 3154 ὑπὸ
228 3107 343 3156 rescribi
353 3105 421 3168 vult,
429 3111 461 3156 ut
471 3107 596 3171 supraV,
606 3108 630 3155 2
650 3108 702 3156 Mi-

159 3174 186 3224 hi
199 3175 272 3226 haud
292 3191 360 3241 opus
378 3144 501 3226 ridetur:
526 3178 620 3242 itaque
640 3191 702 3226 cum

160 3245 285 3295 omuibus
306 3246 458 3296 editoribus
479 3245 618 3311 vulgatam
642 3247 703 3296 reti-

158 3331 214 3365 nur.

194 3376 281 3433 οὐδὲν
295 3371 331 3448 ἦν
343 3372 443 3449 ἀεικές]
463 3383 480 3433 i.
494 3399 517 3434 e.
539 3388 575 3436 ιἰο
589 3385 649 3434 nihil
660 3386 702 3434 rni-

159 3471 212 3503 rnnr
224 3463 298 3511 erat.
312 3468 362 3502 non
374 3461 480 3515 praeter
497 3457 620 3505 rationem
637 3456 703 3504 ucci-

158 3524 242 3574 dednt.
271 3523 350 3575 Coui.
366 3524 423 3584 lll,
441 3522 483 3573 33.
522 3525 599 3587 Quod
614 3525 703 3589 sequi-

160 3600 204 3644 tur
216 3589 364 3657 ἀκίνητον,
380 3594 499 3643 innectum
511 3595 616 3644 iudicat
631 3595 705 3643 iusu-

157 3664 222 3725 lam,
233 3665 251 3715 i.
262 3680 285 3713 e.
299 3661 372 3712 nullo
382 3667 470 3713 terrae
486 3669 560 3714 motu
572 3679 704 3729 conquas·

160 3740 263 3796 satam,
279 3733 332 3783 nisi
351 3732 402 3781 hac
417 3748 498 3794 voce,
515 3749 583 3797 quse
602 3732 705 3784 oraculi

160 3805 188 3854 in
201 3818 284 3855 versu
298 3803 387 3853 denuo
402 3802 554 3865 invenitur,
574 3802 653 3854 simul
667 3802 701 3852 ad

161 3890 219 3924 eam
234 3872 410 3923 traditionem
421 3873 521 3936 respici
532 3878 620 3939 putes,
630 3872 702 3938 quod

160 3943 250 3994 insula
272 3941 335 3992 olim
354 3958 426 4006 vaga
449 3943 512 3992 dein
535 3944 660 3994 consedit
679 3959 702 3993 s

160 4003 329 4075 ἐστήρικται.
348 4013 390 4062 Dc
401 4027 454 4077 quo
467 4012 540 4062 coni.
551 4012 700 4062 Gottleber.

160 4084 194 4133 ad
209 4081 364 4145 Thucydid
386 4081 465 4133 11.8
486 4088 513 4132 et
531 4082 702 4144 potissimum

159 4153 306 4216 Spanhem.
328 4151 363 4200 ad
381 4149 538 4201 Callimach.
555 4150 681 4215 Ηγαιιι.1
675 4166 702 4199 ru

159 4223 217 4274 Del.
238 4222 283 4273 53
297 4220 702 4281 2730011.11..lpudHer0

158 4292 252 4342 dotum
271 4289 417 4340 κινεισθαι
439 4291 487 4341 vix
504 4290 596 4339 diflert
614 4306 630 4339 a
650 4302 703 4337 σει-

160 4359 219 4425 edri
221 4377 280 4423 ναι,
295 4362 579 4410 terraemoruconeuu.

195 4378 374 4494 Κτνήσωκαὶ
390 4428 524 4491 Δῆλονκ.
540 4444 562 4477 τ.
577 4425 616 4493 λ.]
638 4429 704 4478 Ver·

157 4516 215 4553 sum
226 4500 452 4553 habetEustath
464 4500 499 4550 ad
509 4499 626 4566 Dionys.
640 4498 702 4548 525

753 1500 839 1562 Quem
851 1499 965 1550 eundern
975 1515 1031 1550 nna
1043 1515 1103 1550 cum
1116 1500 1208 1550 verbis
1221 1507 1297 1551 ante·

753 1569 926 1620 cedentibus:
951 1565 999 1618 sni
1018 1561 1048 1618 έν
1067 1567 1182 1686 γρηρμῷ
1202 1556 1239 1634 ἦν
1255 1584 1297 1634 γε-

753 1634 915 1703 γραμμένον
928 1632 1094 1702 περὶάυτής
1111 1627 1166 1687 ωδε
1184 1655 1233 1704 pro
1254 1656 1298 1690 su·

755 1710 856 1772 spectis
873 1709 968 1760 habuit
981 1708 1195 1772 Wesselingius,
1217 1725 1296 1774 quem

754 1783 864 1828 secutus
878 1779 1016 1829 Matthiae
1033 1780 1111 1828 uncis
1130 1778 1198 1829 haec
1212 1778 1297 1829 iuclu-

754 1849 800 1906 sit,
817 1848 916 1912 quibus
930 1864 981 1912 ego
995 1849 1084 1899 denuo
1097 1847 1220 1911 liberavi,
1235 1865 1296 1900 cnm

755 1918 830 1967 nulla
847 1918 1014 1982 suspicionis
1031 1933 1117 1969 causa
1136 1920 1211 1968 iusta
1229 1918 1296 1968 mihi

753 1996 901 2052 appareat:
925 1988 997 2052 quod
1015 1987 1086 2038 idem
1104 1989 1235 2038 statuisse
1255 1989 1296 2037 in-

753 2059 833 2107 venio
850 2055 988 2112 Salomon.
1008 2058 1036 2107 iu
1058 2057 1199 2109 dissertat.
1221 2058 1294 2109 laud.

907 2127 986 2188 Quod
999 2143 1064 2178 vero
1078 2128 1149 2192 apud
1165 2127 1296 2178 historiae

753 2202 859 2262 patrem
875 2197 999 2256 oracula,
1018 2202 1159 2261 portenta,
1180 2199 1296 2258 somnia,

753 2266 809 2316 alia
827 2267 854 2316 id
869 2282 964 2331 genus,
981 2280 1050 2332 quae
1063 2266 1236 2332 Thucydides
1252 2266 1296 2317 uel

753 2352 865 2401 prorsus
876 2338 966 2386 tacuit
975 2336 1019 2387 uel
1032 2337 1121 2387 rarius
1133 2341 1207 2388 certe
1219 2336 1296 2387 adhi-

752 2407 822 2468 buit,
837 2406 968 2457 historiae
982 2407 1121 2471 gravitste
1132 2407 1246 2471 indigna
1256 2412 1297 2457 ta·

751 2476 790 2526 lia
810 2493 869 2527 esse
889 2481 981 2537 ratus,
999 2476 1169 2540 frequentius
1183 2492 1297 2528 comme·

753 2552 907 2611 morantur,
923 2547 952 2597 id
968 2546 1108 2598 Herodoto
1122 2548 1192 2598 vitio
1207 2552 1297 2599 verte·

751 2632 781 2668 re
796 2616 921 2668 uolumus
933 2633 1021 2681 neque
1038 2619 1165 2681 scriptori
1183 2618 1297 2683 diligen·

752 2688 859 2737 tissimo
873 2691 956 2751 atque
968 2687 1129 2736 cautissimo
1145 2688 1297 2750 superstiti-

753 2758 814 2808 onis
836 2755 1042 2805 credulitatisve
1061 2761 1152 2806 notam
1174 2757 1295 2807 inurere:

753 2825 781 2876 id
801 2826 874 2890 quod
890 2825 1015 2875 iecerunt
1032 2825 1090 2876 alii.
1120 2827 1246 2890 Namque
1265 2830 1296 2877 ut

752 2896 889 2949 diversum
906 2895 1046 2960 utriusque
1068 2895 1209 2959 scriptoris
1223 2900 1297 2947 tace·

752 2981 797 3015 am
816 2966 843 3014 in
863 2964 1059 3015 conscribenda
1078 2964 1193 3014 historia
1209 2965 1296 3016 consi-

752 3035 817 3084 linm
832 3035 954 3099 idemque
964 3034 1103 3098 ingenium
1115 3035 1230 3084 maxime
1241 3035 1296 3085 dis-

752 3120 804 3169 par
822 3103 934 3169 (dequo
949 3103 1028 3169 plura
1039 3104 1100 3168 ipae
1115 3105 1219 3154 excitet
1232 3103 1297 3154 Val-

752 3172 856 3237 cken),
871 3174 1030 3223 Herodotus
1044 3189 1092 3236 pro
1106 3190 1152 3236 es,
1167 3190 1239 3239 quas
1253 3179 1294 3224 to-

754 3244 809 3294 tius
825 3245 915 3308 operis
927 3244 979 3293 init
990 3259 1105 3303 summa,
1117 3259 1199 3307 quam
1211 3247 1295 3295 maxi-

752 3330 795 3363 me
811 3329 923 3364 necesse
943 3313 1041 3364 habuit
1059 3312 1126 3364 talia
1141 3314 1259 3377 referre,
1281 3331 1295 3365 e

752 3385 852 3450 quibus
865 3383 958 3449 aliquo
971 3390 1045 3435 certe
1059 3384 1137 3435 modo
1149 3383 1235 3435 divini
1248 3401 1296 3435 nn·

753 3455 834 3504 minis
855 3453 891 3503 ad
915 3470 1007 3506 omnes
1030 3469 1073 3504 res
1097 3455 1230 3505 humanas
1253 3455 1295 3506 ris

753 3525 966 3601 perspiceretur.

790 3585 964 3644 Advocandi
982 3608 1007 3644 κ.
1026 3608 1049 3644 τ.
1069 3590 1106 3658 λ.]
1137 3594 1214 3644 Haec
1232 3609 1297 3659 qno·

756 3679 808 3730 que
828 3663 912 3715 verba
934 3680 1020 3729 usque
1041 3663 1075 3713 ad
1094 3664 1173 3714 linem
1193 3679 1254 3729 cap.
1281 3679 1298 3713 a

755 3735 932 3798 grammatico
954 3735 1071 3798 quodam
1083 3734 1223 3798 adscripta
1237 3750 1297 3785 esse

753 3805 912 3869 suspicatur
926 3803 1104 3869 wesseling,
1124 3819 1204 3868 quem
1219 3820 1298 3868 prae·

753 3879 796 3923 ter
812 3872 993 3924 Borhechiunr
1009 3873 1140 3923 Schaeier
1158 3878 1186 3923 et
1198 3874 1296 3923 Matth.

754 3944 842 3994 secuti
856 3948 934 4004 sunt,
947 3944 1024 3993 uncis
1037 3942 1104 3992 baec
1116 3940 1298 4001 includentes,

754 4011 853 4077 quibus
875 4028 924 4061 uos
946 4013 1004 4062 iure
1026 4009 1216 4074 liberavimus,
1236 4027 1297 4062 cum

755 4081 911 4131 omnibus'
904 4097 932 4129 rn
956 4080 1036 4131 codd
1059 4080 1115 4131 ista
1136 4086 1297 4157 apparffeant

754 4152 850 4200 Denuo
875 4149 982 4199 Behker
1001 4149 1085 4198 verba
1112 4141 1233 4199 δυ’ναται
1254 4166 1299 4202 us-

755 4235 807 4285 que
826 4220 861 4269 ad
880 4213 1006 4267 καλέοιεν
1024 4220 1101 4269 uncis
1123 4218 1249 4279 inclusit,
1269 4227 1300 4272 ut

754 4290 857 4368 spuria:
873 4288 996 4352 idemque
1011 4303 1060 4352 pro
1074 4287 1159 4352 μέγας
1173 4291 1296 4355 suspica·

755 4364 801 4408 tur
820 4351 897 4420 μέγα
936 4358 985 4408 Cui
1008 4360 1104 4409 merito
1128 4372 1216 4420 neque
1231 4361 1299 4410 Diu-

755 4427 825 4482 dori
842 4444 929 4511 neque
944 4428 1068 4480 Dietsclr.
1083 4429 1231 4480 obsecutus
1245 4437 1298 4493 est,

753 4498 879 4564 quamvis
892 4498 1009 4551 Bredov.
1031 4516 1057 4565 p.
1076 4501 1109 4553 16
1127 4499 1194 4552 baec
1213 4503 1297 4552 verba
