3100 5175
572 1121 1109 1223 HPOAOTOV

444 1332 832 1421 ιεΤοΡΙΩΝ
885 1336 1221 1434 Εενοαα,Ι

650 1716 1016 1807 ΠΟΛΥΜΝΙΑ.

243 1880 255 1938 1
361 1837 493 1935 Elim
507 1859 544 1928 di
565 1856 586 1948 ἡ
601 1857 740 1948 ἀγγελίη
753 1856 892 1929 ἀπίκετο
907 1861 984 1947 περὶ
999 1865 1057 1947 τῆς
1075 1858 1180 1949 μάχης
1192 1868 1250 1950 τῆς
1264 1866 1301 1932 ἐν
1313 1871 1389 1932 Ma·
1399 1880 1447 1931 5⁰5

267 1976 398 2059 ραθῶνι
413 1971 595 2058 γενομένης
615 1969 705 2059 παρὰ
719 1973 859 2056 βασιλέα
874 1983 1022 2056 Δαρεῖον
1035 1967 1095 2039 τὸν
1107 1965 1322 2061 ‘Dactionum
1345 1975 1399 2040 καλ

267 2077 348 2162 πρὶν
361 2074 513 2164 μεγάλως
526 2076 775 2166 κεχαραγμένον
788 2088 874 2143 τοῖσι
891 2071 1100 2162 Ἀθηναίοισι
1114 2071 1171 2142 διὰ
1185 2073 1246 2164 τὴν
1260 2078 1294 2156 ἐς
1307 2075 1398 2163 Σάρ·

482 2307 540 2359 cst
569 2308 583 2358 Ι
858 2276 899 2327 cis
910 2273 1000 2328 verbis
1012 2272 1102 2339 docet)
1115 2274 1143 2323 in
1154 2272 1224 2325 solio
1239 2272 1347 2337 sedena,
1359 2289 1401 2324 se-

544 2348 551 2361 ⁰
586 2344 593 2360 ’
860 2350 959 2412 quante
973 2344 1123 2408 armigero:
1143 2344 1177 2394 eh
1193 2348 1310 2410 utreque
1323 2344 1399 2393 Darii

301 2401 382 2461 Ἐπελ
403 2405 434 2460 dl
450 2403 468 2475 ἡ
483 2403 597 2476 ἀγγελίη
613 2402 730 2463 ἀπίκετο
742 2429 768 2465 α.
783 2429 808 2466 τ.
858 2421 938 2482 parte
954 2412 1047 2464 videre
1065 2413 1131 2463 licet
1145 2415 1289 2464 Persarum
1307 2429 1400 2479 proce·

266 2479 302 2549 λ.]
325 2478 477 2532 Articulum
494 2475 529 2546 ἡ,
553 2483 600 2547 qui
617 2498 634 2532 a
649 2482 808 2535 Florentino
859 2502 917 2545 res,
932 2483 976 2534 vel
988 2487 1095 2535 stantes
1107 2483 1151 2533 vel
1163 2484 1303 2545 sedentes,
1318 2484 1400 2534 rerba

266 2552 383 2620 aliisque
396 2551 477 2604 codd.
492 2551 580 2603 tribus
596 2553 691 2618 abest,
706 2554 809 2605 retinui
859 2555 994 2606 facientes
1008 2559 1036 2605 et
1046 2553 1227 2605 deliberantes
1237 2569 1329 2605 coram
1338 2568 1399 2620 rege

266 2628 452 2675 cumrecentt.
468 2622 529 2674 edd.
556 2623 623 2682 Mox
638 2639 699 2674 enm
713 2625 810 2675 iisdem
858 2625 940 2677 valde
951 2623 1198 2689 attentorlnparte
1208 2625 1336 2677 inferiore
1346 2640 1399 2675 mu-

267 2695 331 2746 dedi
341 2690 453 2761 βασιλέα
467 2709 516 2760 pro
532 2688 667 2760 βασιλῆα,
684 2693 809 2761 idemque
858 2696 938 2747 lieres
952 2695 1086 2745 accedunt
1098 2695 1133 2744 ad
1143 2710 1234 2760 genua
1245 2700 1399 2760 prostratae

268 2765 321 2816 ieci
335 2780 396 2830 cap.
408 2767 435 2815 2.
448 2764 474 2816 3.
490 2762 516 2815 da
551 2762 626 2814 Idem
644 2780 752 2831 quoque
770 2766 812 2817 ie·
860 2771 888 2818 et
903 2764 1108 2831 supplicantes;
1134 2764 1295 2817 aliundene
1313 2764 1399 2827 affert,

267 2836 339 2886 cisse
357 2834 437 2885 rideo
456 2833 610 2885 Bekkerum
626 2835 750 2901 aliosque
767 2852 809 2887 re·
860 2834 932 2887 alius
945 2849 1042 2884 numos
1055 2850 1070 2884 e
1082 2849 1162 2885 sacco
1175 2836 1203 2884 in
1213 2850 1344 2898 mensam,
1356 2835 1400 2884 cui

267 2911 352 2958 centt.
366 2905 492 2956 editores.
859 2904 964 2957 assidet
975 2905 1130 2970 praefectus
1139 2904 1258 2970 quidam,
1272 2904 1399 2955 effundit:

303 2970 351 3024 καλ
370 2970 440 3036 πρὶν
457 2964 582 3039 μεγάλως
598 2968 809 3039 κεχαραγμένον
859 2976 1123 3040 insuperioreparte
1133 2973 1300 3040 adspicimus
1310 2974 1400 3025 mulie-

268 3048 341 3095 τοῖσι
367 3038 561 3109 Ἀθηναίοισι]
599 3038 809 3109 κεχαραγμένον
859 3061 915 3097 rem
934 3045 1008 3094 tristi
1024 3044 1104 3095 vultu
1118 3044 1263 3108 (Graeciam
1282 3060 1342 3096 ease
1361 3045 1400 3093 in-

267 3115 422 3180 Hesychius
441 3112 490 3178 (11.
509 3128 536 3178 p.
556 3112 633 3178 241),
658 3129 737 3179 quem
754 3116 810 3164 una
859 3114 972 3181 scriptio
985 3113 1076 3179 docet)
1088 3151 1095 3177 ,
1109 3112 1157 3164 sed
1166 3116 1240 3165 iutra
1250 3113 1399 3165 Minervam

269 3201 329 3236 cum
362 3184 486 3250 Euripid.
519 3181 591 3233 Med.
625 3181 674 3233 [56
703 3185 809 3234 excitat
859 3184 954 3251 (quam
970 3184 1109 3249 excipiunt
1128 3184 1199 3234 duae
1214 3184 1286 3235 aliae
1300 3183 1400 3250 figurae

269 3252 435 3319 Schweigh„
462 3254 656 3316 interpretatur
675 3245 809 3317 ω’ργισμέ-
859 3256 947 3306 Aeiam
959 3252 1142 3318 declarantes)
1161 3259 1189 3305 et
1201 3253 1294 3305 Iovem
1310 3254 1399 3320 (quem

270 3338 337 3385 νον,
358 3327 466 3379 hadmar
491 3322 597 3371 malim:
619 3331 808 3386 exasperatas,
860 3328 1009 3389 sequuntur
1019 3321 1115 3389 Apollo
1129 3321 1267 3387 etDiaua)
1277 3324 1317 3375 sic
1329 3324 1400 3390 poei-

269 3394 415 3458 efferotum
443 3397 475 3442 ut
499 3391 528 3440 in
548 3389 688 3445 Plutarch.
710 3393 809 3444 Aemil.
861 3399 931 3457 tem,
943 3398 974 3444 ut
985 3393 1035 3444 sub
1048 3392 1136 3444 tutela
1145 3393 1256 3443 deorum
1267 3394 1347 3458 qnasi
1355 3409 1400 3458 po·

269 3461 388 3514 Pectat
399 3460 460 3512 coll.
470 3459 578 3511 Morell.
589 3459 732 3525 papiltd.
747 3463 809 3513 Vid.
860 3465 917 3515 sita
932 3463 1067 3514 videatur.
1084 3463 1145 3514 Vid.
1159 3464 1320 3514 Minervini:
1338 3463 1400 3513 Bul·

270 3529 418 3583 Blomfield.
437 3531 465 3580 in
484 3528 606 3581 Glossar.
629 3529 663 3581 ad
682 3532 811 3597 Aeschyli
860 3534 906 3585 let.
921 3532 1046 3585 Archdol.
1060 3532 1158 3598 Nepol.
1173 3533 1248 3583 1854.
1263 3550 1304 3583 nr.
1318 3534 1361 3585 43.
1373 3549 1397 3598 p.

269 3604 345 3654 Pers.
373 3599 433 3652 689.
474 3599 631 3651 Formulam
661 3594 810 3664 δεινότερα
864 3605 912 3655 129
927 3608 955 3653 et
970 3619 1010 3652 nr.
1024 3603 1066 3653 48.
1086 3617 1148 3669 pag.
1168 3602 1217 3654 169
1236 3608 1264 3653 et
1280 3601 1400 3653 Gerherd

269 3672 365 3721 ποιεῖν
375 3671 514 3735 attigimus
524 3669 560 3720 ad
572 3670 626 3734 111,
639 3670 679 3721 14.
704 3673 811 3738 lupro·
860 3680 887 3724 et
903 3672 1030 3724 Welcker
1047 3673 1089 3721 in:
1114 3672 1257 3724 Archaeol.
1274 3673 1397 3737 Zeituug.

270 3743 341 3792 xime
354 3756 429 3805 seqq.
443 3732 556 3803 ὥρμητο
569 3738 643 3791 valet
651 3742 811 3798 incitabatur,
859 3744 973 3808 Jahrgg.
992 3744 1050 3792 XV.
1067 3758 1108 3792 ur.
1129 3741 1194 3793 103:
1211 3741 1274 3804 104,
1296 3743 1345 3792 ubi
1361 3747 1399 3792 ta·

271 3811 451 3863 incendebatur
457 3828 467 3867 ,·
490 3809 523 3861 de
541 3825 593 3875 quo
612 3810 667 3862 vid.
684 3817 754 3862 nott.
773 3812 810 3862 ad
860 3811 1029 3864 bulaaddita
1041 3817 1084 3862 est
1096 3810 1149 3876 (nr.
1162 3810 1240 3875 0111)
1253 3810 1324 3862 hanc
1338 3813 1400 3861 ima·

269 3881 336 3936 vll.
350 3882 376 3934 4.
410 3869 592 3944 ἐπηγγέλλετο
609 3885 652 3930 est
664 3881 759 3944 edixit,
778 3887 810 3931 ut
860 3883 950 3948 ginem
961 3884 1072 3946 sistens,
1086 3897 1168 3947 qnam
1181 3881 1216 3931 ad
1228 3880 1401 3932 deliberatio-

270 3951 347 4012 Vlll,
362 3950 405 4003 30.
428 3950 513 4001 Paulo
525 3949 604 4000 aliter
615 3950 686 4000 idem
698 3952 810 4002 verbum
860 3968 921 4003 nem
937 3953 1088 4003 reserante
1104 3952 1187 4002 Dario
1203 3949 1326 4001 habitam
1340 3955 1399 4017 pust

269 4020 418 4086 Vl‚ll(ubi
430 4020 485 4071 eid.
500 4017 584 4083 nott.)
599 4024 627 4069 et
640 4019 687 4083 IV,
701 4021 810 4071 abu-
859 4037 979 4087 pugnam
1001 4021 1202 4073 Marathoniam
1229 4019 1262 4071 de
1285 4021 1400 4072 Graecia

271 4090 350 4152 Quod
362 4090 398 4140 ad
410 4091 496 4141 totius
508 4089 589 4139 huius
601 4087 653 4139 loci
667 4105 809 4155 argaman·
859 4093 956 4142 iterum
978 4091 1141 4142 invadenda.
1174 4090 1276 4141 Contra
1293 4091 1399 4142 Curtius

268 4165 326 4212 tum
337 4160 450 4223 attinet,
464 4159 588 4210 referunt
598 4158 651 4208 huc
664 4160 810 4228 imaginem
860 4161 939 4226 (ibid.
952 4178 992 4212 ur.
1008 4161 1063 4212 108.
1077 4177 1102 4225 p.
1117 4161 1165 4212 109
1174 4159 1263 4226 seqq.)
1273 4160 1327 4212 hac
1336 4163 1399 4211 ima·
1420 4177 1422 4182 ·

269 4230 416 4295 amphorae
431 4230 596 4280 eCauoesae
611 4228 743 4292 sepulcris
761 4245 810 4279 nu·
859 4232 924 4296 gine
947 4247 1007 4282 eam
1032 4230 1254 4281 deliberationem
1280 4230 1400 4282 exhiberi

267 4314 316 4364 per
328 4301 356 4349 in
369 4298 455 4349 lucem
468 4303 636 4364 protractae3
652 4314 770 4364 namque
782 4300 810 4347 in
860 4300 980 4363 mavult,
1003 4316 1072 4365 qnae
1091 4305 1154 4365 pust
1167 4299 1304 4350 Mardouii
1319 4317 1398 4365 expe·

267 4368 318 4419 hec
339 4370 471 4432 imagine,
492 4383 562 4433 qnae
581 4368 669 4419 tribus
684 4370 809 4434 partibus
858 4371 989 4421 ditionem
1001 4369 1162 4420 frustratam
1179 4369 1274 4420 habita
1290 4371 1371 4421 inerit
1382 4384 1399 4418 a

266 4442 389 4496 constat,
418 4438 508 4487 media
534 4442 613 4502 parte
639 4440 809 4503 conspicitur
858 4441 945 4490 Dario
967 4440 1059 4500 Susis,
1086 4440 1167 4504 igitur
1191 4444 1255 4490 ente
1283 4454 1397 4506 pugnam

264 4508 362 4558 Iturius
371 4506 455 4573 (quod
465 4506 561 4557 addita
571 4508 714 4573 inscriptio
725 4508 810 4573 Grae·
858 4510 1060 4561 Marathoniam
1075 4507 1123 4574 (ci.
1136 4509 1184 4574 vl,
1195 4508 1252 4575 94),
1265 4511 1293 4560 iu
1307 4514 1398 4574 quaet
