<?xml version="1.0" encoding="UTF-8"?>
<!DOCTYPE html PUBLIC "-//W3C//DTD XHTML 1.0 Transitional//EN"
    "http://www.w3.org/TR/xhtml1/DTD/xhtml1-transitional.dtd">
<html xmlns="http://www.w3.org/1999/xhtml" xml:lang="en" lang="en">
 <head>
  <title>
</title>
<meta http-equiv="Content-Type" content="text/html;charset=utf-8" />
  <meta name='ocr-system' content='tesseract 3.04.00' />
  <meta name='ocr-capabilities' content='ocr_page ocr_carea ocr_par ocr_line ocrx_word'/>
</head>
<body>
  <div class='ocr_page' id='page_1' title='image "./herodotihalicar01unkngoog/herodotihalicar01unkngoog_0627.png"; bbox 0 0 3100 5175; ppageno 0'>
   <div class='ocr_carea' id='block_1_1' title="bbox 467 294 1000 396">
    <p class='ocr_par' dir='ltr' id='par_1_1' title="bbox 467 294 1000 396">
     <span class='ocr_line' id='line_1_1' title="bbox 467 294 1000 396; baseline 0.008 -9"><span class='ocrx_word' id='word_1_1' title='bbox 467 294 740 391; x_wconf 75' lang='lat' dir='ltr'><strong>rensuum.</strong></span> <span class='ocrx_word' id='word_1_2' title='bbox 764 330 837 392; x_wconf 87' lang='lat' dir='ltr'><strong>vu.</strong></span> <span class='ocrx_word' id='word_1_3' title='bbox 861 340 919 394; x_wconf 76' lang='lat' dir='ltr'><strong>ur.</strong></span> <span class='ocrx_word' id='word_1_4' title='bbox 943 340 1000 396; x_wconf 76' lang='lat' dir='ltr'><strong>ne.</strong></span> 
     </span>
    </p>
   </div>
   <div class='ocr_carea' id='block_1_2' title="bbox 1225 333 1287 394">
    <p class='ocr_par' dir='ltr' id='par_1_2' title="bbox 1225 333 1287 394">
     <span class='ocr_line' id='line_1_2' title="bbox 1225 333 1287 394; baseline -0.016 0"><span class='ocrx_word' id='word_1_5' title='bbox 1225 333 1287 394; x_wconf 86' lang='grc'><strong>615</strong></span> 
     </span>
    </p>
   </div>
   <div class='ocr_carea' id='block_1_3' title="bbox 76 499 1354 1011">
    <p class='ocr_par' dir='ltr' id='par_1_3' title="bbox 76 499 1354 908">
     <span class='ocr_line' id='line_1_3' title="bbox 76 499 1284 597; baseline 0.002 -22"><span class='ocrx_word' id='word_1_6' title='bbox 76 568 80 575; x_wconf 93' lang='grc'><strong>.</strong></span> <span class='ocrx_word' id='word_1_7' title='bbox 112 520 116 527; x_wconf 91' lang='grc'><strong>“</strong></span> <span class='ocrx_word' id='word_1_8' title='bbox 153 500 404 591; x_wconf 79' lang='grc' dir='ltr'><strong><em>Μηκύβερναν,</em></strong></span> <span class='ocrx_word' id='word_1_9' title='bbox 426 499 608 573; x_wconf 77' lang='grc' dir='ltr'><em>Ὄλυνθον.</em></span> <span class='ocrx_word' id='word_1_10' title='bbox 649 500 746 594; x_wconf 73' lang='grc' dir='ltr'><em>ἠμέν</em></span> <span class='ocrx_word' id='word_1_11' title='bbox 765 531 831 574; x_wconf 91' lang='grc' dir='ltr'><strong>νυν</strong></span> <span class='ocrx_word' id='word_1_12' title='bbox 850 503 940 593; x_wconf 69' lang='grc' dir='ltr'><em>χώρη</em></span> <span class='ocrx_word' id='word_1_13' title='bbox 954 501 1039 596; x_wconf 75' lang='grc' dir='ltr'><em>αὕτη</em></span> <span class='ocrx_word' id='word_1_14' title='bbox 1053 515 1210 597; x_wconf 80' lang='grc' dir='ltr'><em>Σιθωνίη</em></span> <span class='ocrx_word' id='word_1_15' title='bbox 1225 535 1284 577; x_wconf 80' lang='lat' dir='ltr'><strong>sc·</strong></span> 
     </span>
     <span class='ocr_line' id='line_1_4' title="bbox 152 602 1354 699; baseline 0.005 -24"><span class='ocrx_word' id='word_1_16' title='bbox 152 607 274 675; x_wconf 78' lang='grc' dir='ltr'><em>λέετυι.</em></span> <span class='ocrx_word' id='word_1_17' title='bbox 315 602 350 674; x_wconf 85' lang='grc' dir='ltr'><strong><em>Ὁ</em></strong></span> <span class='ocrx_word' id='word_1_18' title='bbox 377 607 413 675; x_wconf 72' lang='lat' dir='ltr'><strong>dl</strong></span> <span class='ocrx_word' id='word_1_19' title='bbox 439 606 597 689; x_wconf 83' lang='grc' dir='ltr'><em>ναυτικὸς</em></span> <span class='ocrx_word' id='word_1_20' title='bbox 616 605 754 697; x_wconf 80' lang='grc' dir='ltr'><em>στρατὸς</em></span> <span class='ocrx_word' id='word_1_21' title='bbox 781 604 798 678; x_wconf 85' lang='grc'><strong>6</strong></span> <span class='ocrx_word' id='word_1_22' title='bbox 821 609 969 699; x_wconf 73' lang='grc' dir='ltr'><em>Ξέρξεω,</em></span> <span class='ocrx_word' id='word_1_23' title='bbox 997 612 1199 699; x_wconf 80' lang='grc' dir='ltr'><em>συντάμνων</em></span> <span class='ocrx_word' id='word_1_24' title='bbox 1223 608 1354 691; x_wconf 76' lang='grc' dir='ltr'><strong>ἄττ’123</strong></span> 
     </span>
     <span class='ocr_line' id='line_1_5' title="bbox 146 708 1284 804; baseline 0.005 -26"><span class='ocrx_word' id='word_1_25' title='bbox 146 708 315 798; x_wconf 76' lang='grc' dir='ltr'><strong><em>Ἀμπέλου</em></strong></span> <span class='ocrx_word' id='word_1_26' title='bbox 329 708 432 798; x_wconf 78' lang='grc' dir='ltr'><em>ἄκρης</em></span> <span class='ocrx_word' id='word_1_27' title='bbox 446 714 499 779; x_wconf 78' lang='grc' dir='ltr'><strong>ἐπὶ</strong></span> <span class='ocrx_word' id='word_1_28' title='bbox 512 711 747 800; x_wconf 82' lang='grc' dir='ltr'><em>Κανάστρυιον</em></span> <span class='ocrx_word' id='word_1_29' title='bbox 762 710 886 802; x_wconf 71' lang='grc' dir='ltr'><em>ἄκρην,</em></span> <span class='ocrx_word' id='word_1_30' title='bbox 901 711 938 782; x_wconf 83' lang='grc' dir='ltr'><strong>τὸ</strong></span> <span class='ocrx_word' id='word_1_31' title='bbox 950 712 991 803; x_wconf 81' lang='grc' dir='ltr'><strong>δὴ</strong></span> <span class='ocrx_word' id='word_1_32' title='bbox 1002 713 1109 802; x_wconf 80' lang='grc' dir='ltr'><em>πάσης</em></span> <span class='ocrx_word' id='word_1_33' title='bbox 1123 720 1179 804; x_wconf 80' lang='grc' dir='ltr'><strong>τῆς</strong></span> <span class='ocrx_word' id='word_1_34' title='bbox 1189 724 1284 784; x_wconf 84' lang='grc' dir='ltr'><em>Παλ-</em></span> 
     </span>
     <span class='ocr_line' id='line_1_6' title="bbox 151 810 1286 908; baseline 0.005 -25"><span class='ocrx_word' id='word_1_35' title='bbox 151 814 257 902; x_wconf 81' lang='grc' dir='ltr'><em>λήνης</em></span> <span class='ocrx_word' id='word_1_36' title='bbox 274 810 385 901; x_wconf 80' lang='grc' dir='ltr'><em>ἀνέχει</em></span> <span class='ocrx_word' id='word_1_37' title='bbox 405 814 563 902; x_wconf 73' lang='grc' dir='ltr'><em>μάλιστα,</em></span> <span class='ocrx_word' id='word_1_38' title='bbox 592 820 754 885; x_wconf 78' lang='grc' dir='ltr'><em>ἐντεῦθεν</em></span> <span class='ocrx_word' id='word_1_39' title='bbox 773 815 851 898; x_wconf 89' lang='grc' dir='ltr'><em>νέιις</em></span> <span class='ocrx_word' id='word_1_40' title='bbox 870 845 905 886; x_wconf 87' lang='grc' dir='ltr'><strong>τε</strong></span> <span class='ocrx_word' id='word_1_41' title='bbox 927 820 982 902; x_wconf 71' lang='grc' dir='ltr'><em>ητα]</em></span> <span class='ocrx_word' id='word_1_42' title='bbox 1005 816 1163 907; x_wconf 77' lang='grc' dir='ltr'><em>στρατιὴν</em></span> <span class='ocrx_word' id='word_1_43' title='bbox 1183 845 1286 908; x_wconf 81' lang='grc' dir='ltr'><strong><em>παρε-</em></strong></span> 
     </span>
    </p>

    <p class='ocr_par' dir='ltr' id='par_1_4' title="bbox 129 918 1287 1011">
     <span class='ocr_line' id='line_1_7' title="bbox 129 918 1287 1011; baseline 0.006 -26"><span class='ocrx_word' id='word_1_44' title='bbox 129 982 132 985; x_wconf 87' lang='grc'><em>,</em></span> <span class='ocrx_word' id='word_1_45' title='bbox 152 918 304 1006; x_wconf 75' lang='grc' dir='ltr'><em>λάμβανε</em></span> <span class='ocrx_word' id='word_1_46' title='bbox 319 921 354 987; x_wconf 80' lang='grc' dir='ltr'><strong>ἐκ</strong></span> <span class='ocrx_word' id='word_1_47' title='bbox 369 924 553 1007; x_wconf 76' lang='grc' dir='ltr'><strong><em>Ποτιδαίης</em></strong></span> <span class='ocrx_word' id='word_1_48' title='bbox 566 920 623 989; x_wconf 77' lang='lat' dir='ltr'><strong>aul</strong></span> <span class='ocrx_word' id='word_1_49' title='bbox 638 918 794 1008; x_wconf 80' lang='grc' dir='ltr'><strong><em>Ἀφύτιος</em></strong></span> <span class='ocrx_word' id='word_1_50' title='bbox 808 922 863 989; x_wconf 79' lang='grc' dir='ltr'><strong>καὶ</strong></span> <span class='ocrx_word' id='word_1_51' title='bbox 873 919 964 1010; x_wconf 89' lang='grc' dir='ltr'><em>Νέης</em></span> <span class='ocrx_word' id='word_1_52' title='bbox 978 920 1100 1001; x_wconf 64' lang='lat' dir='ltr'><strong>notros</strong></span> <span class='ocrx_word' id='word_1_53' title='bbox 1115 923 1170 991; x_wconf 78' lang='lat' dir='ltr'><strong>uui</strong></span> <span class='ocrx_word' id='word_1_54' title='bbox 1182 927 1287 1011; x_wconf 69' lang='grc' dir='ltr'><em>Αἰγῆς</em></span> 
     </span>
    </p>
   </div>
   <div class='ocr_carea' id='block_1_4' title="bbox 147 1118 695 1531">
    <p class='ocr_par' dir='ltr' id='par_1_5' title="bbox 147 1118 695 1531">
     <span class='ocr_line' id='line_1_8' title="bbox 150 1118 694 1182; baseline 0.007 -14"><span class='ocrx_word' id='word_1_55' title='bbox 150 1118 207 1181; x_wconf 87' lang='lat' dir='ltr'><strong>ris,</strong></span> <span class='ocrx_word' id='word_1_56' title='bbox 221 1123 251 1168; x_wconf 88' lang='lat' dir='ltr'><strong>ut</strong></span> <span class='ocrx_word' id='word_1_57' title='bbox 264 1133 314 1168; x_wconf 85' lang='lat' dir='ltr'><strong>uos</strong></span> <span class='ocrx_word' id='word_1_58' title='bbox 328 1118 459 1182; x_wconf 80' lang='lat' dir='ltr'><strong>dicimus,</strong></span> <span class='ocrx_word' id='word_1_59' title='bbox 476 1135 493 1169; x_wconf 91' lang='lat' dir='ltr'><strong>e</strong></span> <span class='ocrx_word' id='word_1_60' title='bbox 508 1120 640 1171; x_wconf 79' lang='lat' dir='ltr'><strong>Potidaea</strong></span> <span class='ocrx_word' id='word_1_61' title='bbox 654 1137 694 1173; x_wconf 90' lang='lat' dir='ltr'><strong>re·</strong></span> 
     </span>
     <span class='ocr_line' id='line_1_9' title="bbox 151 1189 694 1256; baseline 0.006 -18"><span class='ocrx_word' id='word_1_62' title='bbox 151 1193 237 1239; x_wconf 69' lang='lat' dir='ltr'><strong>mote·</strong></span> <span class='ocrx_word' id='word_1_63' title='bbox 264 1189 341 1250; x_wconf 81' lang='lat' dir='ltr'><strong>Quae</strong></span> <span class='ocrx_word' id='word_1_64' title='bbox 357 1204 418 1253; x_wconf 88' lang='lat' dir='ltr'><strong>cum</strong></span> <span class='ocrx_word' id='word_1_65' title='bbox 430 1189 458 1239; x_wconf 92' lang='lat' dir='ltr'><strong>in</strong></span> <span class='ocrx_word' id='word_1_66' title='bbox 475 1189 545 1241; x_wconf 90' lang='lat' dir='ltr'><strong>bello</strong></span> <span class='ocrx_word' id='word_1_67' title='bbox 560 1192 694 1256; x_wconf 89' lang='lat' dir='ltr'><strong>Pelopon·</strong></span> 
     </span>
     <span class='ocr_line' id='line_1_10' title="bbox 149 1257 694 1323; baseline 0.004 -15"><span class='ocrx_word' id='word_1_68' title='bbox 149 1258 264 1309; x_wconf 90' lang='lat' dir='ltr'><strong>nesieco</strong></span> <span class='ocrx_word' id='word_1_69' title='bbox 292 1257 437 1323; x_wconf 72' lang='lat' dir='ltr'><strong>aliquoties</strong></span> <span class='ocrx_word' id='word_1_70' title='bbox 461 1267 694 1323; x_wconf 79' lang='lat' dir='ltr'>commemoretur,</span> 
     </span>
     <span class='ocr_line' id='line_1_11' title="bbox 147 1330 695 1394; baseline 0.005 -16"><span class='ocrx_word' id='word_1_71' title='bbox 147 1332 249 1394; x_wconf 81' lang='lat' dir='ltr'><strong>postea</strong></span> <span class='ocrx_word' id='word_1_72' title='bbox 261 1342 423 1393; x_wconf 76' lang='lat' dir='ltr'>magnopere</span> <span class='ocrx_word' id='word_1_73' title='bbox 436 1336 518 1379; x_wconf 82' lang='lat' dir='ltr'><strong>aucta</strong></span> <span class='ocrx_word' id='word_1_74' title='bbox 533 1330 595 1393; x_wconf 89' lang='lat' dir='ltr'><strong>diu,</strong></span> <span class='ocrx_word' id='word_1_75' title='bbox 611 1336 695 1381; x_wconf 88' lang='lat' dir='ltr'><strong>utse·</strong></span> 
     </span>
     <span class='ocr_line' id='line_1_12' title="bbox 150 1398 695 1462; baseline 0.004 -15"><span class='ocrx_word' id='word_1_76' title='bbox 150 1400 189 1447; x_wconf 85' lang='lat' dir='ltr'><strong>tis</strong></span> <span class='ocrx_word' id='word_1_77' title='bbox 202 1398 341 1462; x_wconf 80' lang='lat' dir='ltr'><strong>cognitum</strong></span> <span class='ocrx_word' id='word_1_78' title='bbox 355 1404 411 1461; x_wconf 88' lang='lat' dir='ltr'><strong>est,</strong></span> <span class='ocrx_word' id='word_1_79' title='bbox 425 1401 528 1449; x_wconf 81' lang='lat' dir='ltr'><strong>restitit</strong></span> <span class='ocrx_word' id='word_1_80' title='bbox 541 1404 568 1451; x_wconf 87' lang='lat' dir='ltr'><strong>et</strong></span> <span class='ocrx_word' id='word_1_81' title='bbox 577 1401 695 1451; x_wconf 79' lang='lat' dir='ltr'><strong>Laconi·</strong></span> 
     </span>
     <span class='ocr_line' id='line_1_13' title="bbox 149 1465 694 1531; baseline 0 -13"><span class='ocrx_word' id='word_1_82' title='bbox 149 1469 202 1518; x_wconf 89' lang='lat' dir='ltr'><strong>hus</strong></span> <span class='ocrx_word' id='word_1_83' title='bbox 218 1472 247 1516; x_wconf 87' lang='lat' dir='ltr'><strong>et</strong></span> <span class='ocrx_word' id='word_1_84' title='bbox 264 1465 476 1531; x_wconf 75' lang='lat' dir='ltr'><strong>Macedonibus,</strong></span> <span class='ocrx_word' id='word_1_85' title='bbox 498 1470 583 1520; x_wconf 87' lang='lat' dir='ltr'><strong>donec</strong></span> <span class='ocrx_word' id='word_1_86' title='bbox 602 1486 619 1519; x_wconf 92' lang='lat' dir='ltr'><strong>a</strong></span> <span class='ocrx_word' id='word_1_87' title='bbox 631 1470 694 1521; x_wconf 82' lang='lat' dir='ltr'><strong>Pti-</strong></span> 
     </span>
    </p>
   </div>
   <div class='ocr_carea' id='block_1_5' title="bbox 121 1538 693 2300">
    <p class='ocr_par' dir='ltr' id='par_1_6' title="bbox 121 1538 693 2300">
     <span class='ocr_line' id='line_1_14' title="bbox 121 1538 692 1603; baseline 0 -16"><span class='ocrx_word' id='word_1_88' title='bbox 121 1550 125 1559; x_wconf 81' lang='grc'><strong>“</strong></span> <span class='ocrx_word' id='word_1_89' title='bbox 147 1538 328 1602; x_wconf 84' lang='lat' dir='ltr'><strong>lippocepte</strong></span> <span class='ocrx_word' id='word_1_90' title='bbox 346 1538 491 1603; x_wconf 77' lang='lat' dir='ltr'><strong>ecdirute</strong></span> <span class='ocrx_word' id='word_1_91' title='bbox 512 1546 569 1602; x_wconf 89' lang='lat' dir='ltr'><strong>est,</strong></span> <span class='ocrx_word' id='word_1_92' title='bbox 594 1538 692 1590; x_wconf 88' lang='lat' dir='ltr'><strong>incolis</strong></span> 
     </span>
     <span class='ocr_line' id='line_1_15' title="bbox 149 1606 691 1663; baseline 0.002 -6"><span class='ocrx_word' id='word_1_93' title='bbox 149 1608 196 1659; x_wconf 81' lang='lat' dir='ltr'><strong>vel</strong></span> <span class='ocrx_word' id='word_1_94' title='bbox 213 1606 341 1657; x_wconf 80' lang='lat' dir='ltr'><strong>abductis</strong></span> <span class='ocrx_word' id='word_1_95' title='bbox 360 1606 403 1657; x_wconf 90' lang='lat' dir='ltr'><strong>vel</strong></span> <span class='ocrx_word' id='word_1_96' title='bbox 421 1607 550 1663; x_wconf 86' lang='lat' dir='ltr'><strong>venditis.</strong></span> <span class='ocrx_word' id='word_1_97' title='bbox 589 1609 628 1659; x_wconf 77' lang='lat' dir='ltr'><strong>Ac</strong></span> <span class='ocrx_word' id='word_1_98' title='bbox 645 1609 691 1659; x_wconf 86' lang='lat' dir='ltr'><strong>vix</strong></span> 
     </span>
     <span class='ocr_line' id='line_1_16' title="bbox 148 1675 692 1740; baseline 0.002 -12"><span class='ocrx_word' id='word_1_99' title='bbox 148 1677 209 1728; x_wconf 82' lang='lat' dir='ltr'><strong>ulle</strong></span> <span class='ocrx_word' id='word_1_100' title='bbox 221 1675 337 1740; x_wconf 81' lang='lat' dir='ltr'><strong>emplius</strong></span> <span class='ocrx_word' id='word_1_101' title='bbox 350 1677 412 1725; x_wconf 90' lang='lat' dir='ltr'><strong>iude</strong></span> <span class='ocrx_word' id='word_1_102' title='bbox 425 1678 500 1728; x_wconf 89' lang='lat' dir='ltr'><strong>urbis</strong></span> <span class='ocrx_word' id='word_1_103' title='bbox 513 1678 624 1729; x_wconf 85' lang='lat' dir='ltr'><strong>mentio.</strong></span> <span class='ocrx_word' id='word_1_104' title='bbox 649 1680 692 1729; x_wconf 85' lang='lat' dir='ltr'><strong>Tu</strong></span> 
     </span>
     <span class='ocr_line' id='line_1_17' title="bbox 147 1746 691 1813; baseline 0.004 -17"><span class='ocrx_word' id='word_1_105' title='bbox 147 1747 207 1796; x_wconf 82' lang='lat' dir='ltr'><strong>vid.</strong></span> <span class='ocrx_word' id='word_1_106' title='bbox 227 1748 364 1799; x_wconf 84' lang='lat' dir='ltr'><strong>Meuuert.</strong></span> <span class='ocrx_word' id='word_1_107' title='bbox 382 1746 444 1796; x_wconf 90' lang='lat' dir='ltr'>v11.</span> <span class='ocrx_word' id='word_1_108' title='bbox 457 1763 518 1811; x_wconf 66' lang='grc' dir='ltr'><strong>ρος.</strong></span> <span class='ocrx_word' id='word_1_109' title='bbox 534 1747 585 1798; x_wconf 76' lang='lat' dir='ltr'><strong>roo</strong></span> <span class='ocrx_word' id='word_1_110' title='bbox 604 1763 691 1813; x_wconf 63' lang='lat' dir='ltr'><strong>seqq,</strong></span> 
     </span>
     <span class='ocr_line' id='line_1_18' title="bbox 148 1815 689 1883; baseline 0.004 -16"><span class='ocrx_word' id='word_1_111' title='bbox 148 1815 313 1867; x_wconf 78' lang='lat' dir='ltr'><strong>Tuschnolse</strong></span> <span class='ocrx_word' id='word_1_112' title='bbox 325 1816 360 1865; x_wconf 88' lang='lat' dir='ltr'><strong>ed</strong></span> <span class='ocrx_word' id='word_1_113' title='bbox 369 1816 433 1866; x_wconf 86' lang='lat' dir='ltr'><strong>Mel.</strong></span> <span class='ocrx_word' id='word_1_114' title='bbox 444 1817 481 1880; x_wconf 94' lang='lat' dir='ltr'><strong>II,</strong></span> <span class='ocrx_word' id='word_1_115' title='bbox 492 1819 508 1866; x_wconf 95' lang='grc'><strong>2</strong></span> <span class='ocrx_word' id='word_1_116' title='bbox 528 1821 553 1881; x_wconf 68' lang='lat'><strong>§-</strong></span> <span class='ocrx_word' id='word_1_117' title='bbox 563 1816 589 1867; x_wconf 87' lang='grc'><strong>9.</strong></span> <span class='ocrx_word' id='word_1_118' title='bbox 601 1833 627 1883; x_wconf 90' lang='lat' dir='ltr'><strong>p.</strong></span> <span class='ocrx_word' id='word_1_119' title='bbox 641 1819 689 1869; x_wconf 90' lang='grc'><strong>141</strong></span> 
     </span>
     <span class='ocr_line' id='line_1_19' title="bbox 148 1886 691 1950; baseline -0.002 -13"><span class='ocrx_word' id='word_1_120' title='bbox 148 1892 221 1937; x_wconf 90' lang='lat' dir='ltr'><strong>nott.</strong></span> <span class='ocrx_word' id='word_1_121' title='bbox 236 1900 331 1950; x_wconf 75' lang='lat' dir='ltr'><strong>exegg.</strong></span> <span class='ocrx_word' id='word_1_122' title='bbox 343 1889 371 1935; x_wconf 89' lang='lat' dir='ltr'><strong>et</strong></span> <span class='ocrx_word' id='word_1_123' title='bbox 386 1886 556 1950; x_wconf 87' lang='lat' dir='ltr'><strong>potissimum</strong></span> <span class='ocrx_word' id='word_1_124' title='bbox 571 1889 593 1937; x_wconf 87' lang='lat' dir='ltr'>V</span> <span class='ocrx_word' id='word_1_125' title='bbox 596 1887 691 1937; x_wconf 90' lang='lat' dir='ltr'><strong>oemel.</strong></span> 
     </span>
     <span class='ocr_line' id='line_1_20' title="bbox 146 1956 690 2022; baseline -0.002 -15"><span class='ocrx_word' id='word_1_126' title='bbox 146 1957 186 2007; x_wconf 89' lang='lat' dir='ltr'><strong>ad</strong></span> <span class='ocrx_word' id='word_1_127' title='bbox 200 1956 375 2006; x_wconf 86' lang='lat' dir='ltr'><strong>Demostheu.</strong></span> <span class='ocrx_word' id='word_1_128' title='bbox 389 1956 435 2005; x_wconf 87' lang='lat' dir='ltr'><strong>Or.</strong></span> <span class='ocrx_word' id='word_1_129' title='bbox 449 1956 566 2022; x_wconf 86' lang='lat' dir='ltr'><strong>Philipp.</strong></span> <span class='ocrx_word' id='word_1_130' title='bbox 582 1972 644 2021; x_wconf 79' lang='lat' dir='ltr'><strong>pag.</strong></span> <span class='ocrx_word' id='word_1_131' title='bbox 661 1958 690 2006; x_wconf 84' lang='grc'><strong>12</strong></span> 
     </span>
     <span class='ocr_line' id='line_1_21' title="bbox 147 2023 691 2090; baseline 0 -14"><span class='ocrx_word' id='word_1_132' title='bbox 147 2041 228 2090; x_wconf 83' lang='lat' dir='ltr'><strong>seqq.</strong></span> <span class='ocrx_word' id='word_1_133' title='bbox 248 2023 282 2075; x_wconf 77' lang='lat'><strong>23</strong></span> <span class='ocrx_word' id='word_1_134' title='bbox 299 2039 376 2089; x_wconf 88' lang='lat' dir='ltr'><strong>seqq.</strong></span> <span class='ocrx_word' id='word_1_135' title='bbox 396 2025 540 2076; x_wconf 72' lang='lat' dir='ltr'><strong>lot-loe.</strong></span> <span class='ocrx_word' id='word_1_136' title='bbox 576 2026 691 2090; x_wconf 80' lang='lat' dir='ltr'><strong>Reliqua</strong></span> 
     </span>
     <span class='ocr_line' id='line_1_22' title="bbox 148 2094 693 2159; baseline 0 -14"><span class='ocrx_word' id='word_1_137' title='bbox 148 2095 232 2145; x_wconf 85' lang='lat' dir='ltr'><strong>debit</strong></span> <span class='ocrx_word' id='word_1_138' title='bbox 241 2094 386 2159; x_wconf 80' lang='lat' dir='ltr'><strong>Forbiger:</strong></span> <span class='ocrx_word' id='word_1_139' title='bbox 404 2094 514 2145; x_wconf 86' lang='lat' dir='ltr'><strong>Haudb.</strong></span> <span class='ocrx_word' id='word_1_140' title='bbox 524 2097 548 2145; x_wconf 86' lang='lat' dir='ltr'><strong>d.</strong></span> <span class='ocrx_word' id='word_1_141' title='bbox 562 2094 610 2145; x_wconf 89' lang='lat' dir='ltr'><strong>elt.</strong></span> <span class='ocrx_word' id='word_1_142' title='bbox 621 2096 693 2146; x_wconf 87' lang='lat' dir='ltr'><strong>Geo-</strong></span> 
     </span>
     <span class='ocr_line' id='line_1_23' title="bbox 147 2164 692 2231; baseline 0.004 -19"><span class='ocrx_word' id='word_1_143' title='bbox 147 2164 247 2231; x_wconf 79' lang='lat' dir='ltr'><strong>grsph.</strong></span> <span class='ocrx_word' id='word_1_144' title='bbox 260 2164 313 2214; x_wconf 89' lang='lat'><strong>111.</strong></span> <span class='ocrx_word' id='word_1_145' title='bbox 326 2179 390 2229; x_wconf 81' lang='lat' dir='ltr'><strong>peg.</strong></span> <span class='ocrx_word' id='word_1_146' title='bbox 409 2164 484 2218; x_wconf 88' lang='grc'><strong>1664,</strong></span> <span class='ocrx_word' id='word_1_147' title='bbox 511 2167 605 2216; x_wconf 80' lang='lat' dir='ltr'><strong>Peuce</strong></span> <span class='ocrx_word' id='word_1_148' title='bbox 620 2165 692 2214; x_wconf 91' lang='lat' dir='ltr'><strong>enti·</strong></span> 
     </span>
     <span class='ocr_line' id='line_1_24' title="bbox 147 2233 692 2300; baseline 0 -16"><span class='ocrx_word' id='word_1_149' title='bbox 147 2249 221 2300; x_wconf 85' lang='lat' dir='ltr'><strong>qnae</strong></span> <span class='ocrx_word' id='word_1_150' title='bbox 230 2233 307 2283; x_wconf 87' lang='lat' dir='ltr'><strong>urbis</strong></span> <span class='ocrx_word' id='word_1_151' title='bbox 317 2235 437 2299; x_wconf 79' lang='lat' dir='ltr'><strong>vestigia</strong></span> <span class='ocrx_word' id='word_1_152' title='bbox 446 2234 535 2285; x_wconf 74' lang='lat' dir='ltr'><strong>adhue</strong></span> <span class='ocrx_word' id='word_1_153' title='bbox 545 2238 692 2299; x_wconf 78' lang='lat' dir='ltr'><strong>supersunt</strong></span> 
     </span>
    </p>
   </div>
   <div class='ocr_carea' id='block_1_6' title="bbox 742 1121 1340 1813">
    <p class='ocr_par' dir='ltr' id='par_1_7' title="bbox 743 1121 1340 1602">
     <span class='ocr_line' id='line_1_25' title="bbox 745 1121 1285 1185; baseline 0.007 -15"><span class='ocrx_word' id='word_1_154' title='bbox 745 1121 799 1185; x_wconf 84' lang='lat' dir='ltr'><strong>Cup</strong></span> <span class='ocrx_word' id='word_1_155' title='bbox 814 1123 928 1179; x_wconf 68' lang='lat' dir='ltr'><strong>Potisuu&#39;,⁸</strong></span> <span class='ocrx_word' id='word_1_156' title='bbox 944 1121 1000 1173; x_wconf 86' lang='lat' dir='ltr'><strong>vid.</strong></span> <span class='ocrx_word' id='word_1_157' title='bbox 1013 1121 1119 1174; x_wconf 76' lang='lat' dir='ltr'><strong>Leelse:</strong></span> <span class='ocrx_word' id='word_1_158' title='bbox 1131 1121 1244 1174; x_wconf 80' lang='lat' dir='ltr'><strong>&#39;l&#39;revels</strong></span> <span class='ocrx_word' id='word_1_159' title='bbox 1257 1123 1285 1174; x_wconf 93' lang='lat' dir='ltr'><strong>iu</strong></span> 
     </span>
     <span class='ocr_line' id='line_1_26' title="bbox 744 1190 1284 1258; baseline 0.002 -16"><span class='ocrx_word' id='word_1_160' title='bbox 744 1190 841 1242; x_wconf 85' lang='lat' dir='ltr'><strong>North.</strong></span> <span class='ocrx_word' id='word_1_161' title='bbox 857 1193 950 1244; x_wconf 83' lang='lat' dir='ltr'><strong>Greeo.</strong></span> <span class='ocrx_word' id='word_1_162' title='bbox 965 1191 1017 1242; x_wconf 94' lang='lat' dir='ltr'><strong>Ill.</strong></span> <span class='ocrx_word' id='word_1_163' title='bbox 1029 1207 1093 1258; x_wconf 86' lang='lat' dir='ltr'><strong>peg.</strong></span> <span class='ocrx_word' id='word_1_164' title='bbox 1107 1192 1155 1244; x_wconf 81' lang='grc'><strong>166</strong></span> <span class='ocrx_word' id='word_1_165' title='bbox 1168 1196 1195 1243; x_wconf 89' lang='lat' dir='ltr'><strong>et</strong></span> <span class='ocrx_word' id='word_1_166' title='bbox 1210 1193 1284 1243; x_wconf 85' lang='lat' dir='ltr'><strong>conl.</strong></span> 
     </span>
     <span class='ocr_line' id='line_1_27' title="bbox 743 1261 1283 1328; baseline 0.007 -19"><span class='ocrx_word' id='word_1_167' title='bbox 743 1261 891 1326; x_wconf 85' lang='lat' dir='ltr'><strong>Forbiger:</strong></span> <span class='ocrx_word' id='word_1_168' title='bbox 907 1262 1018 1311; x_wconf 86' lang='lat' dir='ltr'><strong>Hendb.</strong></span> <span class='ocrx_word' id='word_1_169' title='bbox 1032 1261 1056 1312; x_wconf 91' lang='lat' dir='ltr'><strong>d.</strong></span> <span class='ocrx_word' id='word_1_170' title='bbox 1070 1261 1118 1312; x_wconf 88' lang='lat' dir='ltr'><strong>elt.</strong></span> <span class='ocrx_word' id='word_1_171' title='bbox 1131 1261 1283 1328; x_wconf 76' lang='lat' dir='ltr'><strong>Geogreph.</strong></span> 
     </span>
     <span class='ocr_line' id='line_1_28' title="bbox 746 1322 1286 1397; baseline 0.002 -17"><span class='ocrx_word' id='word_1_172' title='bbox 746 1329 798 1382; x_wconf 88' lang='grc' dir='ltr'><strong>ΙΙΙ.</strong></span> <span class='ocrx_word' id='word_1_173' title='bbox 812 1347 874 1396; x_wconf 80' lang='lat' dir='ltr'><strong>pag¹</strong></span> <span class='ocrx_word' id='word_1_174' title='bbox 891 1330 966 1383; x_wconf 76' lang='lat'><strong>1054.</strong></span> <span class='ocrx_word' id='word_1_175' title='bbox 994 1333 1026 1381; x_wconf 91' lang='lat' dir='ltr'><strong>ln</strong></span> <span class='ocrx_word' id='word_1_176' title='bbox 1040 1348 1117 1397; x_wconf 89' lang='lat' dir='ltr'><strong>seqq.</strong></span> <span class='ocrx_word' id='word_1_177' title='bbox 1130 1322 1222 1396; x_wconf 76' lang='grc' dir='ltr'><em>ἀνέχει</em></span> <span class='ocrx_word' id='word_1_178' title='bbox 1237 1348 1286 1381; x_wconf 85' lang='lat' dir='ltr'><strong>vs-</strong></span> 
     </span>
     <span class='ocr_line' id='line_1_29' title="bbox 744 1399 1340 1466; baseline 0.003 -17"><span class='ocrx_word' id='word_1_179' title='bbox 744 1399 795 1450; x_wconf 91' lang='lat' dir='ltr'><strong>let:</strong></span> <span class='ocrx_word' id='word_1_180' title='bbox 812 1402 948 1466; x_wconf 82' lang='lat' dir='ltr'><strong>prominet,</strong></span> <span class='ocrx_word' id='word_1_181' title='bbox 958 1406 1104 1464; x_wconf 67' lang='lat' dir='ltr'><strong>procurrit,</strong></span> <span class='ocrx_word' id='word_1_182' title='bbox 1127 1402 1284 1466; x_wconf 90' lang='lat' dir='ltr'><strong>quoeodem</strong></span> <span class='ocrx_word' id='word_1_183' title='bbox 1337 1452 1340 1461; x_wconf 75' lang='grc'>,</span> 
     </span>
     <span class='ocr_line' id='line_1_30' title="bbox 744 1470 1283 1536; baseline 0.002 -17"><span class='ocrx_word' id='word_1_184' title='bbox 744 1484 826 1519; x_wconf 88' lang='lat' dir='ltr'><strong>seusu</strong></span> <span class='ocrx_word' id='word_1_185' title='bbox 845 1470 946 1534; x_wconf 82' lang='lat' dir='ltr'><strong>legitur</strong></span> <span class='ocrx_word' id='word_1_186' title='bbox 965 1471 1038 1534; x_wconf 88' lang='lat' dir='ltr'><strong>apud</strong></span> <span class='ocrx_word' id='word_1_187' title='bbox 1057 1470 1244 1533; x_wconf 67' lang='lat' dir='ltr'><strong>Thucydidem</strong></span> <span class='ocrx_word' id='word_1_188' title='bbox 1260 1470 1283 1536; x_wconf 87' lang='lat'><strong>1,</strong></span> 
     </span>
     <span class='ocr_line' id='line_1_31' title="bbox 744 1538 1103 1602; baseline 0.006 -14"><span class='ocrx_word' id='word_1_189' title='bbox 744 1540 787 1588; x_wconf 91' lang='grc'><strong>46.</strong></span> <span class='ocrx_word' id='word_1_190' title='bbox 804 1538 850 1602; x_wconf 87' lang='lat' dir='ltr'><strong>lV,</strong></span> <span class='ocrx_word' id='word_1_191' title='bbox 864 1538 971 1591; x_wconf 78' lang='lat'><strong>530011.</strong></span> <span class='ocrx_word' id='word_1_192' title='bbox 984 1538 1103 1601; x_wconf 80' lang='lat' dir='ltr'><strong>v11,34.</strong></span> 
     </span>
    </p>

    <p class='ocr_par' dir='ltr' id='par_1_8' title="bbox 742 1597 1284 1813">
     <span class='ocr_line' id='line_1_32' title="bbox 776 1597 1284 1673; baseline 0.006 -17"><span class='ocrx_word' id='word_1_193' title='bbox 776 1597 807 1656; x_wconf 70' lang='lat' dir='ltr'><strong>ln</strong></span> <span class='ocrx_word' id='word_1_194' title='bbox 820 1605 989 1673; x_wconf 79' lang='grc' dir='ltr'><em>Ποτιδαίης]</em></span> <span class='ocrx_word' id='word_1_195' title='bbox 1011 1609 1136 1659; x_wconf 81' lang='lat' dir='ltr'><strong>Potidaea</strong></span> <span class='ocrx_word' id='word_1_196' title='bbox 1150 1607 1184 1659; x_wconf 90' lang='lat' dir='ltr'><strong>ab</strong></span> <span class='ocrx_word' id='word_1_197' title='bbox 1201 1607 1284 1672; x_wconf 80' lang='lat' dir='ltr'><strong>Olyn-</strong></span> 
     </span>
     <span class='ocr_line' id='line_1_33' title="bbox 743 1677 1283 1743; baseline 0.009 -18"><span class='ocrx_word' id='word_1_198' title='bbox 743 1677 805 1741; x_wconf 88' lang='lat' dir='ltr'><strong>tho,</strong></span> <span class='ocrx_word' id='word_1_199' title='bbox 829 1683 860 1729; x_wconf 90' lang='lat' dir='ltr'><strong>ut</strong></span> <span class='ocrx_word' id='word_1_200' title='bbox 876 1678 1007 1743; x_wconf 80' lang='lat' dir='ltr'><strong>diximus,</strong></span> <span class='ocrx_word' id='word_1_201' title='bbox 1034 1678 1178 1743; x_wconf 83' lang='lat' dir='ltr'><strong>sexaginta</strong></span> <span class='ocrx_word' id='word_1_202' title='bbox 1200 1678 1283 1730; x_wconf 88' lang='lat' dir='ltr'><strong>ferme</strong></span> 
     </span>
     <span class='ocr_line' id='line_1_34' title="bbox 742 1746 1283 1813; baseline 0.002 -15"><span class='ocrx_word' id='word_1_203' title='bbox 742 1746 841 1798; x_wconf 82' lang='lat' dir='ltr'><strong>stadiis</strong></span> <span class='ocrx_word' id='word_1_204' title='bbox 868 1747 973 1804; x_wconf 81' lang='lat' dir='ltr'><strong>abluit,</strong></span> <span class='ocrx_word' id='word_1_205' title='bbox 1012 1750 1040 1798; x_wconf 92' lang='lat' dir='ltr'><strong>in</strong></span> <span class='ocrx_word' id='word_1_206' title='bbox 1070 1749 1129 1813; x_wconf 87' lang='lat' dir='ltr'><strong>ipso</strong></span> <span class='ocrx_word' id='word_1_207' title='bbox 1157 1746 1283 1799; x_wconf 84' lang='lat' dir='ltr'><strong>Pallenes</strong></span> 
     </span>
    </p>
   </div>
   <div class='ocr_carea' id='block_1_7' title="bbox 741 1815 1282 1951">
    <p class='ocr_par' dir='ltr' id='par_1_9' title="bbox 741 1815 1282 1951">
     <span class='ocr_line' id='line_1_35' title="bbox 741 1815 1282 1877; baseline 0.004 -12"><span class='ocrx_word' id='word_1_208' title='bbox 741 1815 841 1867; x_wconf 91' lang='lat' dir='ltr'><strong>isthmo</strong></span> <span class='ocrx_word' id='word_1_209' title='bbox 864 1832 880 1866; x_wconf 85' lang='lat' dir='ltr'><strong>n</strong></span> <span class='ocrx_word' id='word_1_210' title='bbox 902 1815 1052 1868; x_wconf 86' lang='lat' dir='ltr'><strong>Corinthiis</strong></span> <span class='ocrx_word' id='word_1_211' title='bbox 1070 1816 1199 1877; x_wconf 87' lang='lat' dir='ltr'><strong>condite,</strong></span> <span class='ocrx_word' id='word_1_212' title='bbox 1221 1816 1282 1867; x_wconf 91' lang='lat' dir='ltr'><strong>loco</strong></span> 
     </span>
     <span class='ocr_line' id='line_1_36' title="bbox 741 1885 1282 1951; baseline 0.004 -16"><span class='ocrx_word' id='word_1_213' title='bbox 741 1902 870 1951; x_wconf 82' lang='lat' dir='ltr'><strong>perquam</strong></span> <span class='ocrx_word' id='word_1_214' title='bbox 885 1890 1052 1951; x_wconf 88' lang='lat' dir='ltr'><strong>opportuno,</strong></span> <span class='ocrx_word' id='word_1_215' title='bbox 1070 1885 1282 1937; x_wconf 83' lang='lat' dir='ltr'><strong>Atheniensibus</strong></span> 
     </span>
    </p>
   </div>
   <div class='ocr_carea' id='block_1_8' title="bbox 742 1954 1282 2160">
    <p class='ocr_par' dir='ltr' id='par_1_10' title="bbox 742 1954 1282 2160">
     <span class='ocr_line' id='line_1_37' title="bbox 742 1954 1280 2021; baseline 0.004 -17"><span class='ocrx_word' id='word_1_216' title='bbox 742 1962 838 2020; x_wconf 83' lang='lat' dir='ltr'><strong>postes</strong></span> <span class='ocrx_word' id='word_1_217' title='bbox 848 1957 1016 2017; x_wconf 75' lang='lat' dir='ltr'><strong>consociata,</strong></span> <span class='ocrx_word' id='word_1_218' title='bbox 1026 1972 1042 2006; x_wconf 88' lang='lat' dir='ltr'><strong>e</strong></span> <span class='ocrx_word' id='word_1_219' title='bbox 1052 1956 1148 2021; x_wconf 86' lang='lat' dir='ltr'><strong>quibus</strong></span> <span class='ocrx_word' id='word_1_220' title='bbox 1158 1954 1223 2006; x_wconf 88' lang='lat' dir='ltr'><strong>belli</strong></span> <span class='ocrx_word' id='word_1_221' title='bbox 1233 1957 1280 2006; x_wconf 92' lang='lat' dir='ltr'><strong>Pe·</strong></span> 
     </span>
     <span class='ocr_line' id='line_1_38' title="bbox 742 2024 1282 2089; baseline 0.006 -16"><span class='ocrx_word' id='word_1_222' title='bbox 742 2024 930 2089; x_wconf 83' lang='lat' dir='ltr'><strong>loponnesiaci</strong></span> <span class='ocrx_word' id='word_1_223' title='bbox 950 2026 1029 2076; x_wconf 88' lang='lat' dir='ltr'><strong>initio</strong></span> <span class='ocrx_word' id='word_1_224' title='bbox 1049 2025 1159 2076; x_wconf 87' lang='lat' dir='ltr'><strong>defecit.</strong></span> <span class='ocrx_word' id='word_1_225' title='bbox 1199 2024 1282 2076; x_wconf 83' lang='lat' dir='ltr'><strong>Cuius</strong></span> 
     </span>
     <span class='ocr_line' id='line_1_39' title="bbox 743 2092 1281 2160; baseline 0.002 -17"><span class='ocrx_word' id='word_1_226' title='bbox 743 2110 812 2159; x_wconf 85' lang='lat' dir='ltr'><strong>qnae</strong></span> <span class='ocrx_word' id='word_1_227' title='bbox 826 2094 927 2144; x_wconf 90' lang='lat' dir='ltr'><strong>luerint</strong></span> <span class='ocrx_word' id='word_1_228' title='bbox 942 2094 1015 2158; x_wconf 85' lang='lat' dir='ltr'><strong>lete,</strong></span> <span class='ocrx_word' id='word_1_229' title='bbox 1031 2095 1118 2145; x_wconf 88' lang='lat' dir='ltr'><strong>donec</strong></span> <span class='ocrx_word' id='word_1_230' title='bbox 1129 2092 1281 2160; x_wconf 91' lang='lat' dir='ltr'><strong>ePhilippo</strong></span> 
     </span>
    </p>
   </div>
   <div class='ocr_carea' id='block_1_9' title="bbox 740 2163 1282 2230">
    <p class='ocr_par' dir='ltr' id='par_1_11' title="bbox 740 2163 1282 2230">
     <span class='ocr_line' id='line_1_40' title="bbox 740 2163 1282 2230; baseline 0.004 -17"><span class='ocrx_word' id='word_1_231' title='bbox 740 2163 895 2215; x_wconf 84' lang='lat' dir='ltr'><strong>Macedone</strong></span> <span class='ocrx_word' id='word_1_232' title='bbox 911 2170 992 2230; x_wconf 85' lang='lat' dir='ltr'><strong>capta</strong></span> <span class='ocrx_word' id='word_1_233' title='bbox 1016 2179 1049 2214; x_wconf 85' lang='lat' dir='ltr'><strong>ao</strong></span> <span class='ocrx_word' id='word_1_234' title='bbox 1072 2163 1163 2214; x_wconf 84' lang='lat' dir='ltr'><strong>diruta</strong></span> <span class='ocrx_word' id='word_1_235' title='bbox 1185 2170 1282 2229; x_wconf 86' lang='lat' dir='ltr'><strong>postes</strong></span> 
     </span>
    </p>
   </div>
   <div class='ocr_carea' id='block_1_10' title="bbox 741 2232 1282 2296">
    <p class='ocr_par' dir='ltr' id='par_1_12' title="bbox 741 2232 1282 2296">
     <span class='ocr_line' id='line_1_41' title="bbox 741 2232 1282 2296; baseline 0 -12"><span class='ocrx_word' id='word_1_236' title='bbox 741 2234 891 2285; x_wconf 84' lang='lat' dir='ltr'><strong>resurrexit</strong></span> <span class='ocrx_word' id='word_1_237' title='bbox 904 2235 1012 2285; x_wconf 90' lang='lat' dir='ltr'><strong>nomine</strong></span> <span class='ocrx_word' id='word_1_238' title='bbox 1025 2234 1209 2296; x_wconf 79' lang='lat' dir='ltr'><strong>Cussondrioe,</strong></span> <span class='ocrx_word' id='word_1_239' title='bbox 1230 2232 1282 2284; x_wconf 89' lang='lat' dir='ltr'><strong>hoc</strong></span> 
     </span>
    </p>
   </div>
   <div class='ocr_carea' id='block_1_11' title="bbox 142 2302 1375 4458">
    <p class='ocr_par' dir='ltr' id='par_1_13' title="bbox 142 2302 1375 4458">
     <span class='ocr_line' id='line_1_42' title="bbox 741 2302 1282 2368; baseline 0.004 -16"><span class='ocrx_word' id='word_1_240' title='bbox 741 2302 802 2353; x_wconf 89' lang='lat' dir='ltr'><strong>loco</strong></span> <span class='ocrx_word' id='word_1_241' title='bbox 827 2303 979 2368; x_wconf 82' lang='lat' dir='ltr'><strong>disquirere</strong></span> <span class='ocrx_word' id='word_1_242' title='bbox 1002 2319 1057 2353; x_wconf 92' lang='lat' dir='ltr'><strong>uon</strong></span> <span class='ocrx_word' id='word_1_243' title='bbox 1082 2306 1174 2354; x_wconf 84' lang='lat' dir='ltr'><strong>vacat.</strong></span> <span class='ocrx_word' id='word_1_244' title='bbox 1214 2303 1282 2354; x_wconf 88' lang='lat' dir='ltr'><strong>Inde</strong></span> 
     </span>
     <span class='ocr_line' id='line_1_43' title="bbox 739 2371 1280 2438; baseline 0.006 -16"><span class='ocrx_word' id='word_1_245' title='bbox 739 2372 875 2437; x_wconf 82' lang='lat' dir='ltr'><strong>Isthmus,</strong></span> <span class='ocrx_word' id='word_1_246' title='bbox 888 2374 915 2423; x_wconf 91' lang='lat' dir='ltr'><strong>iu</strong></span> <span class='ocrx_word' id='word_1_247' title='bbox 929 2390 982 2438; x_wconf 89' lang='lat' dir='ltr'><strong>quo</strong></span> <span class='ocrx_word' id='word_1_248' title='bbox 994 2373 1059 2423; x_wconf 89' lang='lat' dir='ltr'><strong>urbe</strong></span> <span class='ocrx_word' id='word_1_249' title='bbox 1070 2374 1208 2423; x_wconf 77' lang='lat' dir='ltr'><strong>&#39;exstructa</strong></span> <span class='ocrx_word' id='word_1_250' title='bbox 1217 2371 1280 2425; x_wconf 84' lang='lat' dir='ltr'><strong>fuit.</strong></span> 
     </span>
     <span class='ocr_line' id='line_1_44' title="bbox 741 2433 1281 2521; baseline -0.002 -29"><span class='ocrx_word' id='word_1_251' title='bbox 741 2442 830 2520; x_wconf 80' lang='lat' dir='ltr'><strong>edhuc</strong></span> <span class='ocrx_word' id='word_1_252' title='bbox 849 2447 965 2493; x_wconf 88' lang='lat' dir='ltr'><strong>vocatur</strong></span> <span class='ocrx_word' id='word_1_253' title='bbox 976 2444 1140 2521; x_wconf 64' lang='lat' dir='ltr'><strong>Cessumlrae</strong></span> <span class='ocrx_word' id='word_1_254' title='bbox 1154 2453 1230 2505; x_wconf 81' lang='lat' dir='ltr'><strong>porto</strong></span> <span class='ocrx_word' id='word_1_255' title='bbox 1251 2433 1281 2506; x_wconf 80' lang='grc' dir='ltr'><strong>(ἡ</strong></span> 
     </span>
     <span class='ocr_line' id='line_1_45' title="bbox 396 2509 1283 2647; baseline -0.004 -13.354"><span class='ocrx_word' id='word_1_256' title='bbox 396 2543 523 2598; x_wconf 61' lang='grc' dir='ltr'><em>νυν</em></span> <span class='ocrx_word' id='word_1_257' title='bbox 740 2509 1283 2647; x_wconf 61' lang='lat' dir='ltr'><strong>iterunturtureus</strong></span> 
     </span>
     <span class='ocr_line' id='line_1_46' title="bbox 187 2621 1284 2715; baseline 0.001 -16"><span class='ocrx_word' id='word_1_258' title='bbox 187 2640 355 2712; x_wconf 72' lang='grc' dir='ltr'><em>συντάμνων</em></span> <span class='ocrx_word' id='word_1_259' title='bbox 372 2640 424 2698; x_wconf 76' lang='grc' dir='ltr'><strong>ἀπ’</strong></span> <span class='ocrx_word' id='word_1_260' title='bbox 444 2638 576 2713; x_wconf 72' lang='grc' dir='ltr'><em>Ἀμπέλου</em></span> <span class='ocrx_word' id='word_1_261' title='bbox 600 2636 691 2712; x_wconf 74' lang='grc' dir='ltr'><em>ἄκρης</em></span> <span class='ocrx_word' id='word_1_262' title='bbox 740 2657 791 2714; x_wconf 84' lang='lat' dir='ltr'><strong>est,</strong></span> <span class='ocrx_word' id='word_1_263' title='bbox 807 2621 978 2701; x_wconf 75' lang='lat' dir='ltr'><strong>Kussahdlua</strong></span> <span class='ocrx_word' id='word_1_264' title='bbox 992 2666 1064 2701; x_wconf 87' lang='lat' dir='ltr'><strong>nunc</strong></span> <span class='ocrx_word' id='word_1_265' title='bbox 1077 2650 1231 2715; x_wconf 82' lang='lat' dir='ltr'><strong>appelletur</strong></span> <span class='ocrx_word' id='word_1_266' title='bbox 1243 2655 1284 2700; x_wconf 88' lang='lat' dir='ltr'><strong>te·</strong></span> 
     </span>
     <span class='ocr_line' id='line_1_47' title="bbox 144 2708 1281 2784; baseline -0.002 -15"><span class='ocrx_word' id='word_1_267' title='bbox 144 2712 197 2770; x_wconf 71' lang='lat' dir='ltr'><strong>tut</strong></span> <span class='ocrx_word' id='word_1_268' title='bbox 214 2709 416 2781; x_wconf 77' lang='grc' dir='ltr'><em>Κυνάστριιιον</em></span> <span class='ocrx_word' id='word_1_269' title='bbox 434 2708 539 2784; x_wconf 75' lang='grc' dir='ltr'><em>ἄκρην]</em></span> <span class='ocrx_word' id='word_1_270' title='bbox 563 2718 604 2768; x_wconf 84' lang='lat' dir='ltr'><strong>Ad</strong></span> <span class='ocrx_word' id='word_1_271' title='bbox 626 2731 691 2766; x_wconf 85' lang='grc' dir='ltr'><em>ιον·</em></span> <span class='ocrx_word' id='word_1_272' title='bbox 739 2726 783 2770; x_wconf 88' lang='lat' dir='ltr'><strong>ste</strong></span> <span class='ocrx_word' id='word_1_273' title='bbox 797 2721 901 2770; x_wconf 83' lang='lat' dir='ltr'><strong>Leelrio</strong></span> <span class='ocrx_word' id='word_1_274' title='bbox 923 2719 940 2770; x_wconf 92' lang='lat' dir='ltr'><strong>l.</strong></span> <span class='ocrx_word' id='word_1_275' title='bbox 962 2721 978 2770; x_wconf 94' lang='lat' dir='ltr'><strong>l.</strong></span> <span class='ocrx_word' id='word_1_276' title='bbox 999 2720 1050 2772; x_wconf 90' lang='lat'><strong>111.</strong></span> <span class='ocrx_word' id='word_1_277' title='bbox 1075 2733 1136 2784; x_wconf 69' lang='grc' dir='ltr'><strong>ρος.</strong></span> <span class='ocrx_word' id='word_1_278' title='bbox 1157 2719 1205 2770; x_wconf 84' lang='grc'><strong>152</strong></span> <span class='ocrx_word' id='word_1_279' title='bbox 1223 2731 1281 2783; x_wconf 82' lang='grc' dir='ltr'><strong>ιοη.</strong></span> 
     </span>
     <span class='ocr_line' id='line_1_48' title="bbox 143 2779 1282 2854; baseline -0.001 -17"><span class='ocrx_word' id='word_1_280' title='bbox 143 2780 264 2854; x_wconf 76' lang='grc' dir='ltr'><em>τάμνων</em></span> <span class='ocrx_word' id='word_1_281' title='bbox 275 2797 363 2839; x_wconf 87' lang='lat' dir='ltr'><strong>mente</strong></span> <span class='ocrx_word' id='word_1_282' title='bbox 373 2788 460 2839; x_wconf 88' lang='lat' dir='ltr'><strong>eddes</strong></span> <span class='ocrx_word' id='word_1_283' title='bbox 470 2788 535 2837; x_wconf 87' lang='lat' dir='ltr'><strong>licet</strong></span> <span class='ocrx_word' id='word_1_284' title='bbox 546 2779 599 2852; x_wconf 79' lang='grc' dir='ltr'><em>τὴν</em></span> <span class='ocrx_word' id='word_1_285' title='bbox 610 2779 689 2848; x_wconf 78' lang='grc' dir='ltr'><em>ὁδὸν,</em></span> <span class='ocrx_word' id='word_1_286' title='bbox 738 2793 800 2841; x_wconf 89' lang='lat' dir='ltr'><strong>Non</strong></span> <span class='ocrx_word' id='word_1_287' title='bbox 813 2788 906 2854; x_wconf 86' lang='lat' dir='ltr'><strong>procul</strong></span> <span class='ocrx_word' id='word_1_288' title='bbox 919 2805 935 2838; x_wconf 84' lang='lat' dir='ltr'><strong>e</strong></span> <span class='ocrx_word' id='word_1_289' title='bbox 950 2792 1042 2840; x_wconf 86' lang='lat' dir='ltr'><strong>vetere</strong></span> <span class='ocrx_word' id='word_1_290' title='bbox 1055 2788 1190 2836; x_wconf 87' lang='lat' dir='ltr'><strong>Potidaee</strong></span> <span class='ocrx_word' id='word_1_291' title='bbox 1210 2802 1282 2837; x_wconf 90' lang='lat' dir='ltr'><strong>nunc</strong></span> 
     </span>
     <span class='ocr_line' id='line_1_49' title="bbox 145 2856 1281 2923; baseline -0.005 -12"><span class='ocrx_word' id='word_1_292' title='bbox 145 2857 690 2923; x_wconf 58' lang='lat' dir='ltr'><strong>uteitrprueor&#39;denssinimicus-evirant</strong></span> <span class='ocrx_word' id='word_1_293' title='bbox 739 2860 879 2909; x_wconf 84' lang='lat' dir='ltr'><strong>invenitur</strong></span> <span class='ocrx_word' id='word_1_294' title='bbox 909 2859 986 2908; x_wconf 83' lang='lat' dir='ltr'><strong>vicus</strong></span> <span class='ocrx_word' id='word_1_295' title='bbox 1009 2856 1118 2906; x_wconf 82' lang='lat' dir='ltr'><strong>Pinaka.</strong></span> <span class='ocrx_word' id='word_1_296' title='bbox 1160 2856 1202 2906; x_wconf 87' lang='lat' dir='ltr'><strong>Tu</strong></span> <span class='ocrx_word' id='word_1_297' title='bbox 1225 2856 1281 2905; x_wconf 79' lang='lat' dir='ltr'><strong>nid.</strong></span> 
     </span>
     <span class='ocr_line' id='line_1_50' title="bbox 143 2919 1281 2993; baseline -0.004 -13"><span class='ocrx_word' id='word_1_298' title='bbox 143 2929 191 2981; x_wconf 80' lang='lat' dir='ltr'><strong>oiri</strong></span> <span class='ocrx_word' id='word_1_299' title='bbox 212 2937 302 2986; x_wconf 68' lang='grc' dir='ltr'><em>οἰνος</em></span> <span class='ocrx_word' id='word_1_300' title='bbox 323 2928 394 2979; x_wconf 91' lang='lat' dir='ltr'><strong>unde</strong></span> <span class='ocrx_word' id='word_1_301' title='bbox 415 2919 448 2976; x_wconf 82' lang='grc' dir='ltr'><strong>τὸ</strong></span> <span class='ocrx_word' id='word_1_302' title='bbox 473 2919 689 2990; x_wconf 74' lang='grc' dir='ltr'><em>συντομώτατον</em></span> <span class='ocrx_word' id='word_1_303' title='bbox 740 2944 811 2993; x_wconf 85' lang='lat' dir='ltr'><strong>queo</strong></span> <span class='ocrx_word' id='word_1_304' title='bbox 829 2928 926 2977; x_wconf 86' lang='lat' dir='ltr'><strong>dohec</strong></span> <span class='ocrx_word' id='word_1_305' title='bbox 943 2924 1281 2977; x_wconf 84' lang='lat' dir='ltr'><strong>urbesttulerunthtte·</strong></span> 
     </span>
     <span class='ocr_line' id='line_1_51' title="bbox 143 2993 1281 3062; baseline -0.007 -11"><span class='ocrx_word' id='word_1_306' title='bbox 143 3000 212 3062; x_wconf 89' lang='lat' dir='ltr'><strong>VII,</strong></span> <span class='ocrx_word' id='word_1_307' title='bbox 225 2998 270 3048; x_wconf 79' lang='grc'><strong>121</strong></span> <span class='ocrx_word' id='word_1_308' title='bbox 286 2997 347 3047; x_wconf 88' lang='lat' dir='ltr'><strong>coll.</strong></span> <span class='ocrx_word' id='word_1_309' title='bbox 361 2998 395 3061; x_wconf 83' lang='lat' dir='ltr'><strong>V,</strong></span> <span class='ocrx_word' id='word_1_310' title='bbox 411 2996 452 3049; x_wconf 87' lang='grc'><strong>13,</strong></span> <span class='ocrx_word' id='word_1_311' title='bbox 481 2996 549 3046; x_wconf 74' lang='lat' dir='ltr'><strong>Add.</strong></span> <span class='ocrx_word' id='word_1_312' title='bbox 566 2996 629 3058; x_wconf 91' lang='lat' dir='ltr'><strong>Vll,</strong></span> <span class='ocrx_word' id='word_1_313' title='bbox 641 2997 690 3046; x_wconf 88' lang='grc'><strong>124</strong></span> <span class='ocrx_word' id='word_1_314' title='bbox 740 3013 784 3048; x_wconf 91' lang='lat' dir='ltr'><strong>rer</strong></span> <span class='ocrx_word' id='word_1_315' title='bbox 801 2996 819 3046; x_wconf 93' lang='lat' dir='ltr'><strong>l.</strong></span> <span class='ocrx_word' id='word_1_316' title='bbox 832 2995 850 3047; x_wconf 93' lang='lat' dir='ltr'><strong>l.</strong></span> <span class='ocrx_word' id='word_1_317' title='bbox 868 3013 929 3061; x_wconf 80' lang='lat' dir='ltr'><strong>pag.</strong></span> <span class='ocrx_word' id='word_1_318' title='bbox 944 2997 977 3048; x_wconf 77' lang='lat'><strong>95</strong></span> <span class='ocrx_word' id='word_1_319' title='bbox 991 3011 1063 3059; x_wconf 79' lang='lat' dir='ltr'><strong>seq,</strong></span> <span class='ocrx_word' id='word_1_320' title='bbox 1078 2993 1231 3045; x_wconf 83' lang='lat' dir='ltr'><strong>Tuschuck.</strong></span> <span class='ocrx_word' id='word_1_321' title='bbox 1245 2994 1281 3044; x_wconf 91' lang='lat' dir='ltr'><strong>ed</strong></span> 
     </span>
     <span class='ocr_line' id='line_1_52' title="bbox 144 3057 1280 3130; baseline -0.006 -9"><span class='ocrx_word' id='word_1_322' title='bbox 144 3075 178 3121; x_wconf 90' lang='lat' dir='ltr'><strong>et</strong></span> <span class='ocrx_word' id='word_1_323' title='bbox 191 3068 244 3130; x_wconf 85' lang='lat' dir='ltr'><strong>IX,</strong></span> <span class='ocrx_word' id='word_1_324' title='bbox 260 3068 308 3129; x_wconf 83' lang='lat'><strong>89,</strong></span> <span class='ocrx_word' id='word_1_325' title='bbox 325 3067 386 3118; x_wconf 90' lang='lat' dir='ltr'><strong>ubi:</strong></span> <span class='ocrx_word' id='word_1_326' title='bbox 414 3061 466 3129; x_wconf 77' lang='grc' dir='ltr'><em>τὴν</em></span> <span class='ocrx_word' id='word_1_327' title='bbox 479 3058 633 3129; x_wconf 79' lang='grc' dir='ltr'><em>μεσόγαιαν</em></span> <span class='ocrx_word' id='word_1_328' title='bbox 644 3057 691 3114; x_wconf 79' lang='grc' dir='ltr'><strong>ια’-</strong></span> <span class='ocrx_word' id='word_1_329' title='bbox 740 3066 803 3118; x_wconf 86' lang='lat' dir='ltr'><strong>Mel.</strong></span> <span class='ocrx_word' id='word_1_330' title='bbox 816 3066 889 3126; x_wconf 79' lang='lat'><strong>11,·2.</strong></span> <span class='ocrx_word' id='word_1_331' title='bbox 901 3069 925 3129; x_wconf 65' lang='lat'><strong>5.</strong></span> <span class='ocrx_word' id='word_1_332' title='bbox 941 3067 980 3116; x_wconf 88' lang='lat' dir='ltr'><strong>ll.</strong></span> <span class='ocrx_word' id='word_1_333' title='bbox 991 3081 1017 3130; x_wconf 91' lang='lat' dir='ltr'><strong>p.</strong></span> <span class='ocrx_word' id='word_1_334' title='bbox 1031 3064 1079 3115; x_wconf 87' lang='grc'><strong>153</strong></span> <span class='ocrx_word' id='word_1_335' title='bbox 1093 3069 1162 3115; x_wconf 89' lang='lat' dir='ltr'><strong>nott.</strong></span> <span class='ocrx_word' id='word_1_336' title='bbox 1173 3078 1280 3128; x_wconf 69' lang='lat' dir='ltr'><strong>exegg„</strong></span> 
     </span>
     <span class='ocr_line' id='line_1_53' title="bbox 142 3128 1279 3203; baseline -0.004 -17"><span class='ocrx_word' id='word_1_337' title='bbox 142 3152 228 3203; x_wconf 80' lang='grc' dir='ltr'><em>μνον</em></span> <span class='ocrx_word' id='word_1_338' title='bbox 242 3134 292 3202; x_wconf 76' lang='grc' dir='ltr'><strong>τῆς</strong></span> <span class='ocrx_word' id='word_1_339' title='bbox 304 3128 386 3198; x_wconf 71' lang='grc' dir='ltr'><em>ὁδοῦ,</em></span> <span class='ocrx_word' id='word_1_340' title='bbox 399 3137 453 3186; x_wconf 92' lang='lat' dir='ltr'><strong>nisi</strong></span> <span class='ocrx_word' id='word_1_341' title='bbox 464 3135 516 3185; x_wconf 91' lang='lat' dir='ltr'><strong>hoc</strong></span> <span class='ocrx_word' id='word_1_342' title='bbox 528 3136 620 3198; x_wconf 90' lang='lat' dir='ltr'><strong>potins</strong></span> <span class='ocrx_word' id='word_1_343' title='bbox 633 3140 689 3185; x_wconf 84' lang='lat' dir='ltr'><strong>est:</strong></span> <span class='ocrx_word' id='word_1_344' title='bbox 739 3139 874 3188; x_wconf 83' lang='lat' dir='ltr'><strong>Manuert.</strong></span> <span class='ocrx_word' id='word_1_345' title='bbox 886 3136 947 3185; x_wconf 90' lang='lat' dir='ltr'><strong>Vll.</strong></span> <span class='ocrx_word' id='word_1_346' title='bbox 963 3151 987 3198; x_wconf 88' lang='lat' dir='ltr'><strong>p.</strong></span> <span class='ocrx_word' id='word_1_347' title='bbox 997 3133 1049 3185; x_wconf 82' lang='grc'><strong>466</strong></span> <span class='ocrx_word' id='word_1_348' title='bbox 1060 3149 1146 3198; x_wconf 68' lang='lat' dir='ltr'><strong>seqq„</strong></span> <span class='ocrx_word' id='word_1_349' title='bbox 1159 3132 1279 3183; x_wconf 87' lang='lat' dir='ltr'><strong>Voemel.</strong></span> 
     </span>
     <span class='ocr_line' id='line_1_54' title="bbox 142 3199 1279 3270; baseline -0.005 -10"><span class='ocrx_word' id='word_1_350' title='bbox 142 3211 212 3260; x_wconf 78' lang='lat' dir='ltr'><strong>viam</strong></span> <span class='ocrx_word' id='word_1_351' title='bbox 222 3209 490 3270; x_wconf 71' lang='lat' dir='ltr'><strong>caspens,perfirrens</strong></span> <span class='ocrx_word' id='word_1_352' title='bbox 503 3221 549 3270; x_wconf 89' lang='lat' dir='ltr'><strong>per</strong></span> <span class='ocrx_word' id='word_1_353' title='bbox 563 3204 690 3255; x_wconf 87' lang='lat' dir='ltr'><strong>mediter·</strong></span> <span class='ocrx_word' id='word_1_354' title='bbox 737 3207 755 3258; x_wconf 93' lang='lat' dir='ltr'><strong>l.</strong></span> <span class='ocrx_word' id='word_1_355' title='bbox 780 3221 863 3270; x_wconf 90' lang='lat' dir='ltr'><strong>supra</strong></span> <span class='ocrx_word' id='word_1_356' title='bbox 885 3204 904 3254; x_wconf 92' lang='lat' dir='ltr'><strong>l.</strong></span> <span class='ocrx_word' id='word_1_357' title='bbox 929 3219 993 3270; x_wconf 77' lang='lat' dir='ltr'><strong>pag.</strong></span> <span class='ocrx_word' id='word_1_358' title='bbox 1018 3205 1052 3253; x_wconf 78' lang='lat' dir='ltr'><strong>us</strong></span> <span class='ocrx_word' id='word_1_359' title='bbox 1073 3218 1149 3268; x_wconf 90' lang='lat' dir='ltr'><strong>seqq.</strong></span> <span class='ocrx_word' id='word_1_360' title='bbox 1177 3199 1279 3254; x_wconf 87' lang='lat' dir='ltr'><strong>Herod.</strong></span> 
     </span>
     <span class='ocr_line' id='line_1_55' title="bbox 143 3274 974 3339; baseline -0.007 -11"><span class='ocrx_word' id='word_1_361' title='bbox 143 3293 243 3330; x_wconf 83' lang='lat' dir='ltr'><strong>renes.</strong></span> <span class='ocrx_word' id='word_1_362' title='bbox 738 3276 816 3334; x_wconf 88' lang='lat' dir='ltr'><strong>VIII,</strong></span> <span class='ocrx_word' id='word_1_363' title='bbox 831 3274 881 3326; x_wconf 87' lang='grc'><strong>126</strong></span> <span class='ocrx_word' id='word_1_364' title='bbox 897 3289 974 3339; x_wconf 89' lang='lat' dir='ltr'><strong>seqq.</strong></span> 
     </span>
     <span class='ocr_line' id='line_1_56' title="bbox 185 3336 1281 3408; baseline -0.009 -10"><span class='ocrx_word' id='word_1_365' title='bbox 185 3337 396 3408; x_wconf 78' lang='grc' dir='ltr'><em>Κυνάστραιον]</em></span> <span class='ocrx_word' id='word_1_366' title='bbox 420 3344 464 3393; x_wconf 93' lang='lat' dir='ltr'><strong>Ite</strong></span> <span class='ocrx_word' id='word_1_367' title='bbox 480 3359 539 3394; x_wconf 89' lang='lat' dir='ltr'><strong>cum</strong></span> <span class='ocrx_word' id='word_1_368' title='bbox 553 3342 689 3407; x_wconf 83' lang='lat' dir='ltr'><strong>Schweig·</strong></span> <span class='ocrx_word' id='word_1_369' title='bbox 773 3340 822 3394; x_wconf 77' lang='lat' dir='ltr'><strong>nul</strong></span> <span class='ocrx_word' id='word_1_370' title='bbox 833 3337 972 3407; x_wconf 74' lang='grc' dir='ltr'><em>Ἀφύτιος]</em></span> <span class='ocrx_word' id='word_1_371' title='bbox 990 3340 1097 3405; x_wconf 72' lang='lat' dir='ltr'><strong>Aphytis</strong></span> <span class='ocrx_word' id='word_1_372' title='bbox 1106 3339 1170 3391; x_wconf 90' lang='lat' dir='ltr'><strong>urbs</strong></span> <span class='ocrx_word' id='word_1_373' title='bbox 1182 3336 1281 3388; x_wconf 84' lang='lat' dir='ltr'><strong>eThu-</strong></span> 
     </span>
     <span class='ocr_line' id='line_1_57' title="bbox 144 3409 1281 3479; baseline -0.011 -10"><span class='ocrx_word' id='word_1_374' title='bbox 144 3418 244 3470; x_wconf 86' lang='lat' dir='ltr'><strong>hseus.</strong></span> <span class='ocrx_word' id='word_1_375' title='bbox 267 3420 295 3466; x_wconf 89' lang='lat' dir='ltr'><strong>et</strong></span> <span class='ocrx_word' id='word_1_376' title='bbox 317 3413 404 3466; x_wconf 71' lang='lat' dir='ltr'><strong>Geiel.</strong></span> <span class='ocrx_word' id='word_1_377' title='bbox 426 3414 487 3464; x_wconf 89' lang='lat' dir='ltr'><strong>dedi</strong></span> <span class='ocrx_word' id='word_1_378' title='bbox 512 3430 526 3463; x_wconf 88' lang='lat' dir='ltr'><strong>e</strong></span> <span class='ocrx_word' id='word_1_379' title='bbox 549 3413 688 3463; x_wconf 84' lang='lat' dir='ltr'><strong>Seuerolti</strong></span> <span class='ocrx_word' id='word_1_380' title='bbox 740 3412 837 3479; x_wconf 85' lang='lat' dir='ltr'><strong>sydide</strong></span> <span class='ocrx_word' id='word_1_381' title='bbox 850 3417 1014 3463; x_wconf 86' lang='lat' dir='ltr'><strong>memoretur</strong></span> <span class='ocrx_word' id='word_1_382' title='bbox 1026 3412 1049 3471; x_wconf 89' lang='lat'><strong>1·‚</strong></span> <span class='ocrx_word' id='word_1_383' title='bbox 1062 3412 1111 3473; x_wconf 87' lang='grc'><strong>64,</strong></span> <span class='ocrx_word' id='word_1_384' title='bbox 1125 3409 1172 3459; x_wconf 91' lang='lat' dir='ltr'><strong>nbi</strong></span> <span class='ocrx_word' id='word_1_385' title='bbox 1181 3409 1281 3458; x_wconf 81' lang='lat' dir='ltr'><strong>Wnsse</strong></span> 
     </span>
     <span class='ocr_line' id='line_1_58' title="bbox 144 3478 1280 3548; baseline -0.011 -10"><span class='ocrx_word' id='word_1_386' title='bbox 144 3488 211 3539; x_wconf 85' lang='lat' dir='ltr'><strong>cod.</strong></span> <span class='ocrx_word' id='word_1_387' title='bbox 232 3492 260 3538; x_wconf 90' lang='lat' dir='ltr'><strong>et</strong></span> <span class='ocrx_word' id='word_1_388' title='bbox 275 3484 389 3548; x_wconf 70' lang='lat' dir='ltr'><strong>Scylace</strong></span> <span class='ocrx_word' id='word_1_389' title='bbox 409 3487 434 3547; x_wconf 71' lang='lat'><strong>§-</strong></span> <span class='ocrx_word' id='word_1_390' title='bbox 448 3483 482 3534; x_wconf 90' lang='grc'><strong>66</strong></span> <span class='ocrx_word' id='word_1_391' title='bbox 501 3483 538 3547; x_wconf 92' lang='lat' dir='ltr'><strong>(p.</strong></span> <span class='ocrx_word' id='word_1_392' title='bbox 555 3483 589 3533; x_wconf 88' lang='grc'><strong>26</strong></span> <span class='ocrx_word' id='word_1_393' title='bbox 600 3483 688 3533; x_wconf 82' lang='lat' dir='ltr'><strong>Huds.</strong></span> <span class='ocrx_word' id='word_1_394' title='bbox 741 3483 788 3548; x_wconf 85' lang='lat' dir='ltr'><strong>(oi.</strong></span> <span class='ocrx_word' id='word_1_395' title='bbox 802 3484 895 3547; x_wconf 90' lang='lat' dir='ltr'><strong>Poppo</strong></span> <span class='ocrx_word' id='word_1_396' title='bbox 910 3482 939 3546; x_wconf 91' lang='lat'><strong>1,</strong></span> <span class='ocrx_word' id='word_1_397' title='bbox 953 3483 976 3531; x_wconf 89' lang='grc'><strong>2.</strong></span> <span class='ocrx_word' id='word_1_398' title='bbox 992 3497 1018 3546; x_wconf 91' lang='lat' dir='ltr'><strong>p.</strong></span> <span class='ocrx_word' id='word_1_399' title='bbox 1032 3478 1095 3545; x_wconf 87' lang='grc'><strong>324)</strong></span> <span class='ocrx_word' id='word_1_400' title='bbox 1116 3478 1280 3542; x_wconf 82' lang='lat' dir='ltr'><strong>reliquorum</strong></span> 
     </span>
     <span class='ocr_line' id='line_1_59' title="bbox 144 3545 1282 3624; baseline -0.01 -19"><span class='ocrx_word' id='word_1_401' title='bbox 144 3576 175 3624; x_wconf 83' lang='lat' dir='ltr'><strong>p.</strong></span> <span class='ocrx_word' id='word_1_402' title='bbox 190 3556 240 3607; x_wconf 79' lang='grc'><strong>278</strong></span> <span class='ocrx_word' id='word_1_403' title='bbox 253 3554 340 3618; x_wconf 72' lang='lat' dir='ltr'><strong>Gaii,</strong></span> <span class='ocrx_word' id='word_1_404' title='bbox 359 3554 406 3604; x_wconf 91' lang='lat' dir='ltr'><strong>nbi</strong></span> <span class='ocrx_word' id='word_1_405' title='bbox 421 3546 634 3614; x_wconf 81' lang='grc' dir='ltr'><em>Κανιὶοτροιιον·</em></span> <span class='ocrx_word' id='word_1_406' title='bbox 651 3545 689 3601; x_wconf 79' lang='grc' dir='ltr'><strong>ἴε·</strong></span> <span class='ocrx_word' id='word_1_407' title='bbox 739 3555 903 3619; x_wconf 85' lang='lat' dir='ltr'><strong>scriptorum</strong></span> <span class='ocrx_word' id='word_1_408' title='bbox 918 3550 1076 3602; x_wconf 87' lang='lat' dir='ltr'><strong>testimonie</strong></span> <span class='ocrx_word' id='word_1_409' title='bbox 1088 3549 1122 3598; x_wconf 87' lang='lat' dir='ltr'><strong>de</strong></span> <span class='ocrx_word' id='word_1_410' title='bbox 1135 3547 1162 3600; x_wconf 91' lang='lat' dir='ltr'><strong>h.</strong></span> <span class='ocrx_word' id='word_1_411' title='bbox 1178 3547 1194 3598; x_wconf 94' lang='lat' dir='ltr'><strong>l.</strong></span> <span class='ocrx_word' id='word_1_412' title='bbox 1208 3551 1282 3596; x_wconf 82' lang='lat' dir='ltr'><strong>ettn·</strong></span> 
     </span>
     <span class='ocr_line' id='line_1_60' title="bbox 145 3613 1375 3689; baseline -0.011 -13"><span class='ocrx_word' id='word_1_413' title='bbox 145 3619 688 3689; x_wconf 76' lang='lat' dir='ltr'><strong>pdvuiapcosp&#39;prov).Thucyd.lV,ll0,</strong></span> <span class='ocrx_word' id='word_1_414' title='bbox 738 3623 781 3673; x_wconf 90' lang='lat' dir='ltr'><strong>lit.</strong></span> <span class='ocrx_word' id='word_1_415' title='bbox 808 3621 877 3672; x_wconf 79' lang='lat' dir='ltr'><strong>Add.</strong></span> <span class='ocrx_word' id='word_1_416' title='bbox 890 3620 1005 3672; x_wconf 89' lang='lat' dir='ltr'><strong>Mueller</strong></span> <span class='ocrx_word' id='word_1_417' title='bbox 1023 3619 1056 3669; x_wconf 88' lang='lat' dir='ltr'><strong>ad</strong></span> <span class='ocrx_word' id='word_1_418' title='bbox 1070 3617 1178 3681; x_wconf 79' lang='lat' dir='ltr'><strong>Scylec.</strong></span> <span class='ocrx_word' id='word_1_419' title='bbox 1196 3618 1222 3678; x_wconf 68' lang='lat'><strong>5.</strong></span> <span class='ocrx_word' id='word_1_420' title='bbox 1238 3613 1280 3664; x_wconf 89' lang='grc'><strong>66.</strong></span> <span class='ocrx_word' id='word_1_421' title='bbox 1372 3641 1375 3646; x_wconf 66' lang='grc'><strong><em>»</em></strong></span> 
     </span>
     <span class='ocr_line' id='line_1_61' title="bbox 146 3683 1281 3764; baseline -0.014 -17"><span class='ocrx_word' id='word_1_422' title='bbox 146 3698 197 3747; x_wconf 93' lang='lat' dir='ltr'><strong>ubi</strong></span> <span class='ocrx_word' id='word_1_423' title='bbox 216 3695 294 3761; x_wconf 89' lang='lat' dir='ltr'><strong>plure</strong></span> <span class='ocrx_word' id='word_1_424' title='bbox 308 3694 341 3744; x_wconf 89' lang='lat' dir='ltr'><strong>de</strong></span> <span class='ocrx_word' id='word_1_425' title='bbox 361 3694 499 3757; x_wconf 86' lang='lat' dir='ltr'><strong>scripture</strong></span> <span class='ocrx_word' id='word_1_426' title='bbox 514 3693 620 3754; x_wconf 69' lang='lat' dir='ltr'><strong>Wese,</strong></span> <span class='ocrx_word' id='word_1_427' title='bbox 644 3692 689 3742; x_wconf 91' lang='lat' dir='ltr'><strong>cni</strong></span> <span class='ocrx_word' id='word_1_428' title='bbox 741 3690 916 3757; x_wconf 72' lang='lat' dir='ltr'><strong>(1.peg.52)</strong></span> <span class='ocrx_word' id='word_1_429' title='bbox 938 3697 965 3740; x_wconf 87' lang='lat' dir='ltr'><strong>et</strong></span> <span class='ocrx_word' id='word_1_430' title='bbox 981 3687 1055 3739; x_wconf 86' lang='lat' dir='ltr'><strong>coni.</strong></span> <span class='ocrx_word' id='word_1_431' title='bbox 1071 3685 1165 3737; x_wconf 84' lang='lat' dir='ltr'><strong>Leake</strong></span> <span class='ocrx_word' id='word_1_432' title='bbox 1184 3684 1203 3733; x_wconf 94' lang='lat' dir='ltr'><strong>l.</strong></span> <span class='ocrx_word' id='word_1_433' title='bbox 1218 3683 1236 3735; x_wconf 92' lang='lat' dir='ltr'><strong>l.</strong></span> <span class='ocrx_word' id='word_1_434' title='bbox 1254 3698 1281 3764; x_wconf 55' lang='lat' dir='ltr'><strong>p:</strong></span> 
     </span>
     <span class='ocr_line' id='line_1_62' title="bbox 145 3751 1282 3826; baseline -0.015 -9"><span class='ocrx_word' id='word_1_435' title='bbox 145 3765 214 3817; x_wconf 81' lang='lat' dir='ltr'><strong>add.</strong></span> <span class='ocrx_word' id='word_1_436' title='bbox 227 3763 388 3815; x_wconf 77' lang='lat' dir='ltr'><strong>Tzeohuelre</strong></span> <span class='ocrx_word' id='word_1_437' title='bbox 405 3761 441 3812; x_wconf 91' lang='lat' dir='ltr'><strong>ed</strong></span> <span class='ocrx_word' id='word_1_438' title='bbox 454 3761 516 3812; x_wconf 86' lang='lat' dir='ltr'><strong>Mel.</strong></span> <span class='ocrx_word' id='word_1_439' title='bbox 529 3760 566 3821; x_wconf 81' lang='lat'><strong>11,</strong></span> <span class='ocrx_word' id='word_1_440' title='bbox 580 3760 605 3813; x_wconf 82' lang='lat'><strong>3.</strong></span> <span class='ocrx_word' id='word_1_441' title='bbox 621 3763 645 3824; x_wconf 64' lang='lat'><strong>5.</strong></span> <span class='ocrx_word' id='word_1_442' title='bbox 664 3760 687 3810; x_wconf 90' lang='lat'><strong>1.</strong></span> <span class='ocrx_word' id='word_1_443' title='bbox 742 3762 808 3813; x_wconf 82' lang='lat'>156:</span> <span class='ocrx_word' id='word_1_444' title='bbox 834 3776 888 3826; x_wconf 92' lang='lat' dir='ltr'><strong>quo</strong></span> <span class='ocrx_word' id='word_1_445' title='bbox 901 3763 1013 3809; x_wconf 81' lang='lat' dir='ltr'><strong>anctore</strong></span> <span class='ocrx_word' id='word_1_446' title='bbox 1030 3755 1094 3806; x_wconf 90' lang='lat' dir='ltr'><strong>urbs</strong></span> <span class='ocrx_word' id='word_1_447' title='bbox 1111 3755 1139 3804; x_wconf 90' lang='lat' dir='ltr'><strong>in</strong></span> <span class='ocrx_word' id='word_1_448' title='bbox 1154 3751 1282 3802; x_wconf 85' lang='lat' dir='ltr'><strong>orientelr</strong></span> 
     </span>
     <span class='ocr_line' id='line_1_63' title="bbox 144 3821 1281 3904; baseline -0.018 -13"><span class='ocrx_word' id='word_1_449' title='bbox 144 3852 212 3904; x_wconf 61' lang='grc' dir='ltr'><strong>ρας·</strong></span> <span class='ocrx_word' id='word_1_450' title='bbox 229 3832 277 3885; x_wconf 81' lang='grc'><strong>160</strong></span> <span class='ocrx_word' id='word_1_451' title='bbox 287 3838 357 3883; x_wconf 74' lang='lat' dir='ltr'><strong>noll·</strong></span> <span class='ocrx_word' id='word_1_452' title='bbox 372 3848 467 3896; x_wconf 77' lang='lat' dir='ltr'><strong>esegg.</strong></span> <span class='ocrx_word' id='word_1_453' title='bbox 494 3832 604 3882; x_wconf 81' lang='lat' dir='ltr'><strong>Retinui</strong></span> <span class='ocrx_word' id='word_1_454' title='bbox 621 3831 690 3880; x_wconf 82' lang='lat' dir='ltr'><strong>enlm</strong></span> <span class='ocrx_word' id='word_1_455' title='bbox 742 3829 903 3898; x_wconf 86' lang='lat' dir='ltr'><strong>peninsulee</strong></span> <span class='ocrx_word' id='word_1_456' title='bbox 914 3842 962 3878; x_wconf 84' lang='lat' dir='ltr'><strong>ors</strong></span> <span class='ocrx_word' id='word_1_457' title='bbox 973 3827 1027 3877; x_wconf 84' lang='lat' dir='ltr'><strong>luit</strong></span> <span class='ocrx_word' id='word_1_458' title='bbox 1036 3826 1090 3874; x_wconf 88' lang='lat' dir='ltr'><strong>site</strong></span> <span class='ocrx_word' id='word_1_459' title='bbox 1100 3839 1131 3874; x_wconf 91' lang='lat' dir='ltr'><strong>eo</strong></span> <span class='ocrx_word' id='word_1_460' title='bbox 1142 3823 1199 3874; x_wconf 85' lang='lat' dir='ltr'><strong>lere</strong></span> <span class='ocrx_word' id='word_1_461' title='bbox 1211 3821 1281 3880; x_wconf 85' lang='lat' dir='ltr'><strong>loco,</strong></span> 
     </span>
     <span class='ocr_line' id='line_1_64' title="bbox 146 3892 1282 3967; baseline -0.015 -10"><span class='ocrx_word' id='word_1_462' title='bbox 146 3922 209 3957; x_wconf 87' lang='lat' dir='ltr'><strong>cnm</strong></span> <span class='ocrx_word' id='word_1_463' title='bbox 221 3902 367 3967; x_wconf 83' lang='lat' dir='ltr'><strong>Muellero,</strong></span> <span class='ocrx_word' id='word_1_464' title='bbox 385 3902 507 3966; x_wconf 83' lang='lat' dir='ltr'><strong>Scyleois</strong></span> <span class='ocrx_word' id='word_1_465' title='bbox 522 3901 640 3963; x_wconf 88' lang='lat' dir='ltr'><strong>editore,</strong></span> <span class='ocrx_word' id='word_1_466' title='bbox 662 3900 691 3949; x_wconf 89' lang='lat' dir='ltr'><strong>iu</strong></span> <span class='ocrx_word' id='word_1_467' title='bbox 742 3917 796 3966; x_wconf 90' lang='lat' dir='ltr'><strong>quo</strong></span> <span class='ocrx_word' id='word_1_468' title='bbox 810 3914 881 3950; x_wconf 88' lang='lat' dir='ltr'><strong>nuno</strong></span> <span class='ocrx_word' id='word_1_469' title='bbox 899 3897 977 3948; x_wconf 85' lang='lat' dir='ltr'><strong>vicus</strong></span> <span class='ocrx_word' id='word_1_470' title='bbox 990 3894 1112 3958; x_wconf 78' lang='grc' dir='ltr'><em>ΑιΙιηιΙιο,</em></span> <span class='ocrx_word' id='word_1_471' title='bbox 1135 3892 1213 3944; x_wconf 87' lang='lat' dir='ltr'><strong>cuins</strong></span> <span class='ocrx_word' id='word_1_472' title='bbox 1234 3905 1282 3941; x_wconf 89' lang='lat' dir='ltr'><strong>nc-</strong></span> 
     </span>
     <span class='ocr_line' id='line_1_65' title="bbox 145 3960 1281 4040; baseline -0.018 -12"><span class='ocrx_word' id='word_1_473' title='bbox 145 3973 304 4040; x_wconf 81' lang='lat' dir='ltr'><strong>Geograph.</strong></span> <span class='ocrx_word' id='word_1_474' title='bbox 318 3972 364 4024; x_wconf 82' lang='lat' dir='ltr'><strong>Gr.</strong></span> <span class='ocrx_word' id='word_1_475' title='bbox 381 3973 464 4024; x_wconf 89' lang='lat' dir='ltr'><strong>minu.</strong></span> <span class='ocrx_word' id='word_1_476' title='bbox 479 3972 501 4022; x_wconf 93' lang='lat'><strong>1.</strong></span> <span class='ocrx_word' id='word_1_477' title='bbox 518 3986 580 4036; x_wconf 79' lang='lat' dir='ltr'><strong>psg.</strong></span> <span class='ocrx_word' id='word_1_478' title='bbox 591 3970 625 4021; x_wconf 72' lang='lat'><strong>53</strong></span> <span class='ocrx_word' id='word_1_479' title='bbox 636 3969 692 4018; x_wconf 85' lang='lat' dir='ltr'><strong>Ilu·</strong></span> <span class='ocrx_word' id='word_1_480' title='bbox 742 3984 831 4020; x_wconf 89' lang='lat' dir='ltr'><strong>mene</strong></span> <span class='ocrx_word' id='word_1_481' title='bbox 849 3970 956 4018; x_wconf 83' lang='lat' dir='ltr'><strong>vertere</strong></span> <span class='ocrx_word' id='word_1_482' title='bbox 972 3963 1157 4030; x_wconf 83' lang='lat' dir='ltr'><strong>appellatione</strong></span> <span class='ocrx_word' id='word_1_483' title='bbox 1170 3960 1281 4040; x_wconf 76' lang='lat' dir='ltr'><strong>ductum</strong></span> 
     </span>
     <span class='ocr_line' id='line_1_66' title="bbox 146 4026 1281 4106; baseline -0.018 -11"><span class='ocrx_word' id='word_1_484' title='bbox 146 4038 318 4106; x_wconf 74' lang='grc' dir='ltr'><em>νάστοοιιον,</em></span> <span class='ocrx_word' id='word_1_485' title='bbox 339 4043 415 4093; x_wconf 88' lang='lat' dir='ltr'><strong>cuius</strong></span> <span class='ocrx_word' id='word_1_486' title='bbox 433 4041 494 4091; x_wconf 85' lang='lat' dir='ltr'><strong>loco</strong></span> <span class='ocrx_word' id='word_1_487' title='bbox 509 4039 643 4090; x_wconf 78' lang='lat' dir='ltr'><strong>Matthiae</strong></span> <span class='ocrx_word' id='word_1_488' title='bbox 663 4043 691 4088; x_wconf 90' lang='lat' dir='ltr'><strong>et</strong></span> <span class='ocrx_word' id='word_1_489' title='bbox 742 4040 859 4091; x_wconf 89' lang='lat' dir='ltr'><strong>videtur.</strong></span> <span class='ocrx_word' id='word_1_490' title='bbox 882 4037 959 4099; x_wconf 79' lang='lat' dir='ltr'><strong>Ques</strong></span> <span class='ocrx_word' id='word_1_491' title='bbox 968 4036 1117 4099; x_wconf 86' lang='lat' dir='ltr'><strong>sequuntur</strong></span> <span class='ocrx_word' id='word_1_492' title='bbox 1128 4031 1208 4081; x_wconf 88' lang='lat' dir='ltr'><strong>urbes</strong></span> <span class='ocrx_word' id='word_1_493' title='bbox 1219 4026 1281 4091; x_wconf 79' lang='grc' dir='ltr'><strong>Νεη</strong></span> 
     </span>
     <span class='ocr_line' id='line_1_67' title="bbox 146 4096 1282 4168; baseline -0.018 -1"><span class='ocrx_word' id='word_1_494' title='bbox 146 4111 275 4167; x_wconf 57' lang='lat' dir='ltr'><strong>ressuth*</strong></span> <span class='ocrx_word' id='word_1_495' title='bbox 287 4113 347 4162; x_wconf 87' lang='lat' dir='ltr'><strong>edd.</strong></span> <span class='ocrx_word' id='word_1_496' title='bbox 369 4112 430 4162; x_wconf 87' lang='lat' dir='ltr'><strong>inde</strong></span> <span class='ocrx_word' id='word_1_497' title='bbox 447 4126 464 4160; x_wconf 92' lang='lat' dir='ltr'><strong>e</strong></span> <span class='ocrx_word' id='word_1_498' title='bbox 478 4110 602 4161; x_wconf 81' lang='lat' dir='ltr'><strong>Beklrero</strong></span> <span class='ocrx_word' id='word_1_499' title='bbox 618 4107 692 4158; x_wconf 73' lang='lat' dir='ltr'><strong>exhi·</strong></span> <span class='ocrx_word' id='word_1_500' title='bbox 742 4101 825 4163; x_wconf 78' lang='grc' dir='ltr'><em>πό1ις</em></span> <span class='ocrx_word' id='word_1_501' title='bbox 839 4111 866 4157; x_wconf 88' lang='lat' dir='ltr'><strong>et</strong></span> <span class='ocrx_word' id='word_1_502' title='bbox 877 4098 961 4168; x_wconf 80' lang='grc' dir='ltr'><em>Αίηὴ,</em></span> <span class='ocrx_word' id='word_1_503' title='bbox 984 4117 1076 4152; x_wconf 86' lang='lat' dir='ltr'><strong>esrum</strong></span> <span class='ocrx_word' id='word_1_504' title='bbox 1094 4100 1186 4161; x_wconf 87' lang='lat' dir='ltr'><strong>nulle,</strong></span> <span class='ocrx_word' id='word_1_505' title='bbox 1208 4096 1282 4162; x_wconf 89' lang='lat' dir='ltr'><strong>quod</strong></span> 
     </span>
     <span class='ocr_line' id='line_1_68' title="bbox 147 4155 1281 4245; baseline -0.019 -8"><span class='ocrx_word' id='word_1_506' title='bbox 147 4187 267 4236; x_wconf 86' lang='lat' dir='ltr'><strong>buerunt</strong></span> <span class='ocrx_word' id='word_1_507' title='bbox 288 4182 497 4245; x_wconf 77' lang='grc' dir='ltr'><em>Κανυστηοιῐον.</em></span> <span class='ocrx_word' id='word_1_508' title='bbox 533 4177 613 4244; x_wconf 76' lang='lat' dir='ltr'><strong>Apud</strong></span> <span class='ocrx_word' id='word_1_509' title='bbox 634 4179 692 4227; x_wconf 83' lang='lat' dir='ltr'><strong>Ste·</strong></span> <span class='ocrx_word' id='word_1_510' title='bbox 742 4179 842 4237; x_wconf 82' lang='lat' dir='ltr'><strong>scium,</strong></span> <span class='ocrx_word' id='word_1_511' title='bbox 857 4173 923 4224; x_wconf 77' lang='lat' dir='ltr'><strong>alibi</strong></span> <span class='ocrx_word' id='word_1_512' title='bbox 937 4172 1046 4233; x_wconf 87' lang='lat' dir='ltr'><strong>mentio,</strong></span> <span class='ocrx_word' id='word_1_513' title='bbox 1060 4170 1114 4220; x_wconf 89' lang='lat' dir='ltr'><strong>nisi</strong></span> <span class='ocrx_word' id='word_1_514' title='bbox 1126 4168 1197 4234; x_wconf 89' lang='lat' dir='ltr'><strong>quod</strong></span> <span class='ocrx_word' id='word_1_515' title='bbox 1207 4155 1281 4231; x_wconf 85' lang='lat' dir='ltr'><strong>aphd</strong></span> 
     </span>
     <span class='ocr_line' id='line_1_69' title="bbox 146 4236 1281 4321; baseline -0.018 -16"><span class='ocrx_word' id='word_1_516' title='bbox 146 4255 232 4321; x_wconf 86' lang='lat' dir='ltr'><strong>phau.</strong></span> <span class='ocrx_word' id='word_1_517' title='bbox 247 4254 365 4318; x_wconf 75' lang='lat' dir='ltr'><strong>Byzaut.</strong></span> <span class='ocrx_word' id='word_1_518' title='bbox 383 4257 425 4303; x_wconf 89' lang='lat' dir='ltr'><strong>est</strong></span> <span class='ocrx_word' id='word_1_519' title='bbox 439 4242 606 4307; x_wconf 78' lang='grc' dir='ltr'><em>Κάναστρον</em></span> <span class='ocrx_word' id='word_1_520' title='bbox 623 4253 651 4298; x_wconf 90' lang='lat' dir='ltr'><strong>et</strong></span> <span class='ocrx_word' id='word_1_521' title='bbox 663 4247 692 4294; x_wconf 89' lang='lat' dir='ltr'><strong>iu</strong></span> <span class='ocrx_word' id='word_1_522' title='bbox 742 4249 852 4311; x_wconf 81' lang='lat' dir='ltr'><strong>Soymn.</strong></span> <span class='ocrx_word' id='word_1_523' title='bbox 865 4243 960 4294; x_wconf 81' lang='lat' dir='ltr'><strong>Chium</strong></span> <span class='ocrx_word' id='word_1_524' title='bbox 972 4242 1023 4292; x_wconf 82' lang='lat'><strong>658</strong></span> <span class='ocrx_word' id='word_1_525' title='bbox 1042 4245 1069 4291; x_wconf 88' lang='lat' dir='ltr'><strong>et</strong></span> <span class='ocrx_word' id='word_1_526' title='bbox 1089 4239 1161 4303; x_wconf 85' lang='lat' dir='ltr'><strong>apud</strong></span> <span class='ocrx_word' id='word_1_527' title='bbox 1174 4236 1281 4320; x_wconf 70' lang='lat' dir='ltr'><strong>Scylec.</strong></span> 
     </span>
     <span class='ocr_line' id='line_1_70' title="bbox 147 4305 1281 4387; baseline -0.02 -10"><span class='ocrx_word' id='word_1_528' title='bbox 147 4323 235 4377; x_wconf 88' lang='lat' dir='ltr'><strong>schol.</strong></span> <span class='ocrx_word' id='word_1_529' title='bbox 260 4323 294 4373; x_wconf 90' lang='lat' dir='ltr'><strong>ed</strong></span> <span class='ocrx_word' id='word_1_530' title='bbox 310 4321 398 4387; x_wconf 83' lang='lat' dir='ltr'><strong>Apoll.</strong></span> <span class='ocrx_word' id='word_1_531' title='bbox 414 4319 502 4371; x_wconf 84' lang='lat' dir='ltr'><strong>Rhod.</strong></span> <span class='ocrx_word' id='word_1_532' title='bbox 517 4320 547 4381; x_wconf 87' lang='lat'><strong>1,</strong></span> <span class='ocrx_word' id='word_1_533' title='bbox 567 4317 618 4367; x_wconf 74' lang='lat' dir='ltr'><strong>suu</strong></span> <span class='ocrx_word' id='word_1_534' title='bbox 635 4310 693 4364; x_wconf 81' lang='lat' dir='ltr'><strong>Ko&#39;·</strong></span> <span class='ocrx_word' id='word_1_535' title='bbox 744 4318 768 4379; x_wconf 68' lang='grc'><strong>5.</strong></span> <span class='ocrx_word' id='word_1_536' title='bbox 783 4316 816 4365; x_wconf 85' lang='grc'><strong>67</strong></span> <span class='ocrx_word' id='word_1_537' title='bbox 838 4312 877 4379; x_wconf 91' lang='lat' dir='ltr'><strong>(p.</strong></span> <span class='ocrx_word' id='word_1_538' title='bbox 898 4315 931 4364; x_wconf 85' lang='grc'><strong>27</strong></span> <span class='ocrx_word' id='word_1_539' title='bbox 943 4311 1031 4363; x_wconf 86' lang='lat' dir='ltr'><strong>Huds.</strong></span> <span class='ocrx_word' id='word_1_540' title='bbox 1048 4326 1075 4375; x_wconf 87' lang='lat' dir='ltr'><strong>p.</strong></span> <span class='ocrx_word' id='word_1_541' title='bbox 1086 4309 1137 4359; x_wconf 85' lang='grc'><strong>271)</strong></span> <span class='ocrx_word' id='word_1_542' title='bbox 1149 4305 1233 4386; x_wconf 66' lang='lat' dir='ltr'><strong>(led.)</strong></span> <span class='ocrx_word' id='word_1_543' title='bbox 1253 4321 1281 4354; x_wconf 87' lang='lat' dir='ltr'>m</span> 
     </span>
     <span class='ocr_line' id='line_1_71' title="bbox 149 4373 1282 4458; baseline -0.019 -13"><span class='ocrx_word' id='word_1_544' title='bbox 149 4407 268 4457; x_wconf 79' lang='grc' dir='ltr'><em>ναστρα.</em></span> <span class='ocrx_word' id='word_1_545' title='bbox 299 4394 378 4444; x_wconf 86' lang='lat' dir='ltr'><strong>Nunc</strong></span> <span class='ocrx_word' id='word_1_546' title='bbox 394 4389 579 4458; x_wconf 88' lang='lat' dir='ltr'><strong>promontorio</strong></span> <span class='ocrx_word' id='word_1_547' title='bbox 596 4400 692 4440; x_wconf 87' lang='lat' dir='ltr'><strong>nomen</strong></span> <span class='ocrx_word' id='word_1_548' title='bbox 744 4385 864 4437; x_wconf 82' lang='lat' dir='ltr'><strong>Threcia</strong></span> <span class='ocrx_word' id='word_1_549' title='bbox 879 4382 1036 4434; x_wconf 86' lang='lat' dir='ltr'><strong>nominetur</strong></span> <span class='ocrx_word' id='word_1_550' title='bbox 1056 4378 1121 4430; x_wconf 90' lang='lat' dir='ltr'><strong>urbs</strong></span> <span class='ocrx_word' id='word_1_551' title='bbox 1135 4373 1282 4431; x_wconf 78' lang='grc' dir='ltr'><em>Νεαπολις</em></span> 
     </span>
    </p>
   </div>
   <div class='ocr_carea' id='block_1_12' title="bbox 146 2303 690 2439">
    <p class='ocr_par' dir='ltr' id='par_1_14' title="bbox 146 2303 690 2439">
     <span class='ocr_line' id='line_1_72' title="bbox 146 2303 690 2365; baseline 0.002 -12"><span class='ocrx_word' id='word_1_552' title='bbox 146 2303 260 2365; x_wconf 79' lang='lat' dir='ltr'><strong>inleso,</strong></span> <span class='ocrx_word' id='word_1_553' title='bbox 275 2304 319 2354; x_wconf 89' lang='lat' dir='ltr'><strong>cui</strong></span> <span class='ocrx_word' id='word_1_554' title='bbox 332 2319 428 2353; x_wconf 88' lang='lat' dir='ltr'><strong>nomen</strong></span> <span class='ocrx_word' id='word_1_555' title='bbox 444 2305 492 2353; x_wconf 85' lang='lat' dir='ltr'><strong>Aio</strong></span> <span class='ocrx_word' id='word_1_556' title='bbox 505 2304 619 2362; x_wconf 65' lang='lat' dir='ltr'><strong>Manum</strong></span> <span class='ocrx_word' id='word_1_557' title='bbox 634 2303 690 2354; x_wconf 83' lang='lat' dir='ltr'><strong>vid.</strong></span> 
     </span>
     <span class='ocr_line' id='line_1_73' title="bbox 146 2372 460 2439; baseline -0.003 -14"><span class='ocrx_word' id='word_1_558' title='bbox 146 2373 245 2425; x_wconf 82' lang='lat' dir='ltr'><strong>Leelre</strong></span> <span class='ocrx_word' id='word_1_559' title='bbox 258 2373 276 2427; x_wconf 85' lang='lat' dir='ltr'><strong>l.</strong></span> <span class='ocrx_word' id='word_1_560' title='bbox 291 2372 311 2424; x_wconf 87' lang='lat' dir='ltr'><strong>l.</strong></span> <span class='ocrx_word' id='word_1_561' title='bbox 323 2388 387 2439; x_wconf 69' lang='grc' dir='ltr'><strong>ρος.</strong></span> <span class='ocrx_word' id='word_1_562' title='bbox 401 2375 460 2424; x_wconf 82' lang='grc'><strong>154.</strong></span> 
     </span>
    </p>
   </div>
   <div class='ocr_carea' id='block_1_13' title="bbox 0 0 1554 5175">
    <p class='ocr_par' dir='ltr' id='par_1_15' title="bbox 0 0 1554 5175">
     <span class='ocr_line' id='line_1_74' title="bbox 0 0 1554 5175; baseline 0 0"><span class='ocrx_word' id='word_1_563' title='bbox 0 0 1554 5175; x_wconf 95' lang='lat' dir='ltr'><strong> </strong></span> 
     </span>
    </p>
   </div>
  </div>
 </body>
</html>
