3100 5175
278 380 338 444 170

708 382 973 448 HERODOTI

274 566 381 647 θερον
397 555 460 647 μὲν
481 554 538 626 ἐὸν
556 554 592 626 τὸ
613 559 710 647 γένος
728 556 765 628 τὸ
784 556 932 629 Ἀττικδν
955 558 1134 648 ἰσόρροπον
1153 563 1201 653 τῷ
1221 563 1356 632 ἑωυτῶν
1369 554 1412 629 dv

275 669 422 751 γίνοιτο,
446 660 667 752 κατεχόμενον
689 663 726 732 δὲ
739 660 805 733 ὑπὸ
825 669 1025 751 τυραννίδος
1039 660 1180 746 άσθενὲς
1193 668 1249 734 καὶ
1261 675 1461 754 uectae-418

274 770 412 854 χέεσθαι
433 768 580 855 ἑτοῖμον,
609 765 775 856 μαθόντες
803 769 839 837 δὲ
866 767 995 836 τούτων
1016 772 1137 837 ἕκαστα
1163 773 1409 858 μετεπέμποντο

269 864 401 958 Ἱππίην
414 866 473 938 τόν
487 869 730 959 Πεισιστράτου
752 868 817 940 ctat
832 879 971 960 Σιγείου
984 876 1046 940 τοῦ
1059 875 1096 941 ἐν
1109 869 1357 966 Ἑλλησπόντῳ,
1378 875 1411 952 ἐς

274 969 294 1040 ὃ
320 971 568 1062 καταφεύγουσι
595 981 629 1044 ot
650 980 933 1062 Πεισιστρατίδαι.
975 971 1066 1046 Ἐπεί
1089 1003 1125 1045 τε
1152 978 1192 1046 δέ
1209 998 1269 1064 σφι
1284 972 1411 1064 Ἱππίης

275 1076 473 1166 καλεόμενος
495 1068 570 1165 ἧκε,
598 1077 890 1167 μεταπεμψάμενοι
920 1081 976 1148 καὶ
1002 1084 1071 1149 τῶν
1094 1076 1206 1149 ἄλλων
1228 1079 1411 1169 συμμάχων

274 1176 452 1268 άγγίλους,
482 1180 597 1270 ἔλεγόν
624 1203 685 1269 σφι
705 1187 915 1272 Σπαρτιῆται
942 1181 1037 1252 τάδε·
1063 1182 1205 1274 *Ανδρες
1232 1183 1409 1274 σύμμαχοι,

275 1378 364 1429 nidem
379 1379 451 1429 omni
469 1379 548 1432 modo
567 1380 662 1432 tollere
678 1383 817 1446 studeant,

275 1448 389 1499 Athenis
408 1464 438 1498 ae
456 1447 508 1500 hue
527 1450 626 1502 secisse
640 1453 762 1516 graviter
778 1452 819 1502 fe-

274 1524 351 1569 rant:
371 1519 405 1569 ob
415 1518 586 1570 incommode
598 1520 704 1571 scilieet
712 1523 817 1572 Dorum

274 1588 355 1639 rebus
372 1587 490 1652 publicis
508 1607 522 1640 e
541 1589 649 1640 sublato
663 1591 816 1641 Pisistrati·

274 1658 368 1708 durum
386 1659 500 1721 imperio
513 1659 656 1726 auctisque
668 1660 816 1710 Athenien·

273 1728 343 1777 aium
356 1728 385 1776 in
396 1726 550 1780 libertatem
561 1730 760 1780 vindicatorum
773 1746 817 1780 re·

273 1797 325 1847 bus
342 1799 512 1848 enascentin.
546 1800 619 1849 Hine
638 1803 711 1850 reete
731 1801 816 1849 etium

273 1867 407 1917 statuisse
415 1867 523 1918 videtur
532 1869 561 1919 C.
574 1868 606 1918 Ο.
616 1869 736 1920 Mueller.
748 1869 815 1918 Dor.

273 1936 296 1987 1.
303 1951 364 2001 pag.
375 1936 423 1987 160
433 1953 506 2002 seq.,
519 1942 650 2002 tyrannos
659 1940 763 1988 Dorum
774 1939 816 1987 in·

273 2007 379 2056 stitutis
400 2010 503 2058 eversis
527 2024 632 2074 semper
654 2013 764 2060 evectos
788 2011 816 2058 et

273 2081 369 2125 auctus
382 2074 476 2126 fuisse.

307 2135 497 2208 κατεχόμενον
509 2141 541 2194 δὲ
559 2135 616 2195 tut
629 2143 812 2211 τυραννίδος]

273 2213 305 2262 Ιυ
319 2212 460 2264 Seuerofti
479 2213 547 2264 libro
564 2205 624 2264 ὑπό
642 2230 693 2264 του
711 2229 815 2278 τνραν-

272 2279 345 2345 νίδι,
359 2283 431 2347 qnod
440 2284 674 2350 recepitSehsel.,‚
688 2283 815 2349 quemad-

272 2351 380 2401 modum
395 2353 422 2400 iu
443 2352 491 2416 iis,
510 2368 580 2418 quae
598 2353 693 2403 attulit
708 2355 815 2406 Wesse-

271 2421 354 2485 ling„
370 2421 485 2500 Appisn.
501 2426 533 2472 Β.
548 2423 600 2473 civ.
614 2424 653 2472 lV
670 2421 743 2487 [cap.
754 2422 810 2488 86].

271 2506 298 2554 p.
320 2489 385 2540 1022
400 2504 458 2537 οπο
480 2505 531 2541 του
550 2484 698 2550 δαιμόνων
718 2497 746 2542 et
764 2493 815 2542 So-

270 2558 433 2624 phoel.0ed.
446 2558 503 2613 Col,
515 2559 566 2611 384
580 2559 641 2627 [371
654 2560 747 2612 Elmsl.
760 2561 812 2613 336

269 2627 364 2694 Both.]
379 2619 409 2679 ἐκ
424 2627 503 2679 θεῶν
515 2645 575 2683 τον.
601 2632 655 2682 Sed
668 2631 735 2681 haee
751 2632 813 2696 ipss

270 2714 288 2748 a
309 2701 396 2748 nostri
417 2700 470 2750 loei
491 2701 598 2751 ratione
619 2701 743 2751 nonnihil
760 2701 813 2751 dif-

271 2769 342 2819 ferre
354 2769 493 2831 videntur,
512 2771 540 2820 iu
555 2787 606 2836 quo
619 2771 687 2820 nihil
704 2776 811 2821 mutan-

271 2837 333 2887 dum
356 2853 416 2889 esse
438 2842 540 2890 caeteri
563 2856 671 2906 quoque
693 2841 811 2891 editores

269 2908 339 2958 bene
363 2914 567 2973 perspexerunt.
606 2911 681 2961 Idem
703 2912 812 2961 Wesse·

269 2977 337 3041 ling.
359 2985 434 3028 reete
456 2980 562 3030 attendi
581 2980 657 3030 iubet
673 2980 709 3031 ud
727 2981 813 3031 ver-ba

268 3046 302 3106 V,
315 3048 349 3119 ’λβ
364 3036 568 3111 ἐθελοκάκεον,
581 3042 620 3106 ὡς
631 3044 755 3115 δεσπότῃ
767 3041 811 3108 ἐρ·

268 3112 426 3177 γαζομενοι.
460 3119 525 3168 Mox
543 3119 607 3167 dedi
623 3111 766 3180 μαθόντες
779 3113 811 3168 δὲ

268 3176 378 3232 τούτων
395 3200 443 3248 pro
459 3178 597 3247 τουτέων,
612 3188 661 3237 ubi
674 3180 719 3249 δὲ,
739 3188 811 3252 qnod

270 3267 288 3301 a
299 3252 460 3317 quibusdam
472 3256 550 3305 libris
563 3255 657 3317 abest,
669 3256 737 3305 bene
748 3258 812 3306 reti-

269 3323 331 3370 nuit
344 3321 495 3383 sthuefer„
507 3325 690 3388 interpretans
704 3329 810 3390 inquam,

267 3393 352 3439 ι’ίιατ.

274 3405 331 3514 θός
343 3446 360 3506 ὃ
373 3448 585 3522 καταφεύγουσι
602 3453 632 3509 σί
644 3458 810 3522 Πεισιστρα-

267 3523 356 3608 τίδαι]
376 3527 439 3578 vid.
456 3543 541 3592 supra
557 3544 616 3593 esp.
634 3532 667 3583 65
684 3525 763 3595 (μετὰ
778 3527 810 3580 δὲ

267 3587 444 3660 ίξεχωρησαν
454 3587 480 3651 ἐς
487 3595 602 3660 Σίγειον
612 3613 636 3651 ιι,
646 3615 670 3649 τ.
678 3598 716 3665 λ.)
726 3618 733 3651 :
745 3602 809 3652 inde

266 3665 334 3716 haee
348 3666 432 3716 verba
444 3670 474 3716 ut
488 3671 617 3730 suspectu
630 3668 707 3720 uncie
722 3670 808 3720 inelu-

267 3736 304 3787 sit
315 3735 472 3798 Semelen,
493 3737 591 3800 quibus
608 3753 657 3804 ego
672 3738 730 3789 inre
742 3739 808 3789 mihi

267 3805 316 3856 illu
330 3806 465 3856 liberasse
477 3805 580 3860 videor.
610 3808 680 3857 Nam
693 3810 762 3860 sutis
774 3825 808 3860 ea

266 3877 338 3927 tueri
357 3875 478 3937 videtur,
496 3881 527 3926 ut
543 3876 675 3927 librorum
694 3880 808 3944 scripto-

267 3961 324 3996 rum
335 3947 525 3996 auctoritatem
537 3946 670 4008 omittam,
682 3948 744 4011 ipss
755 3949 808 3999 He-

266 4015 357 4065 rodoti
376 4015 545 4067 consuetudo
571 4016 639 4067 teliu
659 4016 807 4068 lectoribus

266 4086 294 4135 in
314 4092 429 4137 mentem
445 4101 574 4137 revocure
591 4087 713 4137 solentis.
748 4088 807 4138 Με-

264 4155 306 4220 gis
317 4155 449 4206 arrideret
458 4155 628 4221 κατέφυγον,
640 4156 806 4222 quodetiam

265 4224 733 4292 Schweighaeuseronondisplieuit
753 4227 807 4278 Sed

265 4292 345 4344 codd.
358 4309 412 4343 uon
423 4295 565 4346 addicunt.
594 4296 648 4358 Qui
661 4296 741 4346 iidem
752 4313 807 4347 om-

264 4377 314 4412 nes
327 4361 455 4413 exhibent
470 4355 498 4420 ίς
514 4355 530 4412 δ
538 4401 545 4426 ,
562 4365 723 4430 sBelskero‚
739 4368 807 4417 Din-

266 4430 349 4485 dorfio
369 4436 397 4483 et
414 4432 556 4485 Dietsehio
574 4438 708 4489 mutatum
731 4436 760 4488 iu
778 4426 806 4497 ἔς

866 1373 919 1445 τὸ,
939 1387 1050 1434 auctore
1063 1382 1187 1445 Struvi03
1212 1387 1242 1435 tn
1265 1383 1322 1438 vid.
1339 1386 1407 1435 nott

868 1452 964 1516 ule,
977 1452 1020 1503 66.

900 1512 1151 1586 μεταπεμψάμενοι
1169 1517 1217 1571 καί
1236 1519 1295 1571 τεόν
1315 1514 1409 1572 ἄλλων

867 1583 1021 1655 συμμάχων
1038 1584 1183 1657 ἀγγέλους]
1203 1583 1337 1655 άγγέλους
1349 1592 1375 1642 h.
1388 1592 1407 1645 l.

865 1676 920 1711 uon
933 1666 989 1711 tum
999 1662 1114 1711 nuncios
1124 1660 1200 1721 dicit,
1213 1661 1261 1712 sed
1270 1660 1379 1727 legatus
1391 1677 1408 1712 a

865 1729 980 1794 siugulis
1004 1730 1163 1781 civitatibus
1184 1732 1311 1792 Dorieie,
1338 1747 1409 1796 quse

865 1798 975 1850 loedere
995 1815 1055 1849 eum
1077 1800 1222 1865 Spartanis
1240 1802 1407 1852 coniunctae

866 1874 955 1930 erunt,
970 1869 1096 1934 Spartam
1109 1871 1242 1919 invitatos
1256 1888 1278 1921 s.
1293 1872 1408 1921 sreessi·

866 1944 910 1988 toa
928 1942 955 1987 in
969 1938 1127 1998 concilium
1145 1939 1217 1988 haud
1233 1939 1315 1989 aliter
1326 1930 1408 2004 ἅγγε-

865 2007 909 2056 λοι
923 2008 1050 2059 dicuutur
1064 2009 1091 2072 l,
1111 2009 1208 2061 3669.
1242 2005 1407 2072 συμμάχους

865 2079 924 2132 sive
942 2075 1119 2142 συμμαχίαν,
1142 2083 1173 2132 ut
1185 2077 1267 2141 alibi,
1288 2080 1407 2144 Spartae

865 2146 995 2213 intelligit
1008 2148 1098 2198 socios
1111 2148 1212 2198 liberos
1225 2154 1311 2213 etque
1322 2139 1405 2198 αὖτο-

865 2211 987 2279 νόμους,
1002 2218 1048 2282 qni
1062 2232 1111 2281 pro
1124 2218 1243 2268 foederis
1254 2219 1350 2270 Dorici
1363 2233 1407 2268 ra-

865 2287 940 2335 tione
954 2286 998 2336 sui
1014 2301 1125 2351 prorsus
1144 2292 1223 2337 erant
1234 2288 1311 2338 iuris.
1350 2289 1406 2338 Ne·

864 2370 915 2420 que
930 2356 1001 2407 enim
1012 2354 1041 2404 hi
1055 2358 1139 2418 socii,
1153 2363 1185 2406 ut
1199 2355 1406 2408 Atheniensium

863 2424 948 2487 socii,
971 2424 1111 2475 tributarii
1128 2426 1210 2476 ferme
1226 2426 1339 2476 fuerunt
1356 2431 1407 2476 unt

864 2493 937 2544 dicto
955 2494 1098 2546 audientes
1109 2495 1252 2561 Spartanis
1267 2496 1295 2544 in
1312 2497 1347 2546 iis
1363 2512 1406 2546 το-

862 2563 929 2626 bus,
946 2579 1016 2629 quse
1029 2565 1065 2614 sd
1081 2580 1159 2617 suum
1173 2566 1292 2631 ipsorum
1308 2567 1406 2616 eivita-

862 2638 916 2685 tem
940 2636 1122 2698 pertinerent,
1152 2638 1231 2686 unice
1255 2639 1345 2687 uoseti
1368 2637 1406 2686 ad

862 2703 1028 2769 praestanda
1044 2705 1190 2770 quaedum,
1207 2704 1305 2756 bellum
1321 2707 1346 2755 si
1359 2721 1405 2757 ex-

862 2778 950 2823 ortum
961 2777 1042 2824 esset.
1069 2775 1173 2841 Singuli
1185 2774 1352 2839 singularum
1365 2776 1405 2826 ei-

862 2844 994 2906 vitatum‚
1013 2859 1083 2909 quae
1099 2845 1163 2895 huie
1178 2844 1280 2896 foederi
1300 2845 1404 2896 adseri-

861 2916 925 2975 ptne
938 2917 1031 2975 erunt,
1048 2913 1132 2979 legati
1141 2914 1268 2979 Spartam
1283 2914 1404 2967 aliumve

860 2980 996 3032 inlocum
1013 2998 1031 3031 a
1050 2983 1209 3047 Spartanis,
1232 3000 1315 3049 penes
1334 3001 1403 3049 qnos

861 3053 1032 3102 convocandi
1042 3053 1083 3103 ius
1096 3053 1182 3104 fnisse
1193 3054 1314 3117 videtur,
1332 3054 1404 3104 indi·

862 3125 953 3171 catum
966 3137 1131 3183 convenere,
1143 3124 1176 3174 de
1191 3123 1272 3173 rebus
1284 3139 1404 3174 eommu-

862 3191 942 3240 nibus
956 3191 1152 3251 eonsultutnri,
1165 3194 1256 3257 pronti
1267 3208 1310 3244 res
1323 3193 1401 3256 tulit3

861 3276 911 3309 nee
924 3259 1006 3310 uliam
1018 3260 1077 3310 fere
1090 3264 1118 3311 iu
1133 3263 1184 3312 hoe
1196 3267 1276 3313 coetu
1290 3279 1404 3327 praero-

860 3331 981 3393 gativum
991 3330 1119 3382 habuisse
1128 3333 1254 3383 videntur
1261 3333 1403 3397 Spartani,

860 3398 914 3447 nisi
926 3400 997 3464 qnod
1009 3401 1081 3450 inter
1093 3402 1222 3452 civitatee
1235 3417 1322 3467 seque
1335 3402 1404 3455 libe·

859 3483 905 3521 rus
924 3469 1133 3520 eonfoederatus
1157 3472 1307 3535 principem
1329 3472 1403 3523 obti-

860 3543 955 3587 nerent
973 3538 1070 3591 locum.
1106 3541 1147 3592 Cf.
1167 3541 1291 3604 Thucyd.
1310 3541 1336 3600 1,
1353 3542 1400 3594 67.

859 3605 941 3657 Plura
951 3608 983 3658 de
991 3608 1304 3674 hoePeloponuesiorum
1315 3627 1336 3662 s.
1345 3612 1403 3661 De-

858 3676 973 3726 riearnm
988 3678 1109 3742 gentium
1126 3680 1234 3730 loedere
1251 3682 1307 3730 vid.
1324 3683 1402 3745 apud

858 3746 998 3797 Kortiim.:
1018 3748 1145 3813 Beitrtige
1161 3766 1184 3800 z.
1197 3749 1401 3801 Gesehiehted.

858 3813 956 3865 hellen.
976 3820 1027 3866 ete.
1045 3832 1108 3881 pag.
1121 3818 1153 3869 31
1171 3834 1245 3883 seqq.
1266 3822 1298 3869 44
1311 3835 1400 3885 seqq„

858 3883 1061 3937 Weehsmuth.:
1082 3887 1189 3939 Hellen.
1201 3889 1399 3940 Altertbumsk.

858 3953 882 4003 1.
895 3969 957 4019 pag.
972 3954 1021 4004 180
1034 3971 1090 4022 seq.
1105 3957 1154 4007 221
1166 3974 1223 4021 seq.
1236 3957 1286 4009 807
1298 3974 1355 4023 seq.
1371 3964 1401 4009 et

859 4025 1005 4088 praecipue
1023 4027 1096 4091 apud
1110 4027 1140 4077 0.
1154 4028 1185 4079 F.
1199 4028 1398 4079 Hermaunum:

858 4091 966 4143 Grieeh.
991 4094 1196 4147 Stastsalterth.
1222 4098 1246 4159 ἐ.
1270 4097 1313 4149 34.
1354 4098 1401 4148 Ad

858 4162 940 4212 verbu
951 4159 1177 4229 συγγινώσκομεν
1187 4160 1319 4216 αὐτοῖσιν
1330 4157 1400 4230 ἡμῖν

858 4225 893 4280 οὐ
906 4228 1041 4297 ποιήσασι
1057 4234 1085 4299 (i.
1100 4252 1123 4285 e.
1135 4238 1261 4297 fatemur,
1275 4240 1401 4299 nosipsos

857 4316 906 4350 nou
924 4311 992 4353 reete
1004 4304 1109 4370 secuse)
1127 4305 1198 4355 conl.
1213 4311 1283 4357 nott.
1298 4306 1333 4355 ed
1347 4305 1398 4369 IV,

856 4370 891 4422 43
908 4374 936 4421 et
954 4372 989 4422 ud
1003 4374 1087 4424 verbu
1108 4364 1282 4437 ἐπαρθέντες
1299 4367 1400 4440 κιβδή-

856 4436 929 4491 λοισι
939 4438 1102 4508 μαντηίοισι
1112 4445 1184 4498 unns.
1192 4446 1215 4510 Ι,
1225 4445 1272 4508 66;
1285 4446 1319 4497 de
1328 4461 1398 4498 voce
