3100 5175
287 417 350 481 162
723 420 991 484 HERODOTI

287 605 358 664 λων
370 592 515 676 ἀδικέει,
531 590 571 662 οὗ
586 591 768 681 παρεόντος
781 596 1010 682 κατηγορέων·
1035 591 1053 665 δ
1068 595 1106 665 δέ
1120 591 1267 680 ἀδικέει,
1281 591 1427 666 ἀναπει·

286 697 431 787 θόμενος
453 699 533 784 πρὶν
553 692 573 785 ἢ
591 693 755 785 ἀτρεκέως
776 700 919 786 ἐκμάθῃ.
951 695 969 767 ὁ
990 699 1028 768 δὲ
1049 697 1091 788 δὴ
1110 696 1225 768 ἀπειδν
1239 704 1300 769 τοῦ
1319 699 1444 788 λόγου,

287 800 367 870 τάδε
387 805 425 872 ἐν
440 797 570 870 αὐτοῖσι
590 798 775 882 ἀδικέεται,
799 806 997 890 διαβληθείς
1018 830 1054 871 τε
1076 798 1142 871 ὑπὸ
1162 807 1223 872 τοῦ
1237 804 1352 890 ἑτέρου
1367 805 1427 872 καὶ

252 923 269 974 8
287 906 461 994 νομισθεὶς
476 902 557 989 πρὸς
571 910 631 974 τοῦ
644 906 760 989 ἑτέρου
774 907 875 985 κακδς
890 904 986 974 εἶναι.
1015 902 1102 975 Ἀλλ’
1117 912 1149 975 εί
1161 912 1181 975 δ
1185 904 1203 994 ἡ
1218 911 1274 975 δεῖ
1284 933 1322 992 γε
1336 906 1425 975 πάν-

286 1036 351 1089 τως
371 1010 425 1078 ἐπὶ
445 1005 523 1087 τούς
543 1004 669 1094 ἀνδρας
688 1008 827 1089 τούτους
847 1008 1108 1096 στρατεύεσθαι,
1136 1012 1236 1097 φέρε,
1264 1009 1426 1098 βασιλεὺς

284 1112 347 1199 μὲν
361 1109 460 1191 αὐτὸς
475 1114 513 1181 έν
526 1108 625 1199 ἤθεσι
645 1126 730 1180 τοῖσι
747 1115 908 1197 Περσέων
922 1114 1066 1199 μενέτω·
1094 1108 1206 1202 ἡμέων
1221 1113 1258 1181 δέ
1272 1110 1421 1202 ἀμφοτέ·

285 1243 356 1302 ρων
379 1215 688 1304 παραβαλλομένων
714 1211 754 1283 τά
775 1217 877 1284 τέκνα
900 1214 1120 1302 στρατηλάτεε
1140 1212 1239 1296 αὐτὸς
1258 1216 1320 1303 σίν,
1347 1219 1421 1285 ἐπι-

285 1318 462 1407 λεξάμενός
477 1345 512 1386 τε
533 1314 660 1406 ἀνδρας
679 1316 757 1397 τούς
772 1320 921 1405 ἐθέλεις,
947 1320 1002 1387 καὶ
1015 1316 1129 1407 λαβοδν
1142 1317 1325 1409 στρατιὴν,
1344 1316 1423 1389 ὁκό-

284 1443 348 1511 σην
363 1420 437 1491 τινά
451 1420 599 1510 βούλεαι.
635 1421 691 1489 καλ
711 1415 753 1509 ἢν
767 1421 845 1510 μέν,
867 1428 908 1515 τῇ
928 1420 970 1491 σύ
990 1425 1114 1509 λέγεις,
1135 1419 1304 1513 ἀναβαίνῃ
1322 1429 1420 1511 βασι·

285 1528 337 1596 λέι·
354 1525 394 1595 τὰ
408 1525 602 1614 πρήγματα,
623 1526 834 1594 κτεινέσθων
850 1531 884 1595 oi
895 1527 967 1613 ἐμοὶ
984 1531 1117 1613 παῖδες,
1141 1523 1221 1614 πρὸς
1236 1525 1274 1595 δὲ
1288 1523 1421 1596 αὐτοῖσι

284 1632 340 1699 καλ
355 1629 437 1717 ἐγώ·
461 1624 504 1718 ἦν
519 1630 556 1699 δὲ
572 1634 610 1718 τῇ
627 1625 691 1715 έγιδ
707 1632 878 1716 προλέγω,
893 1634 927 1699 ot
937 1630 989 1699 σοὶ
1003 1635 1107 1698 ταῦτα
1121 1628 1335 1716 πασχόντων,
1356 1627 1422 1698 cdv

284 1736 324 1803 δέ
341 1755 402 1821 σφι
418 1734 472 1802 καὶ
491 1729 553 1819 σύ,
577 1727 619 1821 ἢν
637 1728 878 1821 ἀπονοστήσῃς.
920 1739 965 1802 El
982 1732 1019 1802 db
1033 1737 1137 1802 ταῦτα
1157 1733 1220 1820 μὲν
1233 1728 1420 1802 ὑποδύνειν

282 1834 346 1907 οὐκ
360 1836 550 1925 ἐθελήσεις,
573 1834 616 1904 σύ
636 1837 673 1905 δέ
695 1834 828 1916 πάντως
848 1832 1038 1924 στράτενμα
1052 1833 1183 1918 ἀνάξεις
1201 1838 1256 1904 tui
1271 1834 1333 1925 τὴν
1347 1831 1419 1904 Ἑλ-

282 1940 385 2027 λάδα,
407 1937 616 2010 ἀκούσεσθαί
634 1938 710 2009 τινά
723 1966 809 2029 φημι
831 1943 900 2008 τῶν
913 1936 1019 2009 αὐτοῦ
1032 1944 1112 2028 τῇδε
1132 1935 1420 2028 ὑπολειπομένων,

285 2043 486 2132 Μαρδόνιον
505 2047 590 2134 μέγα
612 2072 643 2112 τι
664 2040 769 2112 κακὸν
790 2045 1031 2134 ἐξεργασμένον
1045 2046 1192 2132 Πέρσας,
1215 2039 1281 2112 ὑπὸ
1304 2050 1420 2113 κυνῶν
1449 2072 1455 2082 ·

283 2241 302 2317 ἢ
312 2255 443 2317 sequente
452 2251 629 2303 coniunctivo
639 2250 696 2302 vid.
707 2254 777 2302 nott.
790 2250 826 2301 ud
875 2249 985 2302 ridetur
995 2241 1163 2316 ἀναβαίνειν
1175 2247 1246 2299 idem
1256 2249 1313 2299 sere
1324 2254 1420 2300 uetere

281 2322 387 2379 v11‚8.
403 2323 427 2382 5.
442 2323 467 2369 2.
877 2326 960 2385 utque
973 2311 1157 2385 ἀποβαίνειν,
1181 2318 1251 2386 quod
1273 2318 1306 2368 de
1328 2318 1417 2379 rebus,

318 2384 378 2440 idi
393 2382 429 2453 δὴ
445 2380 544 2437 ἀπεὼν
557 2385 609 2437 τοῦ
617 2378 713 2452 λόγον]
729 2389 747 2441 i.
759 2403 783 2438 e.
793 2390 825 2447 ei,
876 2406 941 2455 quae
950 2388 1334 2454 euerriurrterentumpuebubcnt,
1342 2404 1420 2439 usnr-

282 2462 325 2525 qur'
338 2476 354 2508 u
368 2473 481 2509 εετιιιοιιο
499 2456 715 2521 (criminatione)
734 2458 827 2507 absens
876 2461 935 2524 puri
958 2460 1091 2509 novimus.
1131 2459 1189 2509 Nec
1210 2457 1291 2508 valde
1314 2459 1419 2509 recedit

282 2538 333 2590 eet,
351 2533 376 2580 in
392 2528 459 2579 bisce
473 2529 566 2579 iniuria
579 2530 614 2592 pit
635 2525 760 2593 (duplici)
781 2528 826 2577 boc
876 2520 1050 2594 ἀναχωρεῖν,
1072 2527 1105 2578 de
1118 2543 1171 2594 quc
1188 2528 1245 2578 dixi
1260 2529 1296 2578 cd
1309 2529 1416 2593 VI1,4.

281 2602 352 2650 modo
368 2592 477 2665 (τάδε),
496 2607 522 2649 ut
536 2607 563 2649 et
577 2598 609 2648 ub
623 2602 705 2647 altero
723 2614 826 2648 arcuer-
879 2626 908 2636 -
917 2600 962 2649 De'
971 2600 1128 2664 imperativi
1139 2597 1416 2660 Ιοειηακτεινέσθων,

281 2678 323 2720 tur
338 2679 363 2720 et
385 2670 416 2720 ab
436 2671 517 2719 nitere
538 2670 618 2719 mutue
640 2682 696 2717 esre
711 2676 823 2730 putetur.
876 2668 976 2719 Atticis
996 2669 1175 2733 scriptoribus
1197 2668 1279 2734 vulgo
1303 2670 1417 2724 tributa.

281 2743 409 2807 Sequitur
421 2740 613 2804 participium,
635 2737 683 2786 ubi
699 2738 733 2787 ob
746 2753 824 2802 pree·
876 2754 908 2788 ex
925 2739 1027 2788 Ionicis
1046 2744 1128 2804 etque
1146 2739 1255 2789 Derieis
1278 2740 1418 2803 scriptori-

279 2826 401 2876 greseum
420 2803 488 2860 τάδε
508 2807 689 2874 exspectabas
714 2795 759 2857 ὅτι
780 2807 824 2859 vel
875 2808 925 2858 bus
943 2806 1022 2873 piuru
1043 2808 1078 2859 ud
1097 2807 1122 2857 h.
1135 2807 1153 2857 Ι.
1171 2807 1282 2873 collegit
1294 2808 1417 2873 exemplu

281 2880 458 2946 similequid.
873 2877 1038 2927 Valckeuer.
1073 2878 1123 2927 .Tu
1141 2876 1197 2929 vid.
1216 2877 1333 2927 Bredov.
1350 2894 1413 2943 pag.

516 2985 541 3046 §-
561 2981 586 3032 3⁸
874 2947 940 3009 337,
956 2948 1003 3029 qui
1011 2946 1146 2997 Herodoti
1154 2946 1224 3030 hunc
1234 2948 1354 3028 Atticum
1367 2949 1416 3028 im—

316 3076 346 3136 έν
359 3076 445 3150 ἤθεσι
460 3086 534 3135 τοῖσι
549 3075 693 3147 Περσέων]
718 3082 736 3134 i.
759 3097 783 3136 e.
798 3084 823 3131 iu
873 3015 1241 3150 ἀάέάέιάἀιάἀάῃάἀδάεὲἀάᾳω
1261 3016 1415 3067 ιᾶὴιδθῃω

279 3159 418 3208 Persarum
427 3157 536 3205 sedibus.
553 3154 739 3212 Sittianorum,
749 3152 824 3218 apud
910 3149 940 3205 ci
951 3151 995 3204 σολ
1009 3153 1097 3205 ταῦτα
1106 3148 1287 3220 πασχόντων]
1301 3155 1334 3205 In
1344 3171 1414 3205 meu-

279 3228 388 3277 Icuicos
404 3226 555 3289 scriptores
571 3213 647 3285 ἤθεα
665 3229 751 3272 certas
768 3222 824 3272 dici
874 3230 927 3276 tem
949 3225 1025 3276 veuit
1043 3215 1146 3274 ταάτοὶι
1177 3225 1289 3275 eadem
1305 3229 1414 3304 puticu-

260 3297 368 3360 'sedes‚
391 3299 449 3359 βπα
469 3293 600 3344 domicilia.
639 3290 723 3341 Plura
743 3291 775 3341 G·
798 3292 823 3342 I·
874 3302 916 3346 tur
930 3297 967 3344 tui
977 3294 1057 3345 liberi.
1082 3293 1200 3344 Verbum
1213 3285 1373 3343 duodecem
1385 3295 1412 3343 iu

279 3365 396 3416 Bekker.
409 3365 437 3413 iu
451 3362 568 3428 Specim.
585 3360 743 3411 Philostrut.
758 3376 822 3425 pag.
873 3380 947 3430 seqq.
964 3363 1039 3414 velet
1057 3367 1134 3425 inire,
1155 3363 1253 3424 subire,
1270 3366 1296 3413 in
1310 3381 1339 3415 se
1350 3366 1414 3414 reei-

279 3435 314 3485 30
323 3449 411 3500 seqq,
426 3447 480 3497 quo
492 3432 622 3480 ium'ueus
636 3445 695 3481 sum
707 3432 736 3480 iu
749 3436 820 3481 nott.
870 3450 942 3498 pere.
976 3434 1055 3487 Cous.
1070 3435 1123 3492 IV,
1141 3433 1196 3484 120.
1213 3434 1282 3496 VII,
1304 3433 1411 3486 134fi11.

278 3505 314 3554 ed
328 3504 357 3566 1,
377 3502 416 3553 111.
441 3503 518 3564 Ques
530 3501 660 3550 continuo
674 3500 823 3551 subiiciuu-
871 3506 913 3554 De
924 3503 1021 3554 vocula
1037 3495 1072 3552 οά
1088 3505 1117 3553 in
1129 3504 1267 3554 sententie
1280 3504 1413 3554 conditio·

279 3581 335 3625 tur:
354 3563 449 3638 ἡμέων
462 3564 493 3620 δέ
503 3563 671 3633 ἀμφοτέρων
681 3568 823 3637 παραβαλ-
873 3573 928 3623 neti
950 3569 988 3639 (εἰ
1005 3566 1038 3622 δέ
1053 3600 1086 3609 -
1100 3564 1163 3621 οάκ
1178 3564 1337 3636 ἐθελήσεις)
1356 3571 1411 3627 vid,

277 3636 404 3707 λομένων
418 3635 452 3691 τὰ
468 3634 565 3701 τέκνα,
583 3639 691 3691 Goeller
700 3640 735 3690 ed
745 3639 820 3690 'Pbu-
871 3643 956 3693 uitet·
968 3642 1004 3692 ud
1015 3643 1055 3695 VI
1063 3681 1069 3706 ,
1082 3641 1107 3693 9.
1137 3642 1169 3691 ln
1186 3643 1277 3695 verbis
1291 3643 1412 3708 proxime

278 3713 368 3778 cydid.
386 3714 425 3774 V,
444 3709 491 3762 tlt
506 3710 584 3761 reddi
599 3708 671 3759 vult:
698 3711 722 3760 in
739 3711 819 3760 medio
871 3713 1051 3779 sequentibus
1080 3705 1113 3761 σύ
1141 3705 1173 3760 δέ
1199 3705 1311 3770 πάντας
1332 3706 1412 3775 erpei-

277 3785 396 3846 depositis
425 3783 538 3832 nocuum
564 3782 693 3846 utriusque
722 3780 818 3831 tiberis.
870 3779 957 3846 τευμα
966 3775 1096 3844 ἀνάξεις,
1110 3782 1138 3831 in
1148 3783 1246 3849 quibus
1261 3775 1291 3831 δέ
1300 3798 1409 3848 respon-

277 3854 409 3919 Equidem
421 3852 528 3903 mulim:
552 3853 661 3901 rostaim
671 3867 732 3901 uero
748 3859 819 3900 utro·
869 3852 915 3902 det
926 3851 1150 3903 antecedentibus
1159 3850 1249 3901 ταῦτα
1260 3845 1338 3917 μὲν,
1352 3868 1411 3918 pru·

276 3940 324 3989 qur
345 3923 439 3974 liberos
456 3937 516 3972 cuce
536 3922 735 3984 periclitantes.
754 3919 819 3970 belli
870 3937 968 3972 nomeu
987 3915 1022 3971 σά
1042 3938 1102 3973 cum
1119 3922 1146 3972 vi
1164 3922 1281 3988 quedem
1302 3926 1410 3988 ponitur

275 3995 384 4045 vicibus
396 3991 578 4058 periculisque
591 3990 753 4052 obiiciente,
772 4006 819 4040 ex·
870 3991 965 4043 eodem
977 3992 1140 4054 termedo,
1158 4008 1211 4057 quo
1227 3993 1301 4043 iutra
1313 3992 1341 4041 iu
1351 4007 1409 4042 rer·

275 4069 402 4129 ponente.
434 4062 523 4127 Attigi
543 4061 654 4111 verbum
673 4051 818 4124 παραβάλ·
868 4061 926 4112 bis:
957 4054 977 4125 ἧ
1002 4057 1085 4125 σέγε
1104 4052 1135 4111 έν
1154 4058 1190 4127 τῇ
1208 4059 1408 4124 Λακεδαίμονι,

275 4133 375 4183 λεσθαι
397 4133 433 4183 ud
445 4130 585 4182 Plutarch.
603 4129 770 4194 Philopoem.
789 4146 816 4193 p.
868 4131 915 4182 ubi
936 4146 1003 4182 seue
1021 4132 1112 4182 omitti
1135 4132 1227 4196 potuit
1255 4145 1418 4197 pronomen„

275 4204 318 4256 52.
354 4201 423 4253 edd.
437 4199 629 4265 Wytteubuch.
649 4199 685 4250 ed
702 4199 815 4252 Selectt.
869 4201 948 4263 Quod
960 4217 1025 4251 vero
1037 4191 1115 4261 ἀξεις
1128 4216 1176 4266 pru
1187 4193 1303 4261 ἀνάξεις
1316 4198 1409 4266 ταρσοὶ

275 4273 415 4324 historice.
428 4286 490 4336 pag.
501 4271 563 4323 351.
868 4270 927 4322 vult
937 4270 1028 4321 Nuber
1049 4271 1229 4335 (Mnemosyn.
1246 4271 1293 4320 lv.
1310 4286 1338 4334 p.
1353 4268 1407 4328 25),

309 4337 358 4391 καλ
376 4331 413 4405 ἢν
433 4332 484 4404 μέν
509 4335 545 4404 τῇ
566 4331 601 4388 οδ
621 4330 719 4403 λέγεις,
746 4327 818 4387 ἀνοι-
867 4339 941 4391 hund
951 4343 1097 4392 assentior.
1109 4335 1252 4392 Αδαδτοῦ
1261 4337 1407 4404 τῇδεοοηί.

274 4408 360 4478 βαίνῃ
376 4407 485 4477 βασιλέϊ
494 4401 530 4458 τά
543 4404 703 4473 πρήγματα]
726 4409 743 4457 i.
757 4423 782 4459 e.
793 4410 818 4458 εἰ
867 4411 955 4461 citata
966 4411 1001 4461 ud
1014 4411 1037 4473 Ι,
1053 4410 1112 4464 189.
1127 4410 1181 4470 lv,
1198 4408 1256 4460 1³5.
1271 4409 1334 4472 VII,
1350 4408 1407 4458 141.

274 4497 318 4533 rer
329 4484 379 4543 ita,
396 4487 424 4530 ut
436 4481 492 4543 αίε,
506 4480 563 4543 repr*
575 4479 733 4529 successerit.
761 4478 817 4529 Ubi
901 4472 959 4530 ὑπὸ
977 4478 1073 4530 κανων
1091 4494 1120 4530 τε
1135 4475 1183 4529 καὶ
1199 4470 1332 4545 ὀρνίθων
1350 4475 1409 4528 δια-
