3100 5175
525 405 707 468 ERATO.
730 407 785 467 Vl.
804 415 925 472 so—sr.
1231 404 1293 469 287

77 631 84 642 .
153 580 312 666 διέβαλλε
334 576 395 648 τὸν
417 582 625 666 Κλεομένεα,
654 578 899 667 laudensinde
921 581 977 648 καὶ
999 570 1095 658 οὗτος
1117 590 1290 670 Σπαρτιη-

152 685 257 766 τέων,
283 689 392 769 οἰκίης
412 683 448 750 δὲ
470 688 528 770 τῆς
542 677 803 770 ὑποδεεστέρης,
826 679 901 752 κατ’
915 681 997 752 ἄλλο
1011 684 1075 771 μὲν
1088 681 1191 752 οὐδὲν
1206 680 1290 752 ὑπο·

153 788 330 873 decorione
345 783 425 866 (ἀπὸ
439 784 504 872 γὰρ
518 790 580 858 τοῦ
594 783 699 855 αὐτοῦ
713 786 903 873 γεγόνασι),
924 784 1008 858 κατὰ
1023 794 1291 875 πρεσβυγενείην

154 892 193 958 de‘
206 916 273 968 κως
287 895 458 976 τετίμηται
472 894 601 976 μᾶλλον
613 885 633 976 ἡ
650 887 897 977 Εὐρυσθένεος.

230 990 492 1081 Λακεδαιμόνιοι
515 990 580 1079 γὰρ
598 986 834 1080 ὁμολογέοντες
859 987 975 1060 ου’ὄενλ
997 996 1118 1080 ποιητῇ
1142 993 1337 1077 λε’γουσι,52

748 1191 866 1255 itemque
879 1191 909 1240 (l.
922 1190 956 1242 Ο.
971 1191 1093 1243 Mueller.
1108 1193 1173 1244 Dor.
1187 1191 1209 1245 Ι.
1224 1208 1288 1256 pag.

748 1261 782 1309 52
798 1266 854 1310 not.
881 1260 1022 1310 Neminem
1043 1263 1128 1312 enim.
1149 1263 1188 1310 ait
1203 1261 1288 1310 llero-

747 1329 839 1388 dotus,
851 1348 865 1381 e
875 1331 965 1394 poetis
976 1332 1083 1394 (epicis)
1096 1347 1129 1380 ea
1142 1332 1170 1379 iu
1184 1346 1213 1379 re
1225 1347 1289 1379 eon·

747 1401 851 1449 sentire
874 1415 935 1450 cum
957 1400 1025 1463 ipris
1045 1400 1217 1462 Laconibus,
1241 1400 1289 1463 qni

362 1224 429 1276 Car.
443 1225 490 1275 Ll.

204 1323 350 1392 διέβαλλε]
398 1328 459 1378 Hoc
494 1328 603 1392 reposui
637 1342 696 1377 cum

155 1395 322 1462 Schweigh..
343 1398 430 1448 Gaias.
450 1402 478 1446 et
499 1402 614 1449 recenti.
635 1398 696 1448 edd.

154 1482 202 1530 pro
213 1465 335 1533 διέβαλε.
358 1469 399 1518 De
413 1467 490 1517 verbi
500 1466 697 1530 significatione

154 1536 189 1585 cl.
208 1536 245 1585 ad
258 1538 296 1598 V,
311 1537 345 1585 35
362 1541 433 1585 nott.
462 1526 614 1597 ὑπομένων
629 1536 698 1585 ‹lici-

153 1611 198 1655 tur
217 1608 400 1665 Demaratus,
421 1606 483 1670 qui,
505 1621 557 1669 quo
576 1611 697 1669 tempore

155 1673 313 1725 Cleomenes
340 1676 437 1725 aberat
453 1676 585 1738 Aeginam
609 1676 697 1739 prole·

154 1751 229 1802 ctus,
247 1745 322 1795 domi
338 1747 366 1794 in
383 1746 444 1809 ipsa
458 1745 559 1808 Sparta
575 1759 697 1794 remane-

153 1817 208 1865 bat.
234 1815 268 1864 In
280 1816 371 1865 verbis
386 1815 508 1879 proxime
521 1814 697 1878 sequentibus

153 1884 226 1934 lrand
244 1886 304 1936 sine
329 1886 357 1933 vi
375 1883 493 1949 quadam
515 1883 697 1947 interponitur

152 1949 200 2002 καὶ
217 1943 318 2016 οὗτος,
340 1956 358 2003 i.
372 1969 396 2004 e.
415 1953 511 2003 itidem:
531 1951 564 2002 de
585 1968 639 2018 quo
659 1952 696 2001 ci.

747 1469 947 1518 Aristodemum
957 1469 985 1518 in
994 1470 1142 1522 Laconiam
1153 1470 1289 1518 invasisse

746 1540 863 1602 primurn
872 1538 1029 1602 tradebant,
1040 1539 1120 1588 aliter
1130 1543 1212 1602 atque
1224 1538 1289 1601 poi}-

748 1615 802 1670 tae,
816 1622 929 1671 qnorum
942 1607 1055 1668 lamam,
1068 1608 1178 1671 opinor,
1194 1605 1288 1655 retulit

747 1677 900 1728 Pausanias
911 1676 967 1736 111,
987 1677 1009 1726 l.
1025 1678 1079 1738 §.5
1099 1677 1156 1738 (ubi
1175 1673 1287 1724 attende

746 1748 858 1796 verbnm
882 1745 1018 1796 adiectum
1044 1737 1172 1808 λέγουσι)
1194 1743 1287 1793 collat.

746 1814 848 1880 Ephor.
866 1814 940 1878 apud
957 1815 1083 1864 Strabon.
1098 1815 1174 1864 Vlll.
1195 1829 1219 1877 p.
1236 1811 1289 1862 5th

747 1888 807 1935 sive
824 1899 888 1949 pag.
905 1885 954 1934 113
972 1885 1060 1934 Marx.
1075 1883 1105 1934 C.
1117 1885 1150 1943 t).
1164 1882 1287 1935 Mueller.

747 1955 767 2007 l.
783 1954 800 2002 l.
818 1955 841 2004 1.
854 1969 916 2018 pag.
930 1951 974 2003 aa.
1002 1955 1040 2002 Hi
1055 1955 1126 2003 enim
1139 1952 1288 2016 Eurysthe-

153 2023 311 2074 l'ritzsche:
335 2025 462 2084 Quaestt.
482 2024 565 2074 Lace.
583 2038 645 2087 pag.
662 2023 696 2071 84
747 2040 809 2075 nem
821 2030 849 2072 et
860 2022 997 2085 Proclem,
1009 2024 1100 2072 occiso
1116 2022 1288 2072 Aristodemo

153 2110 210 2159 seq.
238 2094 304 2144 Bini
318 2095 389 2143 enim
403 2108 464 2142 curn
480 2097 572 2143 essent
586 2093 698 2156 Sparta·
747 2099 834 2158 patre,
848 2097 995 2156 antequam
1010 2094 1097 2142 Dares
1111 2094 1198 2156 ipsam
1212 2090 1289 2140 Pelo-

153 2179 248 2214 nnrum
266 2178 359 2227 reges,
372 2163 442 2212 alter
456 2162 613 2225 Agidarum,
628 2161 697 2210 alter
746 2178 897 2228 ponnesum
909 2162 1123 2226 ingrederentur,
1132 2167 1232 2211 terram
1245 2177 1290 2210 oe-

153 2231 405 2297 lJnrypontidarnm
416 2248 429 2281 e
442 2232 556 2290 familia,
566 2231 639 2296 iique
650 2246 697 2295 pa·
747 2248 865 2297 cupasse
872 2231 1222 2296 probabilitercecinersnt.
1233 2230 1290 2279 lta·

154 2318 196 2353 res
214 2303 383 2352 auctoritate
407 2308 435 2351 et
458 2300 594 2365 dignitate
617 2304 697 2364 vulgo
747 2319 798 2368 qne
811 2303 904 2365 sariram
915 2300 987 2366 apud
999 2301 1289 2365 ipsosSpartanosrul·

154 2372 334 2431 haberentur,
361 2372 426 2436 quia
452 2376 569 2435 utraque
592 2371 697 2420 familia
744 2379 831 2436 param
845 2372 945 2420 Noster
957 2373 1070 2436 opponit
1084 2380 1192 2420 veterum
1201 2372 1288 2432 porin-

153 2444 286 2507 originem
308 2441 426 2491 ducebat
438 2440 473 2489 ab
485 2440 657 2504 Borysthene
670 2445 697 2487 et
746 2455 800 2490 rura
810 2440 978 2502 auctoritati,
987 2443 1013 2490 in
1024 2455 1136 2504 quorum
1148 2453 1288 2489 numerum

153 2512 263 2571 Procle,
283 2513 331 2576 qui
348 2510 516 2560 Aristodemi
534 2509 581 2557 lilii
597 2509 697 2574 gemini
747 2511 829 2561 etiam
851 2510 984 2576 Tyrtaeum
998 2511 1128 2574 quosdam
1143 2511 1231 2559 minus
1246 2523 1288 2557 re·

153 2598 186 2631 ac
203 2598 285 2647 pares
304 2580 441 2645 dignitate
461 2585 488 2630 et
507 2579 561 2644 ipsi
574 2579 697 2644 perhibe·
747 2586 792 2631 cte
814 2581 941 2630 retulisse
958 2579 1053 2640 rideo,
1075 2595 1136 2630 cnm
1155 2579 1182 2629 h.
1203 2578 1220 2628 l.
1241 2592 1287 2627 eos

152 2653 263 2713 bantur,
278 2653 380 2701 Noster
392 2651 434 2700 bis
451 2651 569 2714 ipsorum
585 2652 696 2714 Sparta·
746 2650 838 2715 potius
864 2653 964 2701 Noster
998 2651 1133 2713 respicere
1163 2648 1289 2697 videatur

153 2737 247 2773 norum
260 2721 362 2771 lamam
376 2719 497 2784 opponit,
511 2735 543 2769 er
558 2734 612 2784 qrra
626 2722 697 2768 iuter

152 2797 298 2856 utramque
310 2792 421 2854 stirpem
434 2790 475 2838 sic
486 2789 697 2853 distinguerent,

152 2868 183 2911 nt
198 2860 380 2925 Eurysthenis
397 2860 480 2923 stirps
496 2859 609 2907 alteram
622 2873 698 2922 prae·

151 2932 205 2981 iret
218 2930 337 2993 honore,
355 2931 416 2995 ipsa
430 2930 522 2979 munia
536 2929 611 3045 regia
631 2927 698 2977 lieet

153 3002 231 3065 paria
246 3004 349 3051 essent.
376 2999 528 3048 adversm
549 2995 641 3060 οιιίης
660 2997 696 3045 ci.

153 3071 181 3132 Ι,
201 3071 249 3121 107
269 3071 362 3134 ibique
375 3073 444 3118 nott.
477 3069 563 3129 Quam
577 3067 699 3116 Herodo-

153 3148 197 3190 tus
218 3140 264 3190 lric
286 3139 353 3189 dicit
373 3135 605 3202 πρεσβυγενείην,
627 3137 697 3186 Pau·

153 3227 212 3260 san.
227 3210 285 3269 ΙΙΙ,
299 3209 325 3259 3.
339 3211 363 3270 5.
376 3208 393 3257 8
411 3210 522 3256 vocavit
536 3202 698 3271 πρεσβειήν,

153 3282 170 3333 ἰ.
186 3298 209 3331 e.
232 3280 377 3343 dignitatern
393 3279 502 3326 senioris
520 3279 579 3326 sire
597 3277 699 3324 maioris

153 3360 222 3400 nata.
251 3349 296 3399 Cf.
311 3346 427 3398 Siebelis
442 3346 477 3396 ad
492 3346 518 3395 lr.
535 3346 552 3395 l.
576 3361 638 3411 pag.
656 3344 695 3395 10.

356 3520 422 3571 Car.
435 3521 496 3571 Lll.

187 3617 413 3686 Λακεδαιμόνιοι
435 3616 487 3687 γὰρ
506 3639 532 3674 κ.
549 3637 572 3672 τ.
587 3619 625 3685 λ]
653 3621 700 3671 Se·

151 3697 247 3760 quitur
272 3693 299 3744 lr.
326 3693 344 3743 l.
371 3694 505 3757 digressio
532 3692 565 3742 de
591 3691 699 3755 regibus

152 3767 363 3830 Spartanorum,
375 3778 446 3827 qnae
459 3763 591 3828 perducta
603 3767 645 3811 est
657 3777 701 3811 us·

153 3851 205 3900 qne
221 3833 257 3883 ad
267 3849 330 3897 cap.
343 3832 463 3883 boiaci:
482 3833 606 3898 adquam
620 3847 700 3895 spon·

154 3911 179 3955 te
194 3906 326 3954 Nostrum
344 3902 515 3952 deducebant
527 3919 569 3963 ea,
586 3917 656 3966 quae
671 3902 699 3950 in

153 3975 277 4039 proxime
298 3972 526 4024 antecedentibus
543 3974 576 4021 de
590 3978 700 4022 conten-

153 4047 230 4093 tionc
249 4044 323 4092 inter
336 4041 404 4090 duos
423 4057 515 4105 reges,
529 4042 699 4092 Cleomenem

154 4120 180 4164 et
190 4115 566 4172 Demaratumnarraverat:
587 4128 656 4176 quae
671 4115 702 4160 ut

155 4184 253 4234 melias
274 4179 508 4245 intelligerentur,
528 4181 556 4230 in
574 4182 644 4231 banc
660 4181 700 4230 di-

156 4254 328 4318 gressionem
353 4250 455 4302 abiisse
480 4251 579 4302 Noster
603 4256 700 4315 patan-

156 4324 204 4374 dns
220 4329 273 4373 est.

207 4383 410 4456 ὁμολογέοντες
439 4380 538 4439 οὗδετλ
575 4386 698 4453 ποιητῇ]

157 4463 273 4513 Sensum
294 4460 350 4511 loci
369 4463 444 4510 recte
462 4461 536 4525 cepit
549 4459 702 4523 Scbn'eigb.

745 2722 859 2785 poiitas,
888 2720 935 2783 qui
960 2719 1166 2782 antiquissimas
1186 2719 1288 2766 Dorum

746 2794 903 2853 magestas,
918 2787 1125 2838 ilcraclidarnrn
1139 2802 1172 2836 ac
1186 2788 1289 2836 Dorum

747 2859 871 2922 inprimis
885 2859 1072 2921 migrationes,
1091 2858 1147 2906 alia
1161 2858 1188 2905 id
1202 2871 1288 2917 gerrae

747 2928 914 2978 carminibus
929 2927 1149 2987 celebraverant,
1168 2926 1214 2989 qni
1227 2927 1289 2972 stir-

748 3013 797 3062 pes
821 2994 1029 3047 Heraelirlarunr
1054 2997 1146 3057 regias
1172 2993 1290 3043 deduxe-

748 3071 821 3128 rant,
835 3066 913 3116 sedes
926 3065 960 3114 ab
970 3065 1125 3116 Heraclidis
1138 3069 1235 3129 captas
1249 3079 1289 3112 re·

746 3151 856 3201 gnaque
871 3134 982 3184 condita
996 3141 1200 3184 enarraverunt.
1226 3134 1289 3182 via.

748 3220 856 3271 quoque
873 3205 902 3254 0.
919 3204 952 3254 Ο.
965 3204 1087 3254 Mueller.
1100 3203 1118 3254 l.
1135 3205 1152 3252 l.
1174 3204 1197 3254 l.
1214 3218 1241 3267 p.
1255 3201 1286 3252 51

748 3275 811 3325 coll.
829 3274 872 3325 aa
908 3276 947 3324 Ac
970 3281 1112 3339 praeterea
1136 3276 1218 3323 etiam
1243 3286 1290 3336 per

747 3345 856 3409 singula
868 3345 1005 3395 Laconiae
1020 3344 1121 3409 oppida
1135 3343 1236 3393 multae
1250 3341 1291 3390 fa·

746 3416 829 3464 bulae
840 3431 873 3465 ac
885 3415 1047 3465 traditiones
1060 3415 1092 3463 de
1105 3413 1146 3463 his
1157 3414 1239 3463 rebus
1249 3411 1291 3460 ri·

663 3509 666 3515 ·
747 3486 847 3535 deutur
859 3500 973 3549 sparsae
985 3484 1080 3547 luisse,
1091 3500 1159 3548 quas
1168 3482 1291 3533 Herodo-

748 3564 809 3618 tus,
822 3554 869 3619 qui
885 3555 1042 3617 Laconiam,
1057 3561 1088 3605 ut
1103 3554 1228 3603 norimus
1242 3551 1290 3616 (cl.

748 3630 819 3674 nott.
831 3624 865 3674 ad
878 3624 1056 3689 111‚:›a)‚ipse
1067 3623 1290 3690 perlustraverat,

749 3695 806 3745 suis
831 3710 953 3758 qrrasque
976 3695 1045 3744 locis
1078 3694 1186 3759 accepit
1210 3694 1291 3757 inque

750 3780 819 3828 opas
837 3779 914 3813 suam
926 3764 1030 3814 retulit.
1054 3763 1122 3813 Inde
1136 3763 1230 3829 procul
1244 3764 1292 3811 ‹ln-

750 3835 796 3884 bio
811 3835 964 3895 fluxerunt,
983 3849 1053 3898 quae
1072 3834 1098 3883 b.
1112 3833 1131 3882 l.
1145 3832 1291 3883 memoriae

749 3903 910 3970 produntur,
922 3904 1029 3953 firmata
1039 3906 1120 3953 etiam
1131 3901 1292 3965 Xenophon·

750 3975 787 4023 tis
809 3975 992 4034 arictoritate,
1014 3973 1061 4036 qui
1078 3974 1165 4036 ipsum
1187 3975 1292 4035 patrem

750 4041 969 4101 Aristodemum,
1001 4056 1088 4104 neque
1115 4040 1184 4089 filios
1217 4053 1292 4101 suos,

751 4113 879 4176 Spartam
895 4111 1016 4161 tenuisse
1033 4110 1128 4159 scribit
1147 4110 1175 4159 in
1190 4107 1292 4173 Agesil.

751 4181 778 4232 8.
793 4184 817 4241 §-
833 4181 847 4228 7
862 4179 923 4229 coll.
933 4179 1071 4230 Plutarch.
1083 4180 1186 4245 Agesil.
1200 4179 1240 4229 la.
1260 4179 1292 4227 ln

751 4249 808 4299 alia
828 4250 885 4298 abit
901 4250 1057 4315 Polyaenus
1075 4249 1103 4309 1,
1122 4251 1154 4300 10
1169 4247 1293 4298 Proclem

752 4326 781 4370 et
795 4321 942 4369 Temenum
962 4319 1192 4370 Lacedaemonem
1211 4334 1294 4382 expu-

752 4406 852 4453 gnasse
869 4405 995 4439 narrans.
1037 4390 1190 4440 Aristoderni
1208 4402 1294 4453 genus

754 4460 828 4526 qaod
850 4460 966 4523 attinet,
989 4460 1070 4513 iidem
1091 4461 1223 4520 maiores,
1248 4457 1295 4523 qni
