<?xml version="1.0" encoding="UTF-8"?>
<!DOCTYPE html PUBLIC "-//W3C//DTD XHTML 1.0 Transitional//EN"
    "http://www.w3.org/TR/xhtml1/DTD/xhtml1-transitional.dtd">
<html xmlns="http://www.w3.org/1999/xhtml" xml:lang="en" lang="en">
 <head>
  <title>
</title>
<meta http-equiv="Content-Type" content="text/html;charset=utf-8" />
  <meta name='ocr-system' content='tesseract 3.04.00' />
  <meta name='ocr-capabilities' content='ocr_page ocr_carea ocr_par ocr_line ocrx_word'/>
</head>
<body>
  <div class='ocr_page' id='page_1' title='image "./herodotihalicar01unkngoog/herodotihalicar01unkngoog_0368.png"; bbox 0 0 3100 5175; ppageno 0'>
   <div class='ocr_carea' id='block_1_1' title="bbox 258 383 320 456">
    <p class='ocr_par' dir='ltr' id='par_1_1' title="bbox 258 383 320 456">
     <span class='ocr_line' id='line_1_1' title="bbox 258 383 320 456; baseline -0.032 0"><span class='ocrx_word' id='word_1_1' title='bbox 258 383 320 456; x_wconf 75' lang='grc'>356</span> 
     </span>
    </p>
   </div>
   <div class='ocr_carea' id='block_1_2' title="bbox 694 379 961 449">
    <p class='ocr_par' dir='ltr' id='par_1_2' title="bbox 694 379 961 449">
     <span class='ocr_line' id='line_1_2' title="bbox 694 379 961 449; baseline -0.011 0"><span class='ocrx_word' id='word_1_2' title='bbox 694 379 961 449; x_wconf 74' lang='grc' dir='ltr'><strong><em>ΙΙΙΙΒΟΙ)ΟΤῙ</em></strong></span> 
     </span>
    </p>
   </div>
   <div class='ocr_carea' id='block_1_3' title="bbox 214 556 1402 1278">
    <p class='ocr_par' dir='ltr' id='par_1_3' title="bbox 214 556 1402 1278">
     <span class='ocr_line' id='line_1_3' title="bbox 260 556 1399 656; baseline -0.008 -18"><span class='ocrx_word' id='word_1_3' title='bbox 260 570 350 656; x_wconf 84' lang='grc' dir='ltr'><strong><em>εἶχον</em></strong></span> <span class='ocrx_word' id='word_1_4' title='bbox 364 565 421 648; x_wconf 84' lang='grc' dir='ltr'>τάς</span> <span class='ocrx_word' id='word_1_5' title='bbox 435 569 513 647; x_wconf 81' lang='grc' dir='ltr'><strong><em>νέας</em></strong></span> <span class='ocrx_word' id='word_1_6' title='bbox 526 562 589 635; x_wconf 76' lang='lat' dir='ltr'>cod</span> <span class='ocrx_word' id='word_1_7' title='bbox 607 569 668 633; x_wconf 80' lang='grc' dir='ltr'>του</span> <span class='ocrx_word' id='word_1_8' title='bbox 684 592 719 632; x_wconf 88' lang='grc' dir='ltr'><strong><em>τε</em></strong></span> <span class='ocrx_word' id='word_1_9' title='bbox 728 559 974 651; x_wconf 78' lang='grc' dir='ltr'><strong><em>Ἑλλησπόντου</em></strong></span> <span class='ocrx_word' id='word_1_10' title='bbox 994 562 1121 648; x_wconf 75' lang='grc' dir='ltr'><strong><em>καὶτῆς</em></strong></span> <span class='ocrx_word' id='word_1_11' title='bbox 1136 568 1300 649; x_wconf 78' lang='grc' dir='ltr'><strong><em>Θρηίκης,</em></strong></span> <span class='ocrx_word' id='word_1_12' title='bbox 1320 556 1399 629; x_wconf 79' lang='grc' dir='ltr'>ά11’</span> 
     </span>
     <span class='ocr_line' id='line_1_4' title="bbox 260 661 1402 761; baseline -0.01 -18"><span class='ocrx_word' id='word_1_13' title='bbox 260 680 296 744; x_wconf 79' lang='grc' dir='ltr'>ἐκ</span> <span class='ocrx_word' id='word_1_14' title='bbox 308 673 426 761; x_wconf 90' lang='grc' dir='ltr'><strong><em>Σάμου</em></strong></span> <span class='ocrx_word' id='word_1_15' title='bbox 437 661 642 759; x_wconf 81' lang='grc' dir='ltr'><strong><em>όρμεάμενοι</em></strong></span> <span class='ocrx_word' id='word_1_16' title='bbox 657 664 748 756; x_wconf 91' lang='grc' dir='ltr'><strong><em>παρά</em></strong></span> <span class='ocrx_word' id='word_1_17' title='bbox 759 694 796 735; x_wconf 85' lang='grc' dir='ltr'><strong><em>τε</em></strong></span> <span class='ocrx_word' id='word_1_18' title='bbox 807 666 948 755; x_wconf 77' lang='grc' dir='ltr'><em>Ἰκάριον</em></span> <span class='ocrx_word' id='word_1_19' title='bbox 960 666 1015 733; x_wconf 80' lang='grc' dir='ltr'><strong><em>καὶ</em></strong></span> <span class='ocrx_word' id='word_1_20' title='bbox 1030 663 1085 732; x_wconf 75' lang='grc' dir='ltr'>διά</span> <span class='ocrx_word' id='word_1_21' title='bbox 1094 665 1207 753; x_wconf 79' lang='grc' dir='ltr'><strong><em>νήσων</em></strong></span> <span class='ocrx_word' id='word_1_22' title='bbox 1221 665 1280 734; x_wconf 86' lang='grc' dir='ltr'>τόν</span> <span class='ocrx_word' id='word_1_23' title='bbox 1294 662 1402 734; x_wconf 75' lang='grc' dir='ltr'><strong><em>πλόον</em></strong></span> 
     </span>
     <span class='ocr_line' id='line_1_5' title="bbox 261 767 1399 862; baseline -0.01 -15"><span class='ocrx_word' id='word_1_24' title='bbox 261 782 453 858; x_wconf 82' lang='grc' dir='ltr'><strong><em>ἐποιεῦντο,</em></strong></span> <span class='ocrx_word' id='word_1_25' title='bbox 476 770 519 855; x_wconf 77' lang='grc' dir='ltr'>ὦς</span> <span class='ocrx_word' id='word_1_26' title='bbox 538 774 601 862; x_wconf 74' lang='grc' dir='ltr'>μὲν</span> <span class='ocrx_word' id='word_1_27' title='bbox 621 774 693 861; x_wconf 77' lang='grc' dir='ltr'><strong><em>ἐμοὶ</em></strong></span> <span class='ocrx_word' id='word_1_28' title='bbox 711 774 860 857; x_wconf 77' lang='grc' dir='ltr'><strong><em>δοκέειν,</em></strong></span> <span class='ocrx_word' id='word_1_29' title='bbox 881 776 1053 850; x_wconf 79' lang='grc' dir='ltr'><strong><em>δείσαντες</em></strong></span> <span class='ocrx_word' id='word_1_30' title='bbox 1066 769 1208 859; x_wconf 78' lang='grc' dir='ltr'><strong><em>μάλιστα</em></strong></span> <span class='ocrx_word' id='word_1_31' title='bbox 1227 767 1288 837; x_wconf 87' lang='grc' dir='ltr'>τόν</span> <span class='ocrx_word' id='word_1_32' title='bbox 1303 776 1399 855; x_wconf 87' lang='grc' dir='ltr'><strong><em>περί-</em></strong></span> 
     </span>
     <span class='ocr_line' id='line_1_6' title="bbox 262 871 1401 968; baseline -0.01 -18"><span class='ocrx_word' id='word_1_33' title='bbox 262 890 365 950; x_wconf 82' lang='grc' dir='ltr'><strong><em>πλοον</em></strong></span> <span class='ocrx_word' id='word_1_34' title='bbox 387 876 568 961; x_wconf 77' lang='grc' dir='ltr'><strong><em>ποῦ’Ἁθω,</em></strong></span> <span class='ocrx_word' id='word_1_35' title='bbox 601 873 651 945; x_wconf 83' lang='grc' dir='ltr'>ὅτι</span> <span class='ocrx_word' id='word_1_36' title='bbox 671 881 718 967; x_wconf 73' lang='grc' dir='ltr'>τῷ</span> <span class='ocrx_word' id='word_1_37' title='bbox 740 879 891 968; x_wconf 75' lang='grc' dir='ltr'><strong><em>προτέρῳ</em></strong></span> <span class='ocrx_word' id='word_1_38' title='bbox 910 879 979 941; x_wconf 77' lang='grc' dir='ltr'><strong><em>ἔτει·</em></strong></span> <span class='ocrx_word' id='word_1_39' title='bbox 998 872 1192 961; x_wconf 82' lang='grc' dir='ltr'><strong><em>ποιεύμενοι</em></strong></span> <span class='ocrx_word' id='word_1_40' title='bbox 1213 872 1317 961; x_wconf 76' lang='grc' dir='ltr'><strong><em>ταύτῃ</em></strong></span> <span class='ocrx_word' id='word_1_41' title='bbox 1338 871 1401 959; x_wconf 73' lang='grc' dir='ltr'>τὴν</span> 
     </span>
     <span class='ocr_line' id='line_1_7' title="bbox 263 972 1401 1072; baseline -0.009 -19"><span class='ocrx_word' id='word_1_42' title='bbox 263 982 407 1072; x_wconf 79' lang='grc' dir='ltr'><strong><em>κομιδὴν</em></strong></span> <span class='ocrx_word' id='word_1_43' title='bbox 427 981 580 1069; x_wconf 81' lang='grc' dir='ltr'><strong><em>μεγάλως</em></strong></span> <span class='ocrx_word' id='word_1_44' title='bbox 601 982 866 1067; x_wconf 85' lang='grc' dir='ltr'><strong><em>προσέπταισαν·</em></strong></span> <span class='ocrx_word' id='word_1_45' title='bbox 895 974 977 1065; x_wconf 86' lang='grc' dir='ltr'><strong><em>πρός</em></strong></span> <span class='ocrx_word' id='word_1_46' title='bbox 997 977 1035 1045; x_wconf 75' lang='grc' dir='ltr'>δὲ</span> <span class='ocrx_word' id='word_1_47' title='bbox 1053 979 1110 1044; x_wconf 84' lang='grc' dir='ltr'><strong><em>καὶ</em></strong></span> <span class='ocrx_word' id='word_1_48' title='bbox 1132 972 1276 1066; x_wconf 81' lang='grc' dir='ltr'><strong><em>ἡΝάξος</em></strong></span> <span class='ocrx_word' id='word_1_49' title='bbox 1295 979 1401 1063; x_wconf 87' lang='grc' dir='ltr'><strong><em>σφέας</em></strong></span> 
     </span>
     <span class='ocr_line' id='line_1_8' title="bbox 214 1076 1400 1177; baseline -0.008 -21"><span class='ocrx_word' id='word_1_50' title='bbox 214 1086 446 1177; x_wconf 78' lang='grc' dir='ltr'><strong><em>96ἠνάμιιαζε,</em></strong></span> <span class='ocrx_word' id='word_1_51' title='bbox 469 1085 633 1173; x_wconf 86' lang='grc' dir='ltr'><strong><em>πρότερον</em></strong></span> <span class='ocrx_word' id='word_1_52' title='bbox 647 1080 709 1151; x_wconf 83' lang='grc' dir='ltr'>οὐκ</span> <span class='ocrx_word' id='word_1_53' title='bbox 724 1078 863 1150; x_wconf 77' lang='grc' dir='ltr'><strong><em>ἁλοῦσα.</em></strong></span> <span class='ocrx_word' id='word_1_54' title='bbox 901 1078 989 1148; x_wconf 86' lang='grc' dir='ltr'><strong><em>Ἐπεὶ</em></strong></span> <span class='ocrx_word' id='word_1_55' title='bbox 1005 1082 1041 1149; x_wconf 74' lang='lat' dir='ltr'>di</span> <span class='ocrx_word' id='word_1_56' title='bbox 1055 1085 1092 1150; x_wconf 80' lang='grc' dir='ltr'>ἐκ</span> <span class='ocrx_word' id='word_1_57' title='bbox 1106 1085 1166 1148; x_wconf 79' lang='grc' dir='ltr'>τοῦ</span> <span class='ocrx_word' id='word_1_58' title='bbox 1181 1076 1325 1168; x_wconf 81' lang='grc' dir='ltr'><strong><em>Ἰκαρίου</em></strong></span> <span class='ocrx_word' id='word_1_59' title='bbox 1339 1106 1400 1147; x_wconf 88' lang='grc' dir='ltr'>πε-</span> 
     </span>
     <span class='ocr_line' id='line_1_9' title="bbox 263 1181 1400 1278; baseline -0.008 -18"><span class='ocrx_word' id='word_1_60' title='bbox 263 1192 381 1277; x_wconf 83' lang='grc' dir='ltr'><strong><em>λάγεος</em></strong></span> <span class='ocrx_word' id='word_1_61' title='bbox 402 1188 669 1278; x_wconf 82' lang='grc' dir='ltr'><strong><em>προσφερόμενοι</em></strong></span> <span class='ocrx_word' id='word_1_62' title='bbox 693 1188 896 1274; x_wconf 84' lang='grc' dir='ltr'><strong><em>προσέμιξαν</em></strong></span> <span class='ocrx_word' id='word_1_63' title='bbox 916 1211 956 1273; x_wconf 76' lang='grc' dir='ltr'>τῃ</span> <span class='ocrx_word' id='word_1_64' title='bbox 972 1186 1073 1277; x_wconf 83' lang='grc' dir='ltr'><strong><em>Νάξφ</em></strong></span> <span class='ocrx_word' id='word_1_65' title='bbox 1097 1185 1168 1278; x_wconf 74' lang='grc' dir='ltr'><strong><em>(ἐπὶ</em></strong></span> <span class='ocrx_word' id='word_1_66' title='bbox 1188 1183 1315 1270; x_wconf 82' lang='grc' dir='ltr'><strong><em>ταύτην</em></strong></span> <span class='ocrx_word' id='word_1_67' title='bbox 1336 1181 1400 1270; x_wconf 79' lang='grc' dir='ltr'>γάρ</span> 
     </span>
    </p>
   </div>
   <div class='ocr_carea' id='block_1_4' title="bbox 263 1375 810 4509">
    <p class='ocr_par' dir='ltr' id='par_1_4' title="bbox 263 1375 810 4287">
     <span class='ocr_line' id='line_1_10' title="bbox 264 1375 806 1452; baseline -0.007 -17"><span class='ocrx_word' id='word_1_68' title='bbox 264 1384 376 1444; x_wconf 87' lang='grc' dir='ltr'><strong><em>ναίους,</em></strong></span> <span class='ocrx_word' id='word_1_69' title='bbox 389 1380 415 1435; x_wconf 82' lang='grc' dir='ltr'><strong><em>εί</em></strong></span> <span class='ocrx_word' id='word_1_70' title='bbox 426 1375 558 1452; x_wconf 73' lang='grc' dir='ltr'><strong><em>βούλοιτο</em></strong></span> <span class='ocrx_word' id='word_1_71' title='bbox 577 1378 630 1449; x_wconf 82' lang='grc' dir='ltr'>τὴν</span> <span class='ocrx_word' id='word_1_72' title='bbox 644 1378 748 1434; x_wconf 64' lang='lat' dir='ltr'>fautori</span> <span class='ocrx_word' id='word_1_73' title='bbox 764 1397 806 1432; x_wconf 85' lang='grc' dir='ltr'><strong><em>κε-</em></strong></span> 
     </span>
     <span class='ocr_line' id='line_1_11' title="bbox 264 1447 804 1520; baseline -0.004 -16"><span class='ocrx_word' id='word_1_74' title='bbox 264 1449 360 1520; x_wconf 75' lang='grc' dir='ltr'><strong><em>φαλὴν</em></strong></span> <span class='ocrx_word' id='word_1_75' title='bbox 374 1449 461 1520; x_wconf 71' lang='grc' dir='ltr'><strong><em>ἔχειν·</em></strong></span> <span class='ocrx_word' id='word_1_76' title='bbox 482 1447 497 1503; x_wconf 90' lang='grc' dir='ltr'>ὁ</span> <span class='ocrx_word' id='word_1_77' title='bbox 516 1448 548 1503; x_wconf 71' lang='grc' dir='ltr'>δὲ</span> <span class='ocrx_word' id='word_1_78' title='bbox 563 1448 685 1511; x_wconf 78' lang='grc' dir='ltr'><strong><em>πλεύσας</em></strong></span> <span class='ocrx_word' id='word_1_79' title='bbox 701 1469 726 1504; x_wconf 86' lang='grc' dir='ltr'>ιι.</span> <span class='ocrx_word' id='word_1_80' title='bbox 741 1468 765 1505; x_wconf 88' lang='grc' dir='ltr'>τ.</span> <span class='ocrx_word' id='word_1_81' title='bbox 782 1453 804 1502; x_wconf 73' lang='lat' dir='ltr'>i.</span> 
     </span>
     <span class='ocr_line' id='line_1_12' title="bbox 265 1524 805 1591; baseline -0.006 -15"><span class='ocrx_word' id='word_1_82' title='bbox 265 1526 345 1591; x_wconf 79' lang='lat' dir='ltr'>Apud</span> <span class='ocrx_word' id='word_1_83' title='bbox 359 1526 484 1576; x_wconf 77' lang='lat' dir='ltr'>ciceron.</span> <span class='ocrx_word' id='word_1_84' title='bbox 498 1524 543 1588; x_wconf 88' lang='lat' dir='ltr'>(In</span> <span class='ocrx_word' id='word_1_85' title='bbox 557 1524 636 1575; x_wconf 83' lang='lat' dir='ltr'>Verr.</span> <span class='ocrx_word' id='word_1_86' title='bbox 652 1525 689 1586; x_wconf 91' lang='lat' dir='ltr'>ll,</span> <span class='ocrx_word' id='word_1_87' title='bbox 705 1526 727 1577; x_wconf 92' lang='grc'>1.</span> <span class='ocrx_word' id='word_1_88' title='bbox 742 1539 805 1588; x_wconf 84' lang='lat' dir='ltr'>cup.</span> 
     </span>
     <span class='ocr_line' id='line_1_13' title="bbox 267 1594 806 1661; baseline -0.006 -16"><span class='ocrx_word' id='word_1_89' title='bbox 267 1597 309 1661; x_wconf 76' lang='lat'>1⁸)</span> <span class='ocrx_word' id='word_1_90' title='bbox 324 1601 351 1646; x_wconf 83' lang='lat' dir='ltr'>et</span> <span class='ocrx_word' id='word_1_91' title='bbox 364 1594 458 1646; x_wconf 76' lang='lat' dir='ltr'>Valet.</span> <span class='ocrx_word' id='word_1_92' title='bbox 468 1596 542 1646; x_wconf 79' lang='lat' dir='ltr'>Max.</span> <span class='ocrx_word' id='word_1_93' title='bbox 560 1595 588 1656; x_wconf 86' lang='lat'>1,</span> <span class='ocrx_word' id='word_1_94' title='bbox 607 1595 618 1644; x_wconf 99' lang='grc'><strong>1</strong></span> <span class='ocrx_word' id='word_1_95' title='bbox 633 1601 686 1646; x_wconf 86' lang='lat' dir='ltr'>ext.</span> <span class='ocrx_word' id='word_1_96' title='bbox 706 1595 723 1644; x_wconf 83' lang='grc'>6</span> <span class='ocrx_word' id='word_1_97' title='bbox 740 1596 806 1642; x_wconf 77' lang='lat' dir='ltr'>mitte</span> 
     </span>
     <span class='ocr_line' id='line_1_14' title="bbox 264 1663 806 1716; baseline -0.006 -1"><span class='ocrx_word' id='word_1_98' title='bbox 264 1666 377 1716; x_wconf 83' lang='lat' dir='ltr'>navium</span> <span class='ocrx_word' id='word_1_99' title='bbox 394 1679 455 1715; x_wconf 88' lang='lat' dir='ltr'>oum</span> <span class='ocrx_word' id='word_1_100' title='bbox 474 1663 565 1715; x_wconf 87' lang='lat' dir='ltr'>classe</span> <span class='ocrx_word' id='word_1_101' title='bbox 583 1663 617 1713; x_wconf 86' lang='lat' dir='ltr'>ad</span> <span class='ocrx_word' id='word_1_102' title='bbox 633 1663 730 1713; x_wconf 89' lang='lat' dir='ltr'>Deium</span> <span class='ocrx_word' id='word_1_103' title='bbox 744 1664 806 1712; x_wconf 86' lang='lat' dir='ltr'>Per-</span> 
     </span>
     <span class='ocr_line' id='line_1_15' title="bbox 265 1733 807 1800; baseline -0.009 -15"><span class='ocrx_word' id='word_1_104' title='bbox 265 1750 312 1786; x_wconf 81' lang='lat' dir='ltr'>sae</span> <span class='ocrx_word' id='word_1_105' title='bbox 323 1734 462 1800; x_wconf 76' lang='lat' dir='ltr'><strong>appulisse</strong></span> <span class='ocrx_word' id='word_1_106' title='bbox 473 1734 610 1784; x_wconf 85' lang='lat' dir='ltr'>dicuntur.</span> <span class='ocrx_word' id='word_1_107' title='bbox 622 1733 807 1783; x_wconf 76' lang='lat' dir='ltr'>sexcentorum</span> 
     </span>
     <span class='ocr_line' id='line_1_16' title="bbox 265 1803 808 1867; baseline -0.004 -14"><span class='ocrx_word' id='word_1_108' title='bbox 265 1805 375 1854; x_wconf 77' lang='lat' dir='ltr'>uarium</span> <span class='ocrx_word' id='word_1_109' title='bbox 389 1818 501 1852; x_wconf 89' lang='lat' dir='ltr'>numero</span> <span class='ocrx_word' id='word_1_110' title='bbox 517 1803 656 1867; x_wconf 86' lang='lat' dir='ltr'>quaeritur</span> <span class='ocrx_word' id='word_1_111' title='bbox 670 1818 733 1853; x_wconf 86' lang='lat' dir='ltr'>nuru</span> <span class='ocrx_word' id='word_1_112' title='bbox 747 1809 808 1852; x_wconf 83' lang='lat' dir='ltr'>tota</span> 
     </span>
     <span class='ocr_line' id='line_1_17' title="bbox 265 1872 807 1938; baseline -0.006 -14"><span class='ocrx_word' id='word_1_113' title='bbox 265 1874 363 1925; x_wconf 84' lang='lat' dir='ltr'>classis</span> <span class='ocrx_word' id='word_1_114' title='bbox 375 1873 545 1934; x_wconf 84' lang='lat' dir='ltr'>constiterit,</span> <span class='ocrx_word' id='word_1_115' title='bbox 563 1872 676 1922; x_wconf 78' lang='lat' dir='ltr'>inclusis</span> <span class='ocrx_word' id='word_1_116' title='bbox 689 1873 723 1924; x_wconf 90' lang='lat' dir='ltr'>iis</span> <span class='ocrx_word' id='word_1_117' title='bbox 741 1887 807 1938; x_wconf 90' lang='lat' dir='ltr'>quo-</span> 
     </span>
     <span class='ocr_line' id='line_1_18' title="bbox 265 1942 808 2010; baseline -0.006 -17"><span class='ocrx_word' id='word_1_118' title='bbox 265 1960 316 2010; x_wconf 90' lang='lat' dir='ltr'>que</span> <span class='ocrx_word' id='word_1_119' title='bbox 329 1944 461 2006; x_wconf 81' lang='lat' dir='ltr'>naribus,</span> <span class='ocrx_word' id='word_1_120' title='bbox 477 1958 548 2007; x_wconf 84' lang='lat' dir='ltr'>quae</span> <span class='ocrx_word' id='word_1_121' title='bbox 562 1944 597 1993; x_wconf 87' lang='lat' dir='ltr'>ad</span> <span class='ocrx_word' id='word_1_122' title='bbox 611 1957 695 2007; x_wconf 85' lang='lat' dir='ltr'>equos</span> <span class='ocrx_word' id='word_1_123' title='bbox 709 1942 808 1993; x_wconf 87' lang='lat' dir='ltr'>vehen-</span> 
     </span>
     <span class='ocr_line' id='line_1_19' title="bbox 265 2011 808 2078; baseline -0.007 -14"><span class='ocrx_word' id='word_1_124' title='bbox 265 2015 314 2064; x_wconf 88' lang='lat' dir='ltr'>dos</span> <span class='ocrx_word' id='word_1_125' title='bbox 325 2018 408 2078; x_wconf 85' lang='lat' dir='ltr'>aptae</span> <span class='ocrx_word' id='word_1_126' title='bbox 420 2011 445 2060; x_wconf 73' lang='grc' dir='ltr'>Ιι.</span> <span class='ocrx_word' id='word_1_127' title='bbox 461 2013 479 2062; x_wconf 88' lang='grc' dir='ltr'>Ι.</span> <span class='ocrx_word' id='word_1_128' title='bbox 497 2017 756 2075; x_wconf 76' lang='lat' dir='ltr'>commemorantur,</span> <span class='ocrx_word' id='word_1_129' title='bbox 771 2026 808 2061; x_wconf 87' lang='lat' dir='ltr'>an</span> 
     </span>
     <span class='ocr_line' id='line_1_20' title="bbox 266 2082 808 2133; baseline 0 -2"><span class='ocrx_word' id='word_1_130' title='bbox 266 2084 390 2133; x_wconf 83' lang='lat' dir='ltr'>triremes</span> <span class='ocrx_word' id='word_1_131' title='bbox 409 2086 517 2131; x_wconf 88' lang='lat' dir='ltr'>tautum</span> <span class='ocrx_word' id='word_1_132' title='bbox 536 2082 661 2133; x_wconf 86' lang='lat' dir='ltr'>bellicum</span> <span class='ocrx_word' id='word_1_133' title='bbox 680 2082 708 2132; x_wconf 90' lang='lat' dir='ltr'>in</span> <span class='ocrx_word' id='word_1_134' title='bbox 729 2097 808 2133; x_wconf 90' lang='lat' dir='ltr'>usum</span> 
     </span>
     <span class='ocr_line' id='line_1_21' title="bbox 265 2149 808 2217; baseline -0.006 -14"><span class='ocrx_word' id='word_1_135' title='bbox 265 2157 456 2217; x_wconf 76' lang='lat' dir='ltr'>comparatae,</span> <span class='ocrx_word' id='word_1_136' title='bbox 470 2149 587 2202; x_wconf 84' lang='lat' dir='ltr'>exclusis</span> <span class='ocrx_word' id='word_1_137' title='bbox 599 2153 716 2201; x_wconf 82' lang='lat' dir='ltr'>caeteris</span> <span class='ocrx_word' id='word_1_138' title='bbox 730 2152 808 2200; x_wconf 81' lang='lat' dir='ltr'>navi-</span> 
     </span>
     <span class='ocr_line' id='line_1_22' title="bbox 266 2218 808 2284; baseline -0.004 -12"><span class='ocrx_word' id='word_1_139' title='bbox 266 2224 316 2272; x_wconf 89' lang='lat' dir='ltr'>bus</span> <span class='ocrx_word' id='word_1_140' title='bbox 334 2220 369 2271; x_wconf 81' lang='lat' dir='ltr'>sd</span> <span class='ocrx_word' id='word_1_141' title='bbox 383 2220 612 2284; x_wconf 81' lang='lat' dir='ltr'>transportandos</span> <span class='ocrx_word' id='word_1_142' title='bbox 625 2235 723 2284; x_wconf 90' lang='lat' dir='ltr'>equos,</span> <span class='ocrx_word' id='word_1_143' title='bbox 737 2218 808 2270; x_wconf 88' lang='lat' dir='ltr'>aiias</span> 
     </span>
     <span class='ocr_line' id='line_1_23' title="bbox 266 2275 809 2354; baseline -0.002 -14"><span class='ocrx_word' id='word_1_144' title='bbox 266 2275 438 2341; x_wconf 50' lang='lat' dir='ltr'>reffidoneis.</span> <span class='ocrx_word' id='word_1_145' title='bbox 470 2288 539 2338; x_wconf 83' lang='lat' dir='ltr'>Mihi</span> <span class='ocrx_word' id='word_1_146' title='bbox 557 2291 632 2354; x_wconf 88' lang='lat' dir='ltr'>prins</span> <span class='ocrx_word' id='word_1_147' title='bbox 650 2289 716 2338; x_wconf 87' lang='lat' dir='ltr'>iilud</span> <span class='ocrx_word' id='word_1_148' title='bbox 731 2306 809 2353; x_wconf 87' lang='lat' dir='ltr'>prae·</span> 
     </span>
     <span class='ocr_line' id='line_1_24' title="bbox 266 2358 807 2418; baseline -0.002 -9"><span class='ocrx_word' id='word_1_149' title='bbox 266 2361 406 2410; x_wconf 80' lang='lat' dir='ltr'>serendum</span> <span class='ocrx_word' id='word_1_150' title='bbox 430 2358 553 2418; x_wconf 83' lang='lat' dir='ltr'>videtur,</span> <span class='ocrx_word' id='word_1_151' title='bbox 577 2358 646 2407; x_wconf 88' lang='lat' dir='ltr'>adeo</span> <span class='ocrx_word' id='word_1_152' title='bbox 669 2365 699 2408; x_wconf 85' lang='lat' dir='ltr'>nt</span> <span class='ocrx_word' id='word_1_153' title='bbox 721 2365 807 2408; x_wconf 85' lang='lat' dir='ltr'>toturn</span> 
     </span>
     <span class='ocr_line' id='line_1_25' title="bbox 266 2427 808 2492; baseline -0.004 -13"><span class='ocrx_word' id='word_1_154' title='bbox 266 2430 381 2480; x_wconf 81' lang='lat' dir='ltr'>clessam</span> <span class='ocrx_word' id='word_1_155' title='bbox 395 2427 447 2477; x_wconf 94' lang='lat' dir='ltr'>hoc</span> <span class='ocrx_word' id='word_1_156' title='bbox 459 2442 569 2477; x_wconf 85' lang='lat' dir='ltr'>numero</span> <span class='ocrx_word' id='word_1_157' title='bbox 582 2428 700 2492; x_wconf 74' lang='lat' dir='ltr'>intelligi</span> <span class='ocrx_word' id='word_1_158' title='bbox 712 2431 808 2478; x_wconf 78' lang='lat' dir='ltr'>existi-</span> 
     </span>
     <span class='ocr_line' id='line_1_26' title="bbox 267 2497 807 2548; baseline -0.002 0"><span class='ocrx_word' id='word_1_159' title='bbox 267 2516 344 2548; x_wconf 86' lang='lat' dir='ltr'>mem.</span> <span class='ocrx_word' id='word_1_160' title='bbox 362 2497 423 2547; x_wconf 84' lang='lat' dir='ltr'>Vid.</span> <span class='ocrx_word' id='word_1_161' title='bbox 434 2497 624 2546; x_wconf 87' lang='lat' dir='ltr'>Westcrruann</span> <span class='ocrx_word' id='word_1_162' title='bbox 635 2497 676 2545; x_wconf 91' lang='lat' dir='ltr'>in:</span> <span class='ocrx_word' id='word_1_163' title='bbox 693 2497 807 2547; x_wconf 79' lang='lat' dir='ltr'>Jahrbb.</span> 
     </span>
     <span class='ocr_line' id='line_1_27' title="bbox 268 2565 808 2633; baseline -0.006 -13"><span class='ocrx_word' id='word_1_164' title='bbox 268 2570 285 2621; x_wconf 85' lang='grc'>1.</span> <span class='ocrx_word' id='word_1_165' title='bbox 298 2567 396 2619; x_wconf 89' lang='lat' dir='ltr'>Philol.</span> <span class='ocrx_word' id='word_1_166' title='bbox 408 2582 436 2619; x_wconf 90' lang='lat' dir='ltr'>u.</span> <span class='ocrx_word' id='word_1_167' title='bbox 445 2565 566 2632; x_wconf 78' lang='lat' dir='ltr'>Paedag.</span> <span class='ocrx_word' id='word_1_168' title='bbox 577 2566 703 2618; x_wconf 80' lang='lat' dir='ltr'>XXXVI.</span> <span class='ocrx_word' id='word_1_169' title='bbox 717 2583 744 2633; x_wconf 89' lang='lat' dir='ltr'>p.</span> <span class='ocrx_word' id='word_1_170' title='bbox 757 2568 808 2617; x_wconf 80' lang='grc'><strong>1411</strong></span> 
     </span>
     <span class='ocr_line' id='line_1_28' title="bbox 266 2635 807 2705; baseline -0.004 -15"><span class='ocrx_word' id='word_1_171' title='bbox 266 2657 323 2705; x_wconf 84' lang='lat' dir='ltr'>seq.</span> <span class='ocrx_word' id='word_1_172' title='bbox 341 2644 369 2689; x_wconf 89' lang='lat' dir='ltr'>et</span> <span class='ocrx_word' id='word_1_173' title='bbox 383 2638 419 2688; x_wconf 86' lang='lat' dir='ltr'>cf.</span> <span class='ocrx_word' id='word_1_174' title='bbox 437 2637 535 2700; x_wconf 81' lang='lat' dir='ltr'>Finiay</span> <span class='ocrx_word' id='word_1_175' title='bbox 551 2635 723 2702; x_wconf 80' lang='lat' dir='ltr'>(Hoffmaum</span> <span class='ocrx_word' id='word_1_176' title='bbox 754 2639 807 2688; x_wconf 91' lang='lat' dir='ltr'>Die</span> 
     </span>
     <span class='ocr_line' id='line_1_29' title="bbox 267 2707 807 2773; baseline -0.006 -14"><span class='ocrx_word' id='word_1_177' title='bbox 267 2710 315 2759; x_wconf 84' lang='lat' dir='ltr'>sit.</span> <span class='ocrx_word' id='word_1_178' title='bbox 328 2708 481 2773; x_wconf 78' lang='lat' dir='ltr'>Geograpb.</span> <span class='ocrx_word' id='word_1_179' title='bbox 500 2707 538 2759; x_wconf 91' lang='lat'>11.</span> <span class='ocrx_word' id='word_1_180' title='bbox 553 2723 579 2773; x_wconf 90' lang='lat' dir='ltr'>p.</span> <span class='ocrx_word' id='word_1_181' title='bbox 594 2707 626 2757; x_wconf 83' lang='lat'>10</span> <span class='ocrx_word' id='word_1_182' title='bbox 638 2707 745 2772; x_wconf 83' lang='lat' dir='ltr'>seqq),</span> <span class='ocrx_word' id='word_1_183' title='bbox 759 2708 807 2772; x_wconf 91' lang='lat' dir='ltr'>qui</span> 
     </span>
     <span class='ocr_line' id='line_1_30' title="bbox 266 2778 809 2829; baseline -0.004 0"><span class='ocrx_word' id='word_1_184' title='bbox 266 2795 298 2829; x_wconf 80' lang='lat' dir='ltr'>es</span> <span class='ocrx_word' id='word_1_185' title='bbox 308 2779 358 2829; x_wconf 93' lang='lat' dir='ltr'>hoc</span> <span class='ocrx_word' id='word_1_186' title='bbox 371 2793 482 2828; x_wconf 88' lang='lat' dir='ltr'>numero</span> <span class='ocrx_word' id='word_1_187' title='bbox 492 2778 601 2828; x_wconf 84' lang='lat' dir='ltr'>navium</span> <span class='ocrx_word' id='word_1_188' title='bbox 610 2792 752 2828; x_wconf 88' lang='lat' dir='ltr'>numerum</span> <span class='ocrx_word' id='word_1_189' title='bbox 763 2793 809 2827; x_wconf 93' lang='lat' dir='ltr'>co-</span> 
     </span>
     <span class='ocr_line' id='line_1_31' title="bbox 266 2848 809 2913; baseline -0.004 -15"><span class='ocrx_word' id='word_1_190' title='bbox 266 2850 371 2913; x_wconf 89' lang='lat' dir='ltr'>piarum</span> <span class='ocrx_word' id='word_1_191' title='bbox 387 2848 556 2897; x_wconf 85' lang='lat' dir='ltr'>terrestrium</span> <span class='ocrx_word' id='word_1_192' title='bbox 575 2863 592 2896; x_wconf 88' lang='lat' dir='ltr'>a</span> <span class='ocrx_word' id='word_1_193' title='bbox 607 2848 694 2897; x_wconf 84' lang='lat' dir='ltr'>Dario</span> <span class='ocrx_word' id='word_1_194' title='bbox 711 2853 809 2897; x_wconf 87' lang='lat' dir='ltr'>contra</span> 
     </span>
     <span class='ocr_line' id='line_1_32' title="bbox 266 2918 808 2981; baseline -0.004 -12"><span class='ocrx_word' id='word_1_195' title='bbox 266 2918 385 2969; x_wconf 85' lang='lat' dir='ltr'>Graecos</span> <span class='ocrx_word' id='word_1_196' title='bbox 400 2918 543 2967; x_wconf 83' lang='lat' dir='ltr'>missarum</span> <span class='ocrx_word' id='word_1_197' title='bbox 556 2932 589 2966; x_wconf 88' lang='lat' dir='ltr'>ea</span> <span class='ocrx_word' id='word_1_198' title='bbox 603 2918 808 2981; x_wconf 87' lang='lat' dir='ltr'>computatione</span> 
     </span>
     <span class='ocr_line' id='line_1_33' title="bbox 266 2988 809 3053; baseline -0.004 -16"><span class='ocrx_word' id='word_1_199' title='bbox 266 2988 359 3053; x_wconf 80' lang='lat' dir='ltr'>colligi</span> <span class='ocrx_word' id='word_1_200' title='bbox 384 3002 464 3052; x_wconf 85' lang='lat' dir='ltr'>posse</span> <span class='ocrx_word' id='word_1_201' title='bbox 485 2991 578 3050; x_wconf 87' lang='lat' dir='ltr'>putat,</span> <span class='ocrx_word' id='word_1_202' title='bbox 602 2994 632 3036; x_wconf 88' lang='lat' dir='ltr'>ut</span> <span class='ocrx_word' id='word_1_203' title='bbox 651 2988 680 3036; x_wconf 90' lang='lat' dir='ltr'>in</span> <span class='ocrx_word' id='word_1_204' title='bbox 700 3001 809 3052; x_wconf 86' lang='lat' dir='ltr'>quaque</span> 
     </span>
     <span class='ocr_line' id='line_1_34' title="bbox 266 3055 810 3121; baseline 0.002 -16"><span class='ocrx_word' id='word_1_205' title='bbox 266 3059 330 3106; x_wconf 90' lang='lat' dir='ltr'>navi</span> <span class='ocrx_word' id='word_1_206' title='bbox 356 3057 441 3106; x_wconf 81' lang='lat' dir='ltr'>irrisae</span> <span class='ocrx_word' id='word_1_207' title='bbox 461 3063 605 3105; x_wconf 85' lang='lat' dir='ltr'>sumantur</span> <span class='ocrx_word' id='word_1_208' title='bbox 626 3055 810 3121; x_wconf 82' lang='lat' dir='ltr'>quadraginta</span> 
     </span>
     <span class='ocr_line' id='line_1_35' title="bbox 266 3124 809 3189; baseline -0.002 -14"><span class='ocrx_word' id='word_1_209' title='bbox 266 3124 381 3176; x_wconf 85' lang='lat' dir='ltr'>milites:</span> <span class='ocrx_word' id='word_1_210' title='bbox 405 3124 475 3175; x_wconf 90' lang='lat' dir='ltr'>unde</span> <span class='ocrx_word' id='word_1_211' title='bbox 491 3127 611 3189; x_wconf 87' lang='lat' dir='ltr'>ipsorum</span> <span class='ocrx_word' id='word_1_212' title='bbox 623 3125 739 3175; x_wconf 88' lang='lat' dir='ltr'>miiitum</span> <span class='ocrx_word' id='word_1_213' title='bbox 753 3125 809 3175; x_wconf 83' lang='lat' dir='ltr'>effi·</span> 
     </span>
     <span class='ocr_line' id='line_1_36' title="bbox 265 3194 808 3259; baseline -0.002 -14"><span class='ocrx_word' id='word_1_214' title='bbox 265 3197 291 3245; x_wconf 93' lang='lat' dir='ltr'>ci</span> <span class='ocrx_word' id='word_1_215' title='bbox 324 3194 383 3244; x_wconf 87' lang='lat' dir='ltr'>vuit</span> <span class='ocrx_word' id='word_1_216' title='bbox 414 3195 513 3258; x_wconf 79' lang='lat' dir='ltr'>viginti</span> <span class='ocrx_word' id='word_1_217' title='bbox 544 3200 674 3259; x_wconf 85' lang='lat' dir='ltr'>quattuor</span> <span class='ocrx_word' id='word_1_218' title='bbox 708 3194 808 3251; x_wconf 82' lang='lat' dir='ltr'>millia,</span> 
     </span>
     <span class='ocr_line' id='line_1_37' title="bbox 265 3263 809 3329; baseline 0.002 -16"><span class='ocrx_word' id='word_1_219' title='bbox 265 3264 364 3329; x_wconf 82' lang='lat' dir='ltr'>quibua</span> <span class='ocrx_word' id='word_1_220' title='bbox 379 3265 514 3312; x_wconf 82' lang='lat' dir='ltr'>accedunt</span> <span class='ocrx_word' id='word_1_221' title='bbox 533 3263 605 3311; x_wconf 85' lang='lat' dir='ltr'>mille</span> <span class='ocrx_word' id='word_1_222' title='bbox 622 3265 727 3328; x_wconf 83' lang='lat' dir='ltr'>equites</span> <span class='ocrx_word' id='word_1_223' title='bbox 747 3280 809 3314; x_wconf 88' lang='lat' dir='ltr'>cum</span> 
     </span>
     <span class='ocr_line' id='line_1_38' title="bbox 264 3330 810 3393; baseline 0.002 -11"><span class='ocrx_word' id='word_1_224' title='bbox 264 3333 379 3383; x_wconf 87' lang='lat' dir='ltr'>totidem</span> <span class='ocrx_word' id='word_1_225' title='bbox 389 3332 529 3393; x_wconf 84' lang='lat' dir='ltr'>ministris,</span> <span class='ocrx_word' id='word_1_226' title='bbox 537 3330 710 3383; x_wconf 88' lang='lat' dir='ltr'>deindelevis</span> <span class='ocrx_word' id='word_1_227' title='bbox 721 3350 810 3383; x_wconf 87' lang='lat' dir='ltr'>arms·</span> 
     </span>
     <span class='ocr_line' id='line_1_39' title="bbox 265 3401 810 3464; baseline 0.002 -13"><span class='ocrx_word' id='word_1_228' title='bbox 265 3407 345 3451; x_wconf 86' lang='lat' dir='ltr'>turae</span> <span class='ocrx_word' id='word_1_229' title='bbox 361 3402 475 3450; x_wconf 87' lang='lat' dir='ltr'>rnilitum</span> <span class='ocrx_word' id='word_1_230' title='bbox 488 3401 602 3464; x_wconf 82' lang='lat' dir='ltr'>triginta</span> <span class='ocrx_word' id='word_1_231' title='bbox 617 3401 716 3464; x_wconf 88' lang='lat' dir='ltr'>millia,</span> <span class='ocrx_word' id='word_1_232' title='bbox 729 3405 810 3452; x_wconf 90' lang='lat' dir='ltr'>remi-</span> 
     </span>
     <span class='ocr_line' id='line_1_40' title="bbox 263 3470 809 3537; baseline 0.002 -17"><span class='ocrx_word' id='word_1_233' title='bbox 263 3486 327 3537; x_wconf 80' lang='lat' dir='ltr'>gum</span> <span class='ocrx_word' id='word_1_234' title='bbox 337 3476 365 3520; x_wconf 90' lang='lat' dir='ltr'>et</span> <span class='ocrx_word' id='word_1_235' title='bbox 375 3476 518 3521; x_wconf 85' lang='lat' dir='ltr'>nautarum</span> <span class='ocrx_word' id='word_1_236' title='bbox 531 3470 675 3533; x_wconf 80' lang='lat' dir='ltr'>sexaginta</span> <span class='ocrx_word' id='word_1_237' title='bbox 683 3472 768 3521; x_wconf 84' lang='lat' dir='ltr'>miliia</span> <span class='ocrx_word' id='word_1_238' title='bbox 782 3474 809 3521; x_wconf 91' lang='lat' dir='ltr'>in</span> 
     </span>
     <span class='ocr_line' id='line_1_41' title="bbox 265 3540 809 3605; baseline 0.002 -16"><span class='ocrx_word' id='word_1_239' title='bbox 265 3541 422 3590; x_wconf 84' lang='lat' dir='ltr'>triremibus</span> <span class='ocrx_word' id='word_1_240' title='bbox 432 3540 611 3599; x_wconf 82' lang='lat' dir='ltr'>sexcentis‚et</span> <span class='ocrx_word' id='word_1_241' title='bbox 622 3540 741 3605; x_wconf 87' lang='lat' dir='ltr'>quinque</span> <span class='ocrx_word' id='word_1_242' title='bbox 752 3542 809 3590; x_wconf 88' lang='lat' dir='ltr'>uril-</span> 
     </span>
     <span class='ocr_line' id='line_1_42' title="bbox 266 3607 808 3675; baseline 0.006 -17"><span class='ocrx_word' id='word_1_243' title='bbox 266 3609 304 3659; x_wconf 86' lang='lat' dir='ltr'>iia</span> <span class='ocrx_word' id='word_1_244' title='bbox 318 3610 346 3659; x_wconf 92' lang='lat' dir='ltr'>iu</span> <span class='ocrx_word' id='word_1_245' title='bbox 364 3608 481 3661; x_wconf 83' lang='lat' dir='ltr'>navibus</span> <span class='ocrx_word' id='word_1_246' title='bbox 499 3607 684 3659; x_wconf 84' lang='lat' dir='ltr'>advehendas</span> <span class='ocrx_word' id='word_1_247' title='bbox 701 3613 808 3675; x_wconf 82' lang='lat' dir='ltr'>equites</span> 
     </span>
     <span class='ocr_line' id='line_1_43' title="bbox 266 3679 806 3745; baseline 0.002 -17"><span class='ocrx_word' id='word_1_248' title='bbox 266 3679 386 3744; x_wconf 85' lang='lat' dir='ltr'>paratis,</span> <span class='ocrx_word' id='word_1_249' title='bbox 407 3694 476 3743; x_wconf 89' lang='lat' dir='ltr'>quas</span> <span class='ocrx_word' id='word_1_250' title='bbox 495 3684 603 3727; x_wconf 87' lang='lat' dir='ltr'>centurn</span> <span class='ocrx_word' id='word_1_251' title='bbox 619 3679 705 3730; x_wconf 81' lang='lat' dir='ltr'>inisse</span> <span class='ocrx_word' id='word_1_252' title='bbox 719 3682 806 3745; x_wconf 68' lang='lat' dir='ltr'>pouit,</span> 
     </span>
     <span class='ocr_line' id='line_1_44' title="bbox 267 3749 808 3810; baseline 0.002 -11"><span class='ocrx_word' id='word_1_253' title='bbox 267 3750 344 3810; x_wconf 75' lang='lat' dir='ltr'>Quae</span> <span class='ocrx_word' id='word_1_254' title='bbox 361 3749 452 3798; x_wconf 87' lang='lat' dir='ltr'>omnia</span> <span class='ocrx_word' id='word_1_255' title='bbox 473 3749 500 3797; x_wconf 91' lang='lat' dir='ltr'>in</span> <span class='ocrx_word' id='word_1_256' title='bbox 525 3749 684 3799; x_wconf 86' lang='lat' dir='ltr'>coniectura</span> <span class='ocrx_word' id='word_1_257' title='bbox 701 3756 808 3800; x_wconf 88' lang='lat' dir='ltr'>tautum</span> 
     </span>
     <span class='ocr_line' id='line_1_45' title="bbox 265 3818 808 3884; baseline 0.006 -18"><span class='ocrx_word' id='word_1_258' title='bbox 265 3818 357 3882; x_wconf 86' lang='lat' dir='ltr'>posita</span> <span class='ocrx_word' id='word_1_259' title='bbox 369 3833 429 3868; x_wconf 87' lang='lat' dir='ltr'>esse</span> <span class='ocrx_word' id='word_1_260' title='bbox 445 3818 579 3868; x_wconf 86' lang='lat' dir='ltr'>neminem</span> <span class='ocrx_word' id='word_1_261' title='bbox 597 3818 681 3883; x_wconf 80' lang='lat' dir='ltr'>sugit:</span> <span class='ocrx_word' id='word_1_262' title='bbox 699 3835 751 3884; x_wconf 89' lang='lat' dir='ltr'>quo</span> <span class='ocrx_word' id='word_1_263' title='bbox 763 3836 808 3869; x_wconf 91' lang='lat' dir='ltr'>eo-</span> 
     </span>
     <span class='ocr_line' id='line_1_46' title="bbox 267 3887 808 3955; baseline 0.004 -18"><span class='ocrx_word' id='word_1_264' title='bbox 267 3887 423 3937; x_wconf 86' lang='lat' dir='ltr'>demetiam</span> <span class='ocrx_word' id='word_1_265' title='bbox 443 3888 470 3937; x_wconf 90' lang='lat' dir='ltr'>id</span> <span class='ocrx_word' id='word_1_266' title='bbox 489 3887 591 3950; x_wconf 80' lang='lat' dir='ltr'>refero,</span> <span class='ocrx_word' id='word_1_267' title='bbox 614 3888 685 3954; x_wconf 88' lang='lat' dir='ltr'>quod</span> <span class='ocrx_word' id='word_1_268' title='bbox 701 3889 728 3937; x_wconf 90' lang='lat' dir='ltr'>in</span> <span class='ocrx_word' id='word_1_269' title='bbox 748 3891 808 3955; x_wconf 87' lang='lat' dir='ltr'>ipsa</span> 
     </span>
     <span class='ocr_line' id='line_1_47' title="bbox 265 3957 808 4024; baseline 0.004 -17"><span class='ocrx_word' id='word_1_270' title='bbox 265 3973 356 4024; x_wconf 70' lang='lat' dir='ltr'>pugna</span> <span class='ocrx_word' id='word_1_271' title='bbox 368 3957 546 4008; x_wconf 84' lang='lat' dir='ltr'>Marathonia</span> <span class='ocrx_word' id='word_1_272' title='bbox 559 3959 704 4008; x_wconf 74' lang='lat' dir='ltr'>Persarum</span> <span class='ocrx_word' id='word_1_273' title='bbox 721 3960 808 4010; x_wconf 79' lang='lat' dir='ltr'>fuisse</span> 
     </span>
     <span class='ocr_line' id='line_1_48' title="bbox 264 4027 808 4093; baseline 0.002 -16"><span class='ocrx_word' id='word_1_274' title='bbox 264 4027 335 4077; x_wconf 88' lang='lat' dir='ltr'>idem</span> <span class='ocrx_word' id='word_1_275' title='bbox 356 4028 433 4091; x_wconf 82' lang='lat' dir='ltr'>pouit</span> <span class='ocrx_word' id='word_1_276' title='bbox 448 4028 632 4093; x_wconf 79' lang='lat' dir='ltr'>quadraginta</span> <span class='ocrx_word' id='word_1_277' title='bbox 648 4043 696 4078; x_wconf 85' lang='lat' dir='ltr'>sex</span> <span class='ocrx_word' id='word_1_278' title='bbox 711 4027 808 4091; x_wconf 83' lang='lat' dir='ltr'>millio,</span> 
     </span>
     <span class='ocr_line' id='line_1_49' title="bbox 266 4096 809 4162; baseline 0.002 -16"><span class='ocrx_word' id='word_1_279' title='bbox 266 4113 280 4146; x_wconf 91' lang='lat' dir='ltr'>e</span> <span class='ocrx_word' id='word_1_280' title='bbox 292 4098 390 4161; x_wconf 89' lang='lat' dir='ltr'>quibus</span> <span class='ocrx_word' id='word_1_281' title='bbox 400 4097 499 4161; x_wconf 82' lang='lat' dir='ltr'>viginti</span> <span class='ocrx_word' id='word_1_282' title='bbox 513 4097 597 4147; x_wconf 85' lang='lat' dir='ltr'>millia</span> <span class='ocrx_word' id='word_1_283' title='bbox 609 4096 724 4148; x_wconf 86' lang='lat' dir='ltr'>rnilitum</span> <span class='ocrx_word' id='word_1_284' title='bbox 734 4097 809 4162; x_wconf 87' lang='lat' dir='ltr'>(„re·</span> 
     </span>
     <span class='ocr_line' id='line_1_50' title="bbox 265 4164 810 4233; baseline 0.006 -18"><span class='ocrx_word' id='word_1_285' title='bbox 265 4164 374 4232; x_wconf 67' lang='lat' dir='ltr'>gulineo</span> <span class='ocrx_word' id='word_1_286' title='bbox 387 4166 561 4231; x_wconf 65' lang='lat' dir='ltr'>Fussvols‘1)</span> <span class='ocrx_word' id='word_1_287' title='bbox 580 4169 632 4231; x_wconf 88' lang='lat' dir='ltr'>ipsi</span> <span class='ocrx_word' id='word_1_288' title='bbox 647 4184 753 4233; x_wconf 81' lang='lat' dir='ltr'>pugnae</span> <span class='ocrx_word' id='word_1_289' title='bbox 770 4170 810 4218; x_wconf 89' lang='lat' dir='ltr'>iu·</span> 
     </span>
     <span class='ocr_line' id='line_1_51' title="bbox 264 4236 490 4287; baseline 0.004 -3"><span class='ocrx_word' id='word_1_290' title='bbox 264 4236 321 4285; x_wconf 81' lang='lat' dir='ltr'>teri</span> <span class='ocrx_word' id='word_1_291' title='bbox 323 4237 395 4287; x_wconf 85' lang='lat' dir='ltr'>uisse</span> <span class='ocrx_word' id='word_1_292' title='bbox 406 4236 490 4286; x_wconf 87' lang='lat' dir='ltr'>addit.</span> 
     </span>
    </p>

    <p class='ocr_par' dir='ltr' id='par_1_5' title="bbox 263 4297 809 4509">
     <span class='ocr_line' id='line_1_52' title="bbox 300 4297 809 4370; baseline 0.008 -19"><span class='ocrx_word' id='word_1_293' title='bbox 300 4297 379 4369; x_wconf 76' lang='grc' dir='ltr'><strong><em>εἶχον</em></strong></span> <span class='ocrx_word' id='word_1_294' title='bbox 391 4299 440 4361; x_wconf 82' lang='grc' dir='ltr'>τάς</span> <span class='ocrx_word' id='word_1_295' title='bbox 454 4305 518 4361; x_wconf 81' lang='grc' dir='ltr'><strong><em>νέας</em></strong></span> <span class='ocrx_word' id='word_1_296' title='bbox 531 4299 598 4370; x_wconf 80' lang='grc' dir='ltr'>ἰθὺ]</span> <span class='ocrx_word' id='word_1_297' title='bbox 618 4306 634 4357; x_wconf 93' lang='lat' dir='ltr'>i.</span> <span class='ocrx_word' id='word_1_298' title='bbox 649 4322 673 4356; x_wconf 86' lang='lat' dir='ltr'>e.</span> <span class='ocrx_word' id='word_1_299' title='bbox 689 4322 737 4358; x_wconf 83' lang='grc' dir='ltr'><strong><em>που</em></strong></span> <span class='ocrx_word' id='word_1_300' title='bbox 749 4308 809 4355; x_wconf 81' lang='lat' dir='ltr'>litus</span> 
     </span>
     <span class='ocr_line' id='line_1_53' title="bbox 264 4373 807 4441; baseline 0.009 -20"><span class='ocrx_word' id='word_1_301' title='bbox 264 4374 376 4436; x_wconf 74' lang='lat' dir='ltr'>lepentes</span> <span class='ocrx_word' id='word_1_302' title='bbox 386 4373 463 4423; x_wconf 77' lang='lat' dir='ltr'>nones</span> <span class='ocrx_word' id='word_1_303' title='bbox 477 4375 628 4424; x_wconf 78' lang='lat' dir='ltr'>direxerunt</span> <span class='ocrx_word' id='word_1_304' title='bbox 637 4375 807 4441; x_wconf 84' lang='lat' dir='ltr'>(tenuerunt)</span> 
     </span>
     <span class='ocr_line' id='line_1_54' title="bbox 263 4436 807 4509; baseline 0.004 -19"><span class='ocrx_word' id='word_1_305' title='bbox 263 4442 633 4505; x_wconf 70' lang='lat' dir='ltr'>reetelinesponrenaerrus.</span> <span class='ocrx_word' id='word_1_306' title='bbox 661 4445 714 4494; x_wconf 91' lang='lat' dir='ltr'>Ubi</span> <span class='ocrx_word' id='word_1_307' title='bbox 727 4436 807 4509; x_wconf 82' lang='grc' dir='ltr'><strong><em>εἶχον</em></strong></span> 
     </span>
    </p>
   </div>
   <div class='ocr_carea' id='block_1_5' title="bbox 856 1377 1404 3605">
    <p class='ocr_par' dir='ltr' id='par_1_6' title="bbox 856 1377 1404 2355">
     <span class='ocr_line' id='line_1_55' title="bbox 856 1377 1401 1448; baseline -0.002 -15"><span class='ocrx_word' id='word_1_308' title='bbox 856 1399 917 1434; x_wconf 91' lang='lat' dir='ltr'>cum</span> <span class='ocrx_word' id='word_1_309' title='bbox 926 1399 997 1436; x_wconf 85' lang='lat' dir='ltr'>reoc.</span> <span class='ocrx_word' id='word_1_310' title='bbox 1004 1383 1065 1434; x_wconf 86' lang='lat' dir='ltr'>edd.</span> <span class='ocrx_word' id='word_1_311' title='bbox 1073 1383 1182 1434; x_wconf 84' lang='lat' dir='ltr'>restitui</span> <span class='ocrx_word' id='word_1_312' title='bbox 1193 1377 1322 1448; x_wconf 79' lang='grc' dir='ltr'><strong><em>ρεοέχον,</em></strong></span> <span class='ocrx_word' id='word_1_313' title='bbox 1329 1383 1401 1448; x_wconf 87' lang='lat' dir='ltr'>quod</span> 
     </span>
     <span class='ocr_line' id='line_1_56' title="bbox 856 1453 1402 1505; baseline -0.002 -1"><span class='ocrx_word' id='word_1_314' title='bbox 856 1453 966 1505; x_wconf 84' lang='lat' dir='ltr'>Schaef.</span> <span class='ocrx_word' id='word_1_315' title='bbox 991 1458 1018 1503; x_wconf 90' lang='lat' dir='ltr'>et</span> <span class='ocrx_word' id='word_1_316' title='bbox 1040 1453 1148 1503; x_wconf 83' lang='lat' dir='ltr'>Bekker</span> <span class='ocrx_word' id='word_1_317' title='bbox 1169 1458 1324 1504; x_wconf 82' lang='lat' dir='ltr'>tenuerunt.</span> <span class='ocrx_word' id='word_1_318' title='bbox 1361 1455 1402 1503; x_wconf 85' lang='lat' dir='ltr'>De</span> 
     </span>
     <span class='ocr_line' id='line_1_57' title="bbox 856 1519 1404 1588; baseline 0.002 -16"><span class='ocrx_word' id='word_1_319' title='bbox 856 1524 940 1575; x_wconf 82' lang='lat' dir='ltr'>verbo</span> <span class='ocrx_word' id='word_1_320' title='bbox 955 1519 1029 1588; x_wconf 80' lang='grc' dir='ltr'><strong><em>ἔχειν</em></strong></span> <span class='ocrx_word' id='word_1_321' title='bbox 1042 1522 1114 1573; x_wconf 82' lang='lat' dir='ltr'>coni.</span> <span class='ocrx_word' id='word_1_322' title='bbox 1130 1520 1235 1582; x_wconf 76' lang='lat' dir='ltr'>V1,9·2.</span> <span class='ocrx_word' id='word_1_323' title='bbox 1251 1523 1309 1573; x_wconf 88' lang='grc'><strong>101.</strong></span> <span class='ocrx_word' id='word_1_324' title='bbox 1326 1524 1404 1573; x_wconf 88' lang='lat' dir='ltr'>Wes-</span> 
     </span>
     <span class='ocr_line' id='line_1_58' title="bbox 857 1586 1402 1672; baseline 0 -30"><span class='ocrx_word' id='word_1_325' title='bbox 857 1594 966 1658; x_wconf 64' lang='lat' dir='ltr'>seling„</span> <span class='ocrx_word' id='word_1_326' title='bbox 986 1594 1033 1672; x_wconf 69' lang='lat' dir='ltr'>qui</span> <span class='ocrx_word' id='word_1_327' title='bbox 1051 1586 1125 1657; x_wconf 79' lang='grc' dir='ltr'><strong><em>ἔχειν</em></strong></span> <span class='ocrx_word' id='word_1_328' title='bbox 1140 1592 1184 1641; x_wconf 82' lang='grc' dir='ltr'><strong><em>Ιιία</em></strong></span> <span class='ocrx_word' id='word_1_329' title='bbox 1199 1591 1271 1641; x_wconf 89' lang='lat' dir='ltr'>idem</span> <span class='ocrx_word' id='word_1_330' title='bbox 1286 1608 1348 1644; x_wconf 86' lang='lat' dir='ltr'>esse</span> <span class='ocrx_word' id='word_1_331' title='bbox 1361 1594 1402 1642; x_wconf 87' lang='lat' dir='ltr'>sit</span> 
     </span>
     <span class='ocr_line' id='line_1_59' title="bbox 857 1652 1401 1797; baseline -0.006 -14"><span class='ocrx_word' id='word_1_332' title='bbox 857 1652 1401 1797; x_wconf 55' lang='lat' dir='ltr'>run1intentissimis:</span> 
     </span>
     <span class='ocr_line' id='line_1_60' title="bbox 857 1800 1401 1867; baseline -0.004 -15"><span class='ocrx_word' id='word_1_333' title='bbox 857 1806 900 1867; x_wconf 82' lang='lat' dir='ltr'>gis</span> <span class='ocrx_word' id='word_1_334' title='bbox 920 1804 972 1852; x_wconf 88' lang='lat' dir='ltr'>buc</span> <span class='ocrx_word' id='word_1_335' title='bbox 985 1802 1091 1852; x_wconf 85' lang='lat' dir='ltr'>faciunt</span> <span class='ocrx_word' id='word_1_336' title='bbox 1102 1800 1273 1864; x_wconf 78' lang='lat' dir='ltr'>Thucydidis</span> <span class='ocrx_word' id='word_1_337' title='bbox 1291 1801 1346 1852; x_wconf 89' lang='lat' dir='ltr'>loci</span> <span class='ocrx_word' id='word_1_338' title='bbox 1363 1802 1401 1864; x_wconf 83' lang='grc' dir='ltr'>ΙΙ,</span> 
     </span>
     <span class='ocr_line' id='line_1_61' title="bbox 857 1870 1401 1924; baseline 0 -2"><span class='ocrx_word' id='word_1_339' title='bbox 857 1874 901 1924; x_wconf 74' lang='lat'>25.</span> <span class='ocrx_word' id='word_1_340' title='bbox 913 1870 947 1922; x_wconf 88' lang='grc'>33</span> <span class='ocrx_word' id='word_1_341' title='bbox 964 1887 980 1920; x_wconf 90' lang='lat' dir='ltr'>s</span> <span class='ocrx_word' id='word_1_342' title='bbox 996 1870 1134 1921; x_wconf 84' lang='lat' dir='ltr'>Larcbero</span> <span class='ocrx_word' id='word_1_343' title='bbox 1152 1870 1236 1920; x_wconf 80' lang='lat' dir='ltr'>allati.</span> <span class='ocrx_word' id='word_1_344' title='bbox 1266 1871 1308 1920; x_wconf 73' lang='lat' dir='ltr'>Ad</span> <span class='ocrx_word' id='word_1_345' title='bbox 1328 1875 1401 1922; x_wconf 88' lang='lat' dir='ltr'>stru·</span> 
     </span>
     <span class='ocr_line' id='line_1_62' title="bbox 859 1932 1402 2003; baseline -0.004 -12"><span class='ocrx_word' id='word_1_346' title='bbox 859 1949 965 1992; x_wconf 87' lang='lat' dir='ltr'>cturarn</span> <span class='ocrx_word' id='word_1_347' title='bbox 988 1933 1041 1990; x_wconf 72' lang='lat' dir='ltr'>tob</span> <span class='ocrx_word' id='word_1_348' title='bbox 1063 1937 1116 1989; x_wconf 78' lang='grc' dir='ltr'>τοῦ</span> <span class='ocrx_word' id='word_1_349' title='bbox 1138 1954 1168 1989; x_wconf 82' lang='grc' dir='ltr'><strong><em>τε</em></strong></span> <span class='ocrx_word' id='word_1_350' title='bbox 1191 1932 1402 2003; x_wconf 69' lang='grc' dir='ltr'><strong><em>Ἑλλησπόντου</em></strong></span> 
     </span>
     <span class='ocr_line' id='line_1_63' title="bbox 858 2006 1402 2074; baseline 0.006 -15"><span class='ocrx_word' id='word_1_351' title='bbox 858 2007 906 2059; x_wconf 79' lang='grc' dir='ltr'><strong><em>καὶ</em></strong></span> <span class='ocrx_word' id='word_1_352' title='bbox 933 2008 984 2074; x_wconf 71' lang='grc' dir='ltr'>τῆς</span> <span class='ocrx_word' id='word_1_353' title='bbox 1005 2006 1134 2074; x_wconf 77' lang='grc' dir='ltr'><strong><em>Θρηίκης</em></strong></span> <span class='ocrx_word' id='word_1_354' title='bbox 1151 2010 1187 2060; x_wconf 85' lang='lat' dir='ltr'>ci.</span> <span class='ocrx_word' id='word_1_355' title='bbox 1206 2010 1335 2060; x_wconf 88' lang='lat' dir='ltr'>Kuebuer</span> <span class='ocrx_word' id='word_1_356' title='bbox 1354 2011 1402 2062; x_wconf 81' lang='lat' dir='ltr'>Gr.</span> 
     </span>
     <span class='ocr_line' id='line_1_64' title="bbox 859 2080 1401 2145; baseline -0.006 -12"><span class='ocrx_word' id='word_1_357' title='bbox 859 2081 905 2133; x_wconf 85' lang='lat' dir='ltr'>Gr.</span> <span class='ocrx_word' id='word_1_358' title='bbox 928 2083 951 2143; x_wconf 66' lang='grc' dir='ltr'>ξ,</span> <span class='ocrx_word' id='word_1_359' title='bbox 967 2081 1034 2142; x_wconf 77' lang='lat'>522,</span> <span class='ocrx_word' id='word_1_360' title='bbox 1048 2096 1088 2130; x_wconf 84' lang='lat' dir='ltr'>oc.</span> <span class='ocrx_word' id='word_1_361' title='bbox 1128 2080 1161 2130; x_wconf 90' lang='lat' dir='ltr'>In</span> <span class='ocrx_word' id='word_1_362' title='bbox 1179 2081 1301 2144; x_wconf 83' lang='lat' dir='ltr'>proxime</span> <span class='ocrx_word' id='word_1_363' title='bbox 1324 2095 1401 2145; x_wconf 87' lang='lat' dir='ltr'>seqq.</span> 
     </span>
     <span class='ocr_line' id='line_1_65' title="bbox 860 2145 1404 2216; baseline -0.004 -17"><span class='ocrx_word' id='word_1_364' title='bbox 860 2166 908 2216; x_wconf 90' lang='lat' dir='ltr'>pro</span> <span class='ocrx_word' id='word_1_365' title='bbox 921 2148 961 2215; x_wconf 75' lang='grc' dir='ltr'>τῷ</span> <span class='ocrx_word' id='word_1_366' title='bbox 974 2145 1103 2215; x_wconf 78' lang='grc' dir='ltr'><strong><em>προτέρῳ</em></strong></span> <span class='ocrx_word' id='word_1_367' title='bbox 1115 2145 1323 2199; x_wconf 76' lang='grc' dir='ltr'><strong><em>έτεϊῠοδτυσιιε</em></strong></span> <span class='ocrx_word' id='word_1_368' title='bbox 1336 2153 1404 2201; x_wconf 88' lang='lat' dir='ltr'>scri-</span> 
     </span>
     <span class='ocr_line' id='line_1_66' title="bbox 859 2211 1403 2285; baseline -0.002 -15"><span class='ocrx_word' id='word_1_369' title='bbox 859 2221 885 2270; x_wconf 94' lang='lat' dir='ltr'>bi</span> <span class='ocrx_word' id='word_1_370' title='bbox 899 2219 971 2271; x_wconf 82' lang='lat' dir='ltr'>vult:</span> <span class='ocrx_word' id='word_1_371' title='bbox 990 2217 1075 2285; x_wconf 80' lang='grc' dir='ltr'><strong><em>τρίτῳ</em></strong></span> <span class='ocrx_word' id='word_1_372' title='bbox 1090 2211 1240 2281; x_wconf 87' lang='grc' dir='ltr'><strong><em>πρότερον,</em></strong></span> <span class='ocrx_word' id='word_1_373' title='bbox 1253 2219 1282 2267; x_wconf 87' lang='lat' dir='ltr'>in</span> <span class='ocrx_word' id='word_1_374' title='bbox 1294 2234 1348 2284; x_wconf 89' lang='lat' dir='ltr'>qao</span> <span class='ocrx_word' id='word_1_375' title='bbox 1362 2235 1403 2269; x_wconf 87' lang='lat' dir='ltr'>se-</span> 
     </span>
     <span class='ocr_line' id='line_1_67' title="bbox 860 2288 1402 2355; baseline 0 -15"><span class='ocrx_word' id='word_1_376' title='bbox 860 2291 953 2355; x_wconf 88' lang='lat' dir='ltr'>quitur</span> <span class='ocrx_word' id='word_1_377' title='bbox 969 2288 1177 2340; x_wconf 84' lang='lat' dir='ltr'>Weissenborn:</span> <span class='ocrx_word' id='word_1_378' title='bbox 1199 2288 1295 2338; x_wconf 76' lang='lat' dir='ltr'>Hellas</span> <span class='ocrx_word' id='word_1_379' title='bbox 1312 2305 1340 2354; x_wconf 93' lang='lat' dir='ltr'>p.</span> <span class='ocrx_word' id='word_1_380' title='bbox 1358 2289 1402 2343; x_wconf 81' lang='lat'>98.</span> 
     </span>
    </p>

    <p class='ocr_par' dir='ltr' id='par_1_7' title="bbox 859 2420 1403 3399">
     <span class='ocr_line' id='line_1_68' title="bbox 894 2420 1403 2506; baseline 0.006 -31"><span class='ocrx_word' id='word_1_381' title='bbox 894 2420 971 2490; x_wconf 87' lang='grc' dir='ltr'><strong><em>παρά</em></strong></span> <span class='ocrx_word' id='word_1_382' title='bbox 988 2442 1022 2506; x_wconf 61' lang='lat' dir='ltr'>tq</span> <span class='ocrx_word' id='word_1_383' title='bbox 1036 2420 1171 2492; x_wconf 82' lang='grc' dir='ltr'><strong><em>Ἰκάριον]</em></strong></span> <span class='ocrx_word' id='word_1_384' title='bbox 1204 2426 1352 2490; x_wconf 74' lang='lat' dir='ltr'>InfraVI,</span> <span class='ocrx_word' id='word_1_385' title='bbox 1367 2428 1403 2478; x_wconf 83' lang='grc'>911</span> 
     </span>
     <span class='ocr_line' id='line_1_69' title="bbox 859 2495 1402 2562; baseline -0.002 -15"><span class='ocrx_word' id='word_1_386' title='bbox 859 2497 966 2547; x_wconf 85' lang='lat' dir='ltr'>addidit</span> <span class='ocrx_word' id='word_1_387' title='bbox 983 2498 1111 2562; x_wconf 78' lang='grc' dir='ltr'><strong><em>πελαγος.</em></strong></span> <span class='ocrx_word' id='word_1_388' title='bbox 1136 2496 1197 2547; x_wconf 85' lang='lat' dir='ltr'>Vid.</span> <span class='ocrx_word' id='word_1_389' title='bbox 1217 2495 1349 2547; x_wconf 74' lang='lat' dir='ltr'>Sebaet‘er</span> <span class='ocrx_word' id='word_1_390' title='bbox 1367 2498 1402 2546; x_wconf 84' lang='lat' dir='ltr'>ed</span> 
     </span>
     <span class='ocr_line' id='line_1_70' title="bbox 859 2566 1402 2635; baseline 0.004 -18"><span class='ocrx_word' id='word_1_391' title='bbox 859 2567 996 2617; x_wconf 73' lang='lat' dir='ltr'>lambert.</span> <span class='ocrx_word' id='word_1_392' title='bbox 1011 2568 1076 2619; x_wconf 86' lang='lat' dir='ltr'>Bos.</span> <span class='ocrx_word' id='word_1_393' title='bbox 1089 2568 1128 2617; x_wconf 90' lang='lat' dir='ltr'>De</span> <span class='ocrx_word' id='word_1_394' title='bbox 1145 2566 1248 2635; x_wconf 77' lang='lat' dir='ltr'>ellipse.</span> <span class='ocrx_word' id='word_1_395' title='bbox 1261 2580 1327 2632; x_wconf 77' lang='lat' dir='ltr'>pag.</span> <span class='ocrx_word' id='word_1_396' title='bbox 1340 2567 1402 2619; x_wconf 75' lang='lat'>377.</span> 
     </span>
     <span class='ocr_line' id='line_1_71' title="bbox 859 2637 1402 2689; baseline -0.006 -2"><span class='ocrx_word' id='word_1_397' title='bbox 859 2637 1012 2688; x_wconf 80' lang='lat' dir='ltr'>Gebhardt:</span> <span class='ocrx_word' id='word_1_398' title='bbox 1030 2637 1161 2689; x_wconf 82' lang='lat' dir='ltr'>Emeudd.</span> <span class='ocrx_word' id='word_1_399' title='bbox 1177 2638 1324 2688; x_wconf 87' lang='lat' dir='ltr'>Herodott.</span> <span class='ocrx_word' id='word_1_400' title='bbox 1337 2639 1368 2688; x_wconf 85' lang='lat' dir='ltr'>P.</span> <span class='ocrx_word' id='word_1_401' title='bbox 1380 2639 1402 2686; x_wconf 88' lang='grc' dir='ltr'>Ι.</span> 
     </span>
     <span class='ocr_line' id='line_1_72' title="bbox 859 2698 1403 2774; baseline -0.007 -16"><span class='ocrx_word' id='word_1_402' title='bbox 859 2725 886 2774; x_wconf 89' lang='lat' dir='ltr'>p.</span> <span class='ocrx_word' id='word_1_403' title='bbox 910 2709 940 2758; x_wconf 75' lang='lat'>12</span> <span class='ocrx_word' id='word_1_404' title='bbox 959 2723 1007 2773; x_wconf 90' lang='lat' dir='ltr'>pro</span> <span class='ocrx_word' id='word_1_405' title='bbox 1023 2698 1147 2769; x_wconf 87' lang='grc' dir='ltr'><strong><em>Ἰκάριον</em></strong></span> <span class='ocrx_word' id='word_1_406' title='bbox 1159 2709 1242 2758; x_wconf 81' lang='lat' dir='ltr'>scribi</span> <span class='ocrx_word' id='word_1_407' title='bbox 1255 2707 1314 2758; x_wconf 83' lang='lat' dir='ltr'>vult</span> <span class='ocrx_word' id='word_1_408' title='bbox 1328 2698 1403 2755; x_wconf 77' lang='grc' dir='ltr'><strong><em>Ἰνα-</em></strong></span> 
     </span>
     <span class='ocr_line' id='line_1_73' title="bbox 859 2768 1403 2841; baseline -0.002 -15"><span class='ocrx_word' id='word_1_409' title='bbox 859 2792 911 2839; x_wconf 87' lang='grc' dir='ltr'>ρον</span> <span class='ocrx_word' id='word_1_410' title='bbox 931 2777 972 2826; x_wconf 85' lang='lat' dir='ltr'>vel</span> <span class='ocrx_word' id='word_1_411' title='bbox 985 2768 1117 2841; x_wconf 68' lang='lat' dir='ltr'>&#39;Ineptum</span> <span class='ocrx_word' id='word_1_412' title='bbox 1147 2777 1234 2828; x_wconf 75' lang='lat' dir='ltr'>locrio</span> <span class='ocrx_word' id='word_1_413' title='bbox 1248 2779 1316 2827; x_wconf 89' lang='lat' dir='ltr'>mari</span> <span class='ocrx_word' id='word_1_414' title='bbox 1331 2778 1403 2826; x_wconf 85' lang='lat' dir='ltr'>satis</span> 
     </span>
     <span class='ocr_line' id='line_1_74' title="bbox 859 2846 1403 2912; baseline -0.002 -16"><span class='ocrx_word' id='word_1_415' title='bbox 859 2851 969 2897; x_wconf 85' lang='lat' dir='ltr'>constat</span> <span class='ocrx_word' id='word_1_416' title='bbox 983 2846 1119 2912; x_wconf 77' lang='lat' dir='ltr'>designari</span> <span class='ocrx_word' id='word_1_417' title='bbox 1134 2848 1235 2912; x_wconf 79' lang='lat' dir='ltr'>Aegaei</span> <span class='ocrx_word' id='word_1_418' title='bbox 1249 2848 1331 2896; x_wconf 83' lang='lat' dir='ltr'>maria</span> <span class='ocrx_word' id='word_1_419' title='bbox 1343 2862 1403 2911; x_wconf 83' lang='lat' dir='ltr'>par·</span> 
     </span>
     <span class='ocr_line' id='line_1_75' title="bbox 860 2915 1402 2979; baseline -0.004 -13"><span class='ocrx_word' id='word_1_420' title='bbox 860 2921 932 2979; x_wconf 80' lang='lat' dir='ltr'>tens,</span> <span class='ocrx_word' id='word_1_421' title='bbox 950 2919 1023 2966; x_wconf 87' lang='lat' dir='ltr'>intra</span> <span class='ocrx_word' id='word_1_422' title='bbox 1040 2918 1156 2967; x_wconf 75' lang='lat' dir='ltr'>lmrisru</span> <span class='ocrx_word' id='word_1_423' title='bbox 1179 2915 1310 2978; x_wconf 87' lang='lat' dir='ltr'>insulam,</span> <span class='ocrx_word' id='word_1_424' title='bbox 1330 2917 1402 2965; x_wconf 86' lang='lat' dir='ltr'>unde</span> 
     </span>
     <span class='ocr_line' id='line_1_76' title="bbox 860 2986 1402 3052; baseline 0 -16"><span class='ocrx_word' id='word_1_425' title='bbox 860 2986 1173 3052; x_wconf 86' lang='lat' dir='ltr'>nomeu,atqueSamum</span> <span class='ocrx_word' id='word_1_426' title='bbox 1185 2987 1266 3036; x_wconf 87' lang='lat' dir='ltr'>sitam</span> <span class='ocrx_word' id='word_1_427' title='bbox 1274 2988 1309 3036; x_wconf 80' lang='lat' dir='ltr'>ad</span> <span class='ocrx_word' id='word_1_428' title='bbox 1319 2988 1402 3036; x_wconf 79' lang='lat' dir='ltr'>Asiae</span> 
     </span>
     <span class='ocr_line' id='line_1_77' title="bbox 860 3055 1402 3115; baseline -0.002 -9"><span class='ocrx_word' id='word_1_429' title='bbox 860 3057 970 3107; x_wconf 86' lang='lat' dir='ltr'>minoris</span> <span class='ocrx_word' id='word_1_430' title='bbox 985 3055 1059 3105; x_wconf 84' lang='lat' dir='ltr'>litus.</span> <span class='ocrx_word' id='word_1_431' title='bbox 1086 3057 1149 3108; x_wconf 90' lang='lat' dir='ltr'>Vid.</span> <span class='ocrx_word' id='word_1_432' title='bbox 1163 3057 1261 3106; x_wconf 87' lang='lat' dir='ltr'>Horat.</span> <span class='ocrx_word' id='word_1_433' title='bbox 1275 3056 1327 3105; x_wconf 90' lang='lat' dir='ltr'>Od.</span> <span class='ocrx_word' id='word_1_434' title='bbox 1343 3055 1366 3115; x_wconf 87' lang='lat'>1,</span> <span class='ocrx_word' id='word_1_435' title='bbox 1379 3056 1402 3115; x_wconf 88' lang='lat' dir='ltr'>l,</span> 
     </span>
     <span class='ocr_line' id='line_1_78' title="bbox 863 3125 1402 3190; baseline -0.002 -15"><span class='ocrx_word' id='word_1_436' title='bbox 863 3128 893 3175; x_wconf 76' lang='lat'>15</span> <span class='ocrx_word' id='word_1_437' title='bbox 910 3125 1000 3190; x_wconf 90' lang='lat' dir='ltr'>ibique</span> <span class='ocrx_word' id='word_1_438' title='bbox 1014 3125 1212 3188; x_wconf 85' lang='lat' dir='ltr'>Mitscherlich,</span> <span class='ocrx_word' id='word_1_439' title='bbox 1227 3140 1261 3174; x_wconf 89' lang='lat' dir='ltr'>ne</span> <span class='ocrx_word' id='word_1_440' title='bbox 1274 3125 1361 3189; x_wconf 86' lang='lat' dir='ltr'>plura,</span> <span class='ocrx_word' id='word_1_441' title='bbox 1374 3132 1402 3174; x_wconf 87' lang='lat' dir='ltr'>et</span> 
     </span>
     <span class='ocr_line' id='line_1_79' title="bbox 859 3186 1403 3259; baseline -0.013 -12"><span class='ocrx_word' id='word_1_442' title='bbox 859 3196 896 3247; x_wconf 81' lang='lat' dir='ltr'>ci.</span> <span class='ocrx_word' id='word_1_443' title='bbox 909 3196 1042 3259; x_wconf 80' lang='lat' dir='ltr'>Forbiger</span> <span class='ocrx_word' id='word_1_444' title='bbox 1056 3194 1075 3244; x_wconf 92' lang='grc'>1.</span> <span class='ocrx_word' id='word_1_445' title='bbox 1089 3195 1107 3245; x_wconf 92' lang='grc' dir='ltr'>Ι.</span> <span class='ocrx_word' id='word_1_446' title='bbox 1128 3196 1165 3246; x_wconf 82' lang='grc' dir='ltr'>ΙΙ,</span> <span class='ocrx_word' id='word_1_447' title='bbox 1187 3212 1212 3259; x_wconf 89' lang='lat' dir='ltr'>p.</span> <span class='ocrx_word' id='word_1_448' title='bbox 1226 3194 1268 3245; x_wconf 75' lang='lat'>20.</span> <span class='ocrx_word' id='word_1_449' title='bbox 1296 3186 1403 3257; x_wconf 78' lang='grc' dir='ltr'><strong><em>νήσους</em></strong></span> 
     </span>
     <span class='ocr_line' id='line_1_80' title="bbox 860 3263 1402 3330; baseline -0.006 -14"><span class='ocrx_word' id='word_1_450' title='bbox 860 3267 895 3316; x_wconf 89' lang='lat' dir='ltr'>ad</span> <span class='ocrx_word' id='word_1_451' title='bbox 908 3263 1043 3330; x_wconf 82' lang='lat' dir='ltr'>Cycladas</span> <span class='ocrx_word' id='word_1_452' title='bbox 1064 3266 1167 3326; x_wconf 84' lang='lat' dir='ltr'>refero,</span> <span class='ocrx_word' id='word_1_453' title='bbox 1190 3271 1219 3314; x_wconf 85' lang='lat' dir='ltr'>ut</span> <span class='ocrx_word' id='word_1_454' title='bbox 1233 3265 1270 3315; x_wconf 87' lang='lat' dir='ltr'>VI</span> <span class='ocrx_word' id='word_1_455' title='bbox 1278 3301 1285 3321; x_wconf 85' lang='lat'>‚</span> <span class='ocrx_word' id='word_1_456' title='bbox 1299 3265 1343 3316; x_wconf 76' lang='lat'>96.</span> <span class='ocrx_word' id='word_1_457' title='bbox 1358 3264 1402 3313; x_wconf 76' lang='lat'>99.</span> 
     </span>
     <span class='ocr_line' id='line_1_81' title="bbox 860 3333 1156 3399; baseline -0.003 -13"><span class='ocrx_word' id='word_1_458' title='bbox 860 3336 922 3386; x_wconf 85' lang='lat' dir='ltr'>vid.</span> <span class='ocrx_word' id='word_1_459' title='bbox 936 3340 1003 3385; x_wconf 90' lang='lat' dir='ltr'>nott.</span> <span class='ocrx_word' id='word_1_460' title='bbox 1019 3333 1055 3384; x_wconf 86' lang='lat' dir='ltr'>ad</span> <span class='ocrx_word' id='word_1_461' title='bbox 1068 3335 1101 3399; x_wconf 79' lang='lat' dir='ltr'>V,</span> <span class='ocrx_word' id='word_1_462' title='bbox 1114 3335 1156 3386; x_wconf 81' lang='lat'>30.</span> 
     </span>
    </p>

    <p class='ocr_par' dir='ltr' id='par_1_8' title="bbox 859 3394 1401 3605">
     <span class='ocr_line' id='line_1_82' title="bbox 894 3394 1401 3471; baseline 0 -18"><span class='ocrx_word' id='word_1_463' title='bbox 894 3394 938 3453; x_wconf 81' lang='grc' dir='ltr'>ὅτι</span> <span class='ocrx_word' id='word_1_464' title='bbox 950 3404 989 3471; x_wconf 78' lang='grc' dir='ltr'>τῷ</span> <span class='ocrx_word' id='word_1_465' title='bbox 1002 3402 1127 3470; x_wconf 77' lang='grc' dir='ltr'><strong><em>προτέρῳ</em></strong></span> <span class='ocrx_word' id='word_1_466' title='bbox 1143 3398 1199 3453; x_wconf 76' lang='grc' dir='ltr'><strong><em>ἔτεϊ</em></strong></span> <span class='ocrx_word' id='word_1_467' title='bbox 1214 3419 1238 3452; x_wconf 87' lang='grc' dir='ltr'>ιι.</span> <span class='ocrx_word' id='word_1_468' title='bbox 1253 3401 1327 3467; x_wconf 83' lang='grc' dir='ltr'>τ,1.]</span> <span class='ocrx_word' id='word_1_469' title='bbox 1358 3403 1401 3453; x_wconf 82' lang='lat' dir='ltr'>Ct‘.</span> 
     </span>
     <span class='ocr_line' id='line_1_83' title="bbox 859 3471 1400 3538; baseline 0.002 -16"><span class='ocrx_word' id='word_1_470' title='bbox 859 3474 906 3529; x_wconf 80' lang='lat' dir='ltr'>v1,</span> <span class='ocrx_word' id='word_1_471' title='bbox 913 3477 946 3525; x_wconf 75' lang='lat'>44</span> <span class='ocrx_word' id='word_1_472' title='bbox 957 3479 985 3524; x_wconf 87' lang='lat' dir='ltr'>et</span> <span class='ocrx_word' id='word_1_473' title='bbox 995 3474 1028 3524; x_wconf 88' lang='lat' dir='ltr'>de</span> <span class='ocrx_word' id='word_1_474' title='bbox 1038 3475 1122 3526; x_wconf 84' lang='lat' dir='ltr'>verbo</span> <span class='ocrx_word' id='word_1_475' title='bbox 1132 3471 1320 3538; x_wconf 85' lang='grc' dir='ltr'><strong><em>προσπταίειν</em></strong></span> <span class='ocrx_word' id='word_1_476' title='bbox 1330 3478 1400 3523; x_wconf 80' lang='lat' dir='ltr'>nott.</span> 
     </span>
     <span class='ocr_line' id='line_1_84' title="bbox 859 3544 985 3605; baseline 0.008 -12"><span class='ocrx_word' id='word_1_477' title='bbox 859 3545 893 3593; x_wconf 78' lang='lat' dir='ltr'>ad</span> <span class='ocrx_word' id='word_1_478' title='bbox 907 3544 985 3605; x_wconf 78' lang='grc'><strong>1,65.</strong></span> 
     </span>
    </p>
   </div>
   <div class='ocr_carea' id='block_1_6' title="bbox 1041 3714 1217 3766">
    <p class='ocr_par' dir='ltr' id='par_1_9' title="bbox 1041 3714 1217 3766">
     <span class='ocr_line' id='line_1_85' title="bbox 1041 3714 1217 3766; baseline 0.011 -3"><span class='ocrx_word' id='word_1_479' title='bbox 1041 3714 1108 3766; x_wconf 73' lang='lat' dir='ltr'>Cir.</span> <span class='ocrx_word' id='word_1_480' title='bbox 1122 3715 1217 3765; x_wconf 88' lang='lat' dir='ltr'>XCVI.</span> 
     </span>
    </p>
   </div>
   <div class='ocr_carea' id='block_1_7' title="bbox 858 3810 1447 4510">
    <p class='ocr_par' dir='ltr' id='par_1_10' title="bbox 858 3810 1447 4510">
     <span class='ocr_line' id='line_1_86' title="bbox 898 3810 1403 3883; baseline 0.004 -18"><span class='ocrx_word' id='word_1_481' title='bbox 898 3814 1073 3879; x_wconf 73' lang='grc' dir='ltr'><strong><em>προσέμιξαν</em></strong></span> <span class='ocrx_word' id='word_1_482' title='bbox 1090 3816 1125 3883; x_wconf 83' lang='grc' dir='ltr'>τῇ</span> <span class='ocrx_word' id='word_1_483' title='bbox 1147 3810 1253 3883; x_wconf 80' lang='grc' dir='ltr'><strong><em>Νάξῳ]</em></strong></span> <span class='ocrx_word' id='word_1_484' title='bbox 1278 3820 1296 3867; x_wconf 91' lang='lat' dir='ltr'>i.</span> <span class='ocrx_word' id='word_1_485' title='bbox 1318 3834 1343 3868; x_wconf 84' lang='lat' dir='ltr'>e.</span> <span class='ocrx_word' id='word_1_486' title='bbox 1367 3818 1403 3867; x_wconf 80' lang='lat' dir='ltr'>ad</span> 
     </span>
     <span class='ocr_line' id='line_1_87' title="bbox 859 3889 1402 3965; baseline 0 -29"><span class='ocrx_word' id='word_1_487' title='bbox 859 3889 959 3936; x_wconf 73' lang='grc' dir='ltr'><strong><em>,Ιαπαυι</em></strong></span> <span class='ocrx_word' id='word_1_488' title='bbox 966 3891 1073 3951; x_wconf 83' lang='lat' dir='ltr'>propius</span> <span class='ocrx_word' id='word_1_489' title='bbox 1083 3897 1254 3949; x_wconf 76' lang='lat' dir='ltr'>accesserunt,</span> <span class='ocrx_word' id='word_1_490' title='bbox 1263 3890 1402 3965; x_wconf 61' lang='lat' dir='ltr'>appopin-</span> 
     </span>
     <span class='ocr_line' id='line_1_88' title="bbox 858 3958 1398 4022; baseline -0.002 -16"><span class='ocrx_word' id='word_1_491' title='bbox 858 3967 976 4022; x_wconf 79' lang='lat' dir='ltr'>qaarunt.</span> <span class='ocrx_word' id='word_1_492' title='bbox 1017 3958 1059 4006; x_wconf 88' lang='lat' dir='ltr'>De</span> <span class='ocrx_word' id='word_1_493' title='bbox 1080 3959 1163 4007; x_wconf 86' lang='lat' dir='ltr'>verbo</span> <span class='ocrx_word' id='word_1_494' title='bbox 1190 3969 1398 4020; x_wconf 80' lang='grc' dir='ltr'><strong><em>προσμιγνυναι</em></strong></span> 
     </span>
     <span class='ocr_line' id='line_1_89' title="bbox 858 4025 1400 4091; baseline 0 -16"><span class='ocrx_word' id='word_1_495' title='bbox 858 4027 895 4075; x_wconf 87' lang='lat' dir='ltr'>cs.</span> <span class='ocrx_word' id='word_1_496' title='bbox 913 4032 981 4077; x_wconf 88' lang='lat' dir='ltr'>nott.</span> <span class='ocrx_word' id='word_1_497' title='bbox 1003 4026 1038 4076; x_wconf 88' lang='lat' dir='ltr'>ad</span> <span class='ocrx_word' id='word_1_498' title='bbox 1054 4025 1127 4076; x_wconf 84' lang='lat' dir='ltr'>Plut.</span> <span class='ocrx_word' id='word_1_499' title='bbox 1150 4026 1256 4089; x_wconf 83' lang='lat' dir='ltr'>Phiiop.</span> <span class='ocrx_word' id='word_1_500' title='bbox 1276 4042 1340 4091; x_wconf 79' lang='lat' dir='ltr'>pag.</span> <span class='ocrx_word' id='word_1_501' title='bbox 1358 4030 1400 4076; x_wconf 74' lang='lat'>24.</span> 
     </span>
     <span class='ocr_line' id='line_1_90' title="bbox 861 4095 1402 4157; baseline 0.004 -13"><span class='ocrx_word' id='word_1_502' title='bbox 861 4096 930 4146; x_wconf 73' lang='lat' dir='ltr'>Add.</span> <span class='ocrx_word' id='word_1_503' title='bbox 949 4095 1082 4148; x_wconf 85' lang='lat' dir='ltr'>Herodot.</span> <span class='ocrx_word' id='word_1_504' title='bbox 1101 4096 1170 4157; x_wconf 75' lang='lat' dir='ltr'>vn,</span> <span class='ocrx_word' id='word_1_505' title='bbox 1192 4096 1250 4146; x_wconf 78' lang='grc'><strong>1118.</strong></span> <span class='ocrx_word' id='word_1_506' title='bbox 1283 4096 1402 4146; x_wconf 86' lang='lat' dir='ltr'>Verbum</span> 
     </span>
     <span class='ocr_line' id='line_1_91' title="bbox 860 4158 1402 4229; baseline 0.006 -17"><span class='ocrx_word' id='word_1_507' title='bbox 860 4158 1089 4229; x_wconf 81' lang='grc' dir='ltr'><strong><em>προσφερόμενοι</em></strong></span> <span class='ocrx_word' id='word_1_508' title='bbox 1109 4165 1261 4229; x_wconf 80' lang='lat' dir='ltr'>Schweigb.</span> <span class='ocrx_word' id='word_1_509' title='bbox 1288 4167 1316 4214; x_wconf 87' lang='lat' dir='ltr'>iu</span> <span class='ocrx_word' id='word_1_510' title='bbox 1333 4166 1402 4215; x_wconf 79' lang='lat' dir='ltr'>Lex.</span> 
     </span>
     <span class='ocr_line' id='line_1_92' title="bbox 860 4228 1403 4300; baseline 0 -17"><span class='ocrx_word' id='word_1_511' title='bbox 860 4234 960 4286; x_wconf 88' lang='lat' dir='ltr'>Herod.</span> <span class='ocrx_word' id='word_1_512' title='bbox 982 4234 1015 4300; x_wconf 87' lang='lat' dir='ltr'>(a.</span> <span class='ocrx_word' id='word_1_513' title='bbox 1029 4250 1055 4285; x_wconf 80' lang='lat' dir='ltr'>v.</span> <span class='ocrx_word' id='word_1_514' title='bbox 1077 4228 1303 4298; x_wconf 75' lang='grc' dir='ltr'><strong><em>προσφέρεσθαι)</em></strong></span> <span class='ocrx_word' id='word_1_515' title='bbox 1318 4235 1403 4285; x_wconf 90' lang='lat' dir='ltr'>inter·</span> 
     </span>
     <span class='ocr_line' id='line_1_93' title="bbox 859 4304 1403 4369; baseline -0.004 -14"><span class='ocrx_word' id='word_1_516' title='bbox 859 4310 983 4369; x_wconf 84' lang='lat' dir='ltr'>pretatur</span> <span class='ocrx_word' id='word_1_517' title='bbox 994 4313 1159 4368; x_wconf 73' lang='lat' dir='ltr'>erumpentes,</span> <span class='ocrx_word' id='word_1_518' title='bbox 1168 4306 1303 4353; x_wconf 82' lang='lat' dir='ltr'>irruentes.</span> <span class='ocrx_word' id='word_1_519' title='bbox 1317 4304 1403 4369; x_wconf 81' lang='lat' dir='ltr'>Equi·</span> 
     </span>
     <span class='ocr_line' id='line_1_94' title="bbox 859 4373 1447 4437; baseline 0 -13"><span class='ocrx_word' id='word_1_520' title='bbox 859 4376 918 4424; x_wconf 90' lang='lat' dir='ltr'>dcrn</span> <span class='ocrx_word' id='word_1_521' title='bbox 936 4374 1026 4425; x_wconf 84' lang='lat' dir='ltr'>sualim</span> <span class='ocrx_word' id='word_1_522' title='bbox 1043 4376 1206 4437; x_wconf 82' lang='lat' dir='ltr'>accedentes,</span> <span class='ocrx_word' id='word_1_523' title='bbox 1219 4374 1327 4423; x_wconf 73' lang='lat' dir='ltr'>aduecti.</span> <span class='ocrx_word' id='word_1_524' title='bbox 1359 4373 1403 4425; x_wconf 80' lang='grc'>01.</span> <span class='ocrx_word' id='word_1_525' title='bbox 1442 4416 1447 4424; x_wconf 90' lang='grc'><strong>.</strong></span> 
     </span>
     <span class='ocr_line' id='line_1_95' title="bbox 858 4443 1403 4510; baseline -0.004 -14"><span class='ocrx_word' id='word_1_526' title='bbox 858 4445 927 4508; x_wconf 83' lang='lat' dir='ltr'>vll,</span> <span class='ocrx_word' id='word_1_527' title='bbox 944 4444 995 4496; x_wconf 74' lang='lat'>209</span> <span class='ocrx_word' id='word_1_528' title='bbox 1020 4450 1049 4494; x_wconf 89' lang='lat' dir='ltr'>et</span> <span class='ocrx_word' id='word_1_529' title='bbox 1073 4446 1102 4493; x_wconf 91' lang='lat' dir='ltr'>iu</span> <span class='ocrx_word' id='word_1_530' title='bbox 1127 4445 1248 4508; x_wconf 81' lang='lat' dir='ltr'>proxime</span> <span class='ocrx_word' id='word_1_531' title='bbox 1269 4459 1347 4510; x_wconf 85' lang='lat' dir='ltr'>seqq.</span> <span class='ocrx_word' id='word_1_532' title='bbox 1367 4443 1403 4494; x_wconf 84' lang='lat' dir='ltr'>ad</span> 
     </span>
    </p>
   </div>
   <div class='ocr_carea' id='block_1_8' title="bbox 0 0 1558 5175">
    <p class='ocr_par' dir='ltr' id='par_1_11' title="bbox 0 0 1558 5175">
     <span class='ocr_line' id='line_1_96' title="bbox 0 0 1558 5175; baseline 0 0"><span class='ocrx_word' id='word_1_533' title='bbox 0 0 1558 5175; x_wconf 95' lang='lat' dir='ltr'> </span> 
     </span>
    </p>
   </div>
  </div>
 </body>
</html>
