3100 5175
267 399 328 466 250
704 399 968 463 HERODOTI

208 627 211 633 -
268 580 378 665 δρᾶμα
392 571 548 663 Μιλήτου
561 570 704 658 ἅλωσιν,
725 575 782 644 καὶ
797 574 988 660 διδάξαντι,
1009 576 1042 655 te
1058 573 1189 662 δάκρυά
1201 601 1237 645 τε
1251 579 1350 646 ἔντεσι
1364 573 1401 646 cd

267 682 431 768 θέητρον,
459 680 515 747 καὶ
535 678 720 767 ἐζημίωσάν
741 707 817 766 μιν,
849 675 893 758 ὦς
915 675 1152 767 ἀναμνήσαντα
1172 677 1284 767 οἰκήια
1303 677 1400 762 κακὰ,

267 791 391 873 χιλίῃσι
406 787 587 872 δραχμῇσι·
616 784 671 851 καὶ
686 785 848 865 ἐπέταξαν
861 785 977 872 μηκέτι
991 785 1119 871 μηδένα
1133 787 1278 870 χρᾶσθαι
1293 780 1401 876 τούτῳ

265 892 312 984 τῷ
327 885 480 976 δράματι.

266 1056 385 1106 conferri
400 1057 538 1120 poterunt,
554 1067 624 1116 qnae
640 1050 703 1102 olim
717 1057 808 1117 protn-

266 1125 358 1177 lerunt
374 1126 496 1175 Passow.
516 1124 544 1172 iu
561 1122 666 1173 Melett.
687 1122 762 1175 critt.
779 1124 808 1172 in

266 1194 396 1259 Aeschyli
410 1190 652 1254 Persnslvralisl.
667 1190 759 1256 ‘1828)
779 1208 806 1257 p.

267 1267 282 1315 7
304 1274 332 1316 ct
349 1264 381 1316 (l.
402 1265 425 1315 Ι.
445 1262 601 1313 Hoffmann.
622 1261 651 1309 in
671 1260 761 1311 Iahnii
781 1266 809 1312 et

267 1332 383 1386 Seebod.
399 1331 495 1383 Annal.
513 1331 606 1395 suppl.
621 1330 662 1392 ΙΙ,
678 1331 702 1381 Ι.
722 1348 748 1396 p.
762 1331 806 1381 40.

266 1406 310 1456 41.
342 1403 448 1462 Quibus
466 1402 534 1452 haec
551 1402 671 1451 Creuzer.
692 1401 807 1450 adiicit:

267 1469 807 1538 „DePhryniohotrngicoadchchoell.

266 1546 294 1593 in
303 1543 378 1592 Hist.
390 1542 423 1591 de
435 1541 462 1590 la
474 1541 630 1590 Literature
643 1555 757 1604 greeque
770 1541 808 1589 ΙΙ.

266 1630 292 1678 p.
311 1611 376 1662 tuln
392 1617 419 1660 et
436 1610 572 1660 Clintcnis
583 1609 660 1659 Fast.
674 1608 807 1659 Hellenic.

266 1700 293 1747 p.
309 1681 409 1731 XXXI.
425 1684 481 1730 not.
497 1685 523 1741 t,
542 1679 589 1730 nbi
601 1679 684 1730 etiam
703 1679 735 1729 de
749 1681 808 1730 cius

267 1754 358 1802 aetate
377 1756 460 1815 atque
480 1750 557 1800 obitu
573 1749 601 1799 iu
619 1747 729 1809 Sicilia,
755 1749 808 1798 ibi-

266 1822 381 1885 demque
394 1835 410 1868 a
420 1821 558 1884 Kruegero
572 1818 664 1867 laudd.
677 1818 809 1869 hleiuekii

267 1892 380 1953 Quaeat.
394 1904 487 1941 scenn.
502 1889 538 1939 ΙΙ.
552 1903 614 1951 pag.
632 1888 741 1952 dseq.“
764 1888 806 1937 Dc

266 1961 328 2024 ipsa
354 1959 502 2023 Phrynichi
527 1957 621 2008 iabula
642 1958 670 2006 in
695 1971 805 2007 scenam

267 2029 413 2094 producta,
427 2029 459 2078 de
476 2043 530 2093 qua
540 2028 566 2077 h.
583 2026 721 2091 Legitur,
738 2026 808 2077 nihil

267 2099 324 2150 sere
342 2102 466 2161 superest
492 2101 601 2161 praeter
623 2112 657 2147 aa
681 2102 806 2148 veterum

266 2169 427 2232 scriptorum
444 2166 615 2223 testimonia,
635 2181 703 2231 quae
723 2182 806 2232 snpra

266 2238 464 2299 excitavimus,
477 2236 634 2287 Herodotus
649 2236 805 2301 plerumque

265 2307 458 2370 repetentium:
477 2322 527 2356 nac
540 2304 650 2355 aliunde
661 2306 806 2371 quidquam

265 2381 384 2434 constat,
395 2376 463 2425 adeo
474 2380 505 2425 ut
516 2378 684 2440 quaererent,
694 2390 747 2438 quo
759 2392 806 2426 no·

265 2447 338 2494 mine
354 2443 401 2493 illa
416 2443 498 2493 suerit
513 2445 647 2506 iuscripta
661 2448 689 2493 et
704 2445 732 2495 in
747 2461 807 2496 sce-

265 2530 328 2564 nam
344 2513 488 2574 producta:
510 2526 564 2577 qus
575 2511 601 2560 in
619 2527 647 2563 re
661 2513 734 2577 quod
746 2516 805 2580 qui-

265 2585 326 2634 dam
340 2583 373 2634 de
386 2599 418 2633 ea
431 2582 524 2633 lahula
534 2582 704 2646 cogitarunt,
724 2600 805 2649 qnam

264 2655 364 2705 Snidas
379 2656 488 2704 nomine
500 2650 619 2711 discorda
633 2651 746 2711 indicat.
758 2657 806 2704 mi-

264 2725 290 2775 hi
307 2729 381 2774 certe
396 2723 469 2773 hand
482 2722 593 2772 dubium
606 2722 725 2785 videtur,
740 2726 805 2789 quin

264 2786 397 2856 Μιλήτου
424 2784 527 2850 ἅλωσις
551 2792 632 2843 luerit
662 2793 806 2860 inscripta,

262 2863 345 2929 idque
364 2863 409 2913 rel
431 2867 542 2928 propter
562 2861 729 2913 Herodotum
748 2871 805 2915 sta·

263 2939 325 2994 tuo,
344 2934 392 2998 qni
410 2935 472 2984 voci
492 2928 585 2995 dodun
603 2933 690 2998 ipsam
710 2933 806 2984 iuscri-

263 3003 382 3068 ptionem
395 3004 489 3054 eodem
501 3003 529 3052 iu
544 3017 610 3053 casn
630 3018 678 3067 per
694 3006 804 3068 apposi-

263 3076 376 3137 tionem,
389 3078 422 3122 ut
434 3074 538 3134 dicunt,
556 3073 691 3123 adiectam
705 3074 802 3126 voluit.

262 3144 320 3192 Nec
341 3143 429 3206 magis
454 3140 617 3193 audiendum
650 3158 710 3193 esse
737 3150 803 3207 puto

261 3213 494 3276 Kanngiesserum
505 3210 568 3275 (Die
578 3211 718 3263 homische
730 3213 802 3263 Riih-

262 3297 295 3330 ne
307 3297 333 3343 p.
348 3282 458 3345 90),qui
472 3281 544 3331 hanc
560 3280 681 3331 fabulam
693 3297 747 3333 uno
759 3284 801 3333 hi·

261 3350 364 3402 strione
377 3356 517 3414 peractam
530 3364 591 3400 esse
604 3351 742 3415 opinatur,
756 3354 803 3418 qui

857 1052 981 1117 Longino
998 1045 1062 1115 περὶ
1073 1039 1176 1114 'ducac
1194 1053 1217 1115 5.
1231 1052 1401 1103 rennuere

857 1123 977 1188 positum
996 1127 1039 1173 est
1057 1113 1145 1174 ἔπεσε.
1177 1123 1253 1171 Voce
1273 1117 1400 1185 θέητρον

861 1194 935 1256 ipsos
944 1199 1101 1255 spectatores
1111 1197 1138 1240 et
1148 1193 1277 1242 auditores
1289 1193 1400 1254 saepius

860 1262 975 1312 indicari
997 1262 1100 1311 monuit
1112 1261 1253 1324 Wytteub.
1277 1264 1306 1311 iu
1326 1261 1398 1314 Bibl.

859 1331 947 1382 critic.
966 1331 1028 1381 xil.
1046 1330 1123 1395 (111,
1140 1330 1183 1393 4.)
1199 1345 1261 1396 pag.
1282 1330 1316 1382 79
1338 1330 1399 1381 coll.

859 1400 1025 1452 Schneidero
1039 1401 1056 1450 l.
1071 1400 1090 1450 Ι.
1105 1415 1167 1466 pag.
1183 1401 1226 1451 74.

893 1465 942 1519 sal
958 1462 1115 1533 ἐζημίωσάν
1136 1483 1202 1534 μιν,
1221 1457 1260 1524 ὥς
1274 1461 1400 1535 drausii-

859 1553 948 1589 σαντα
961 1531 1059 1602 clarita
1085 1531 1172 1603 κατὰ,
1202 1536 1305 1602 χιλίῃσι
1330 1536 1399 1602 δρα·

858 1607 961 1676 χμήσι]
981 1611 1022 1660 De
1039 1613 1177 1661 structura
1190 1603 1399 1672 verbi'inpuods

857 1695 919 1730 cum
931 1680 1039 1741 dativo,
1053 1679 1101 1743 qui
1112 1693 1216 1743 poenae
1227 1679 1335 1728 modum
1351 1679 1398 1730 ds·

858 1749 953 1811 clarat,
970 1748 1026 1798 vid.
1040 1748 1198 1810 Herodl'I,
1214 1747 1263 1798 136
1275 1749 1398 1800 etliueh-

858 1834 905 1870 ner
916 1823 942 1882 5.
955 1819 1021 1880 586,
1035 1817 1067 1880 d,
1084 1820 1132 1883 qui
1144 1818 1215 1868 idem
1225 1822 1250 1881 ξ.
1264 1818 1325 1868 529.
1339 1823 1397 1870 not.

859 1889 871 1939 l
888 1889 921 1939 de
933 1888 1102 1950 accusativo,
1113 1888 1160 1952 qui
1171 1888 1255 1938 verbo
1268 1880 1398 1952 ἀναμνή-

858 1969 946 2007 σαντα
963 1958 1087 2018 additur,
1105 1960 1219 2008 monuit.
1252 1957 1397 2008 Caeterum

855 2031 921 2078 mille
935 2026 1094 2087 drachmae,
1110 2027 1226 2076 Wurmii
1238 2027 1362 2078 rationes
1374 2029 1398 2077 si

856 2100 1013 2163 coquimur,
1046 2096 1168 2148 efficiunt
1189 2112 1320 2147 summam
1346 2099 1396 2149 241

858 2165 969 2218 thalerr.
990 2168 1006 2216 7
1023 2182 1110 2232 grass.
1137 2167 1195 2217 sive
1215 2166 1267 2216 434
1283 2167 1398 2219 florenu.

858 2235 890 2286 18
903 2238 1042 2301 crucigg.,
1067 2251 1136 2301 quae
1155 2234 1256 2286 mulcta
1272 2251 1321 2299 pro
1342 2236 1398 2288 illis

856 2307 1025 2371 temporibus
1040 2308 1111 2357 satis
1123 2320 1223 2370 magua
1240 2305 1336 2356 haberi
1348 2322 1397 2369 po-

856 2376 930 2425 terit.
956 2375 1089 2437 Causam,
1107 2390 1160 2439 qua
1171 2376 1298 2425 commoti
1312 2376 1398 2426 Athe·

856 2446 964 2496 nienses
982 2448 1081 2509 poittae
1097 2449 1202 2495 tantam
1218 2443 1347 2495 mulctam
1362 2447 1399 2495 ir·

855 2515 991 2579 rogarint,
1007 2514 1163 2564 Herodotus
1181 2514 1286 2564 indicat
1303 2516 1397 2566 verbis

855 2576 893 2641 aie
905 2575 1108 2648 ἀναμνήσαντα
1124 2574 1222 2647 clarita
1234 2577 1321 2647 κατὰ,
1332 2602 1397 2636 cou-

856 2653 929 2703 sulto
943 2656 1100 2719 praeposita
1112 2654 1210 2704 voculd
1221 2646 1268 2710 ὡς,
1281 2653 1354 2704 hunc
1367 2656 1396 2705 iu

856 2722 1008 2785 modum‚ut
1020 2726 1063 2789 qui
1071 2741 1092 2775 s.
1100 2740 1132 2774 co
1144 2724 1212 2788 quod
1222 2724 1247 2773 in
1256 2728 1397 2775 memoriam

854 2793 1047 2845 Atheniensibus
1071 2794 1217 2844 συστολίσαι
1238 2794 1397 2845 calamitates

855 2872 1007 2913 revocasset.
1025 2863 1095 2912 Nom
1102 2862 1395 2913 Milesiorumcalami-

856 2935 927 2983 tates
938 2932 1119 2984 Athenienses
1131 2946 1238 2997 quoque
1251 2933 1286 2982 ob
1300 2933 1394 2998 stirpis

854 3003 1068 3055 communionem
1078 3002 1266 3067 attingebantz
1284 3001 1335 3052 has
1348 3018 1395 3053 ve-

853 3090 884 3124 ro
899 3073 1072 3123 calamitates
1089 3072 1219 3134 temporis
1238 3072 1395 3122 recentissi-

853 3144 891 3191 mi
903 3157 935 3193 eo
952 3142 1040 3192 miuus
1052 3143 1080 3191 iu
1092 3156 1201 3192 scenam
1217 3141 1331 3205 produci
1347 3158 1394 3191 vo-

852 3212 973 3272 luerunt,
995 3227 1048 3276 quo
1059 3213 1145 3277 magis
1159 3212 1253 3276 utique
1267 3211 1318 3262 hae
1331 3213 1394 3262 ahs·

852 3286 914 3331 rant
929 3297 946 3330 a
960 3281 1090 3332 festorum
1105 3280 1277 3332 solemnitate
1289 3297 1322 3332 ac
1333 3296 1395 3345 gra·

852 3352 939 3401 vitate
952 3350 1083 3417 simulque
1097 3351 1198 3400 iustum
1218 3351 1392 3415 opprobrium

261 3419 474 3470 Atheniensibus
493 3435 508 3468 e
527 3423 659 3482 suggestu
675 3423 754 3485 qnasi
774 3440 801 3474 e·
852 3420 1066 3472 inAthenienses
1078 3420 1393 3482 coniicerevidehantur,

261 3490 415 3540 narraverit
424 3490 652 3553 expugnationem
662 3491 749 3541 Mileti
760 3492 802 3542 id·
853 3492 898 3555 qui
915 3491 1039 3557 cognatis
1050 3488 1164 3540 Milesiis
1183 3505 1242 3540 eam
1254 3506 1336 3556 quam
1349 3489 1394 3541 de·

261 3557 573 3625 quelameutabilimodo
582 3562 715 3623 exegerit:
729 3561 801 3626 quod
851 3560 953 3611 hehant
964 3576 1042 3625 opem
1054 3559 1127 3610 haud
1139 3558 1266 3619 tulerint,
1284 3559 1332 3609 sed
1345 3575 1393 3612 eos

260 3629 283 3680 si
300 3644 392 3680 verum
405 3633 487 3687 esset,
504 3625 600 3690 δρᾶμα
613 3629 649 3679 ab
659 3631 800 3682 Herodoto
851 3631 968 3695 pessime
979 3630 1089 3680 interire
1101 3628 1229 3679 siverint:
1244 3630 1316 3680 uude
1325 3645 1393 3693 quo·

260 3699 316 3749 dici
328 3714 422 3749 revera
434 3698 507 3749 haud
521 3700 665 3756 potuisset.
852 3716 904 3765 que
919 3700 1130 3759 interdixerunt,
1149 3714 1184 3748 ue
1199 3700 1260 3764 quis
1275 3699 1392 3764 amplius

294 3760 322 3824 ές
337 3760 447 3829 δάκρυσί
463 3782 492 3816 τε
511 3762 592 3818 ἔπεσε
610 3759 642 3818 τὸ
659 3761 797 3835 θέητρον]
850 3769 902 3821 hac
914 3768 1009 3820 sabula
1020 3773 1151 3831 uteretur,
1163 3769 1181 3818 i.
1194 3786 1217 3819 e.
1230 3784 1263 3819 ne
1277 3773 1339 3834 quis
1350 3769 1391 3818 hi-

258 3840 333 3890 Hinc
346 3837 419 3903 apud
431 3838 538 3889 Aeliau.
555 3838 591 3890 N.
604 3837 635 3888 A.
652 3840 700 3903 IV,
712 3842 746 3890 42
759 3835 801 3896 εἰς
851 3840 918 3890 strio
932 3840 991 3890 sive
1006 3838 1081 3889 chori
1096 3838 1150 3888 dux
1164 3838 1276 3889 eandem
1294 3838 1391 3902 ampli·

258 3900 369 3970 δάκρυα
387 3899 515 3957 ἐκπεσεῖν
534 3912 648 3959 notante
661 3910 799 3971 Iacobsio‚
850 3923 882 3957 us
896 3911 923 3958 iu
935 3924 1043 3959 scenam
1054 3909 1228 3973 produceret:
1249 3924 1320 3973 qnae
1330 3910 1391 3972 ipsa

260 3978 305 4043 qui
322 3977 354 4027 de
372 3977 426 4028 hac
439 3977 579 4029 locutione
595 3978 666 4028 citat
677 3981 754 4031 Bast.
771 3984 799 4030 et
849 3993 892 4029 res
904 3977 976 4028 haud
985 3979 1042 4029 scio
1053 3993 1088 4027 an
1102 3976 1130 4026 id
1143 3992 1248 4043 quoque
1260 3976 1389 4039 effecerit,

259 4047 366 4099 Schael.
389 4047 425 4098 ad
440 4048 552 4112 Gregor.
568 4047 688 4099 Corinth.
710 4066 735 4114 p.
754 4048 798 4100 63.
849 4052 881 4098 ut
900 4063 935 4098 ne
960 4063 1030 4097 unus
1051 4047 1157 4112 quidem
1182 4046 1260 4097 huius
1278 4045 1391 4097 fabulae

163 4143 168 4153 .
258 4117 289 4166 In
303 4116 421 4169 lectione
432 4111 512 4166 ἔπεσε
525 4120 691 4170 conveniunt
704 4119 799 4184 optimi
849 4117 1001 4169 versiculus
1013 4118 1141 4181 supersit.
1163 4115 1253 4181 Atque
1264 4118 1348 4180 podta
1362 4115 1391 4165 id

259 4186 353 4246 codd.;
388 4203 438 4238 nec
470 4188 655 4252 recipiendum
686 4181 800 4253 ἔπεσαν,
849 4187 938 4252 ipsum
952 4189 1071 4238 sensisse
1083 4185 1206 4239 videtur,
1228 4189 1260 4234 ut
1277 4188 1325 4249 qui
1339 4184 1390 4234 ali-

258 4256 330 4319 quod
347 4255 427 4307 codd.
448 4258 615 4307 anctoritate
638 4257 798 4309 destitutum
849 4262 917 4322 quot
929 4257 1008 4307 annis
1021 4260 1084 4320 post
1096 4256 1170 4306 circa
1181 4254 1233 4306 480
1248 4259 1312 4306 ante
1324 4254 1388 4304 Chr.

258 4325 382 4376 revocari
397 4326 458 4375 vult
470 4328 620 4377 Buttmann
639 4329 667 4378 iu
679 4330 797 4379 Gramm.
849 4342 876 4377 n.
901 4326 929 4376 iu
959 4340 1069 4376 scenam
1096 4324 1203 4374 dederit
1225 4322 1389 4385 Φοινίσσας,

259 4392 355 4444 Graec.
371 4395 432 4446 mai.
444 4395 482 4447 ΙΙ.
496 4410 557 4457 pag.
569 4396 619 4446 218
633 4396 693 4448 coll.
707 4397 798 4447 Kueh·
849 4411 904 4459 qua
924 4395 1019 4446 fabula
1034 4410 1078 4445 res
1095 4392 1300 4446 Atheniensium
1320 4393 1390 4443 cele-

258 4475 325 4513 uero
339 4462 384 4514 Gr.
394 4462 440 4513 Gr.
457 4466 483 4526 5.
499 4464 557 4515 176.
571 4470 628 4515 not.
642 4468 665 4517 Ι.
691 4467 725 4516 Iu
737 4467 797 4531 ipso
847 4465 927 4516 brare
939 4481 972 4516 ac
983 4463 1128 4517 victoriam
1137 4462 1289 4515 Salaminia
1300 4463 1328 4512 in
1342 4478 1390 4528 pu·
