3100 5175
254 411 315 476 368
328 453 336 468 .

690 405 959 468 HERODOTI

186 598 244 658 103
253 584 351 657 τοῦτό
365 607 427 673 σφι
442 584 620 671 κατηγέετο
628 577 756 670 Ἱιταίης
769 577 788 651 ὁ
803 579 1057 671 Πεισιστράτου.
1090 578 1264 672 Ἀθηναῖοι
1279 585 1334 669 dl,
1349 579 1391 664 ὥς

253 692 422 762 ἐπύθοντο
436 691 557 772 ταῦτα,
579 686 743 774 ἐβοήθεον
757 688 813 754 καὶ
827 684 922 755 αὐτοὶ
937 689 969 765 ἐς
983 685 1042 755 τὸν
1056 694 1271 775 Μαραθῶνα.
1307 682 1391 777 ἦγον

252 799 292 865 δέ
303 817 409 883 σφεας
429 793 608 878 στρατηγοὶ
629 793 727 875 δέκα,
755 795 823 859 τῶν
847 786 865 858 ὁ
888 792 1026 870 δέκατος
1046 782 1089 880 ἦν
1103 792 1310 879 Μιλτιάδης,
1331 798 1390 860 τοῦ

251 997 320 1046 libro
330 990 613 1054 Schweighaeuserus,
627 1005 705 1055 quem
716 992 795 1043 Gaia·

253 1066 323 1116 iord.
340 1069 368 1114 et
386 1062 494 1111 Bekker
511 1061 601 1109 secuti
620 1065 700 1122 aunt,
719 1060 794 1111 exhi-

252 1137 315 1187 buit
347 1122 579 1192 Πεισιστράτου),
610 1130 792 1181 revocandam

252 1205 346 1256 censui
367 1200 505 1264 vulgarem
522 1200 685 1264 scripturam
697 1197 795 1248 Πεισι-

252 1270 404 1336 στράτου,
423 1284 503 1333 quam
515 1271 612 1318 merito
629 1275 795 1320 revocarunt

252 1342 379 1394 Dindorf.
395 1345 423 1389 et
434 1337 575 1400 Dietsch.,
594 1354 655 1388 curn
668 1354 685 1387 a
697 1337 794 1387 Πεισί-

253 1425 371 1476 στρατος
391 1409 464 1459 fleoti
485 1413 604 1472 nequeat
627 1403 796 1471 Πεισιστρά-

251 1497 322 1543 rato,
339 1479 387 1532 sed
402 1492 484 1529 unum
497 1472 716 1540 Hssorcrpnirou3
736 1478 792 1528 vid.

252 1552 369 1604 Bredov.
388 1564 447 1614 pag.
468 1547 519 1596 234
538 1553 565 1596 et
578 1547 650 1598 conf.
670 1553 739 1597 nott.
760 1548 794 1596 ad

252 1623 264 1672 Ι
269 1625 300 1684 V,
313 1624 371 1672 147.
396 1620 437 1668 De
449 1618 509 1682 ipso
523 1631 610 1681 οαοηιο
621 1617 796 1680 Marathonio,

253 1694 281 1742 in
301 1705 353 1756 quo
372 1693 522 1754 pugnatum
537 1693 594 1749 est,
618 1702 650 1736 ao
671 1687 704 1737 de
719 1687 795 1749 urbe,

252 1776 334 1827 quam
347 1760 410 1809 oiim
430 1757 501 1806 haud
517 1757 573 1806 alio
589 1757 649 1807 loco
661 1757 742 1807 sitam
755 1757 796 1807 iu-

254 1836 308 1882 isse
319 1833 457 1896 putamus,
474 1841 554 1891 quarn
566 1842 619 1891 quo
632 1841 705 1877 nnnc
717 1828 795 1876 vicus

252 1899 414 1953 recentioris
426 1898 527 1947 aetatis
537 1897 684 1961 reperitur,
701 1897 795 1946 eodem

253 1972 361 2022 nomine
380 1960 408 2033 (d
423 1964 624 2030 Μαραθῶνος)
639 1966 794 2031 insignitus,

252 2041 375 2106 pluribus
393 2037 568 2102 exposuimus
584 2036 613 2086 in
625 2038 747 2087 Excursu
759 2036 795 2085 ad

253 2112 279 2160 h.
296 2111 324 2173 1.,
339 2109 386 2159 uhi
401 2108 458 2159 vid.

295 2175 322 2235 ἐς
338 2172 424 2226 τοῦτο’
443 2189 494 2238 σφι
513 2172 662 2238 κατηγέετο
682 2166 796 2237 Ἱππίης

253 2236 796 2309 dHasororpoirov]QuaeritRossffll'dtt.

253 2321 273 2370 f.
286 2319 390 2368 literar.
398 2314 553 2366 Unterhalt.
572 2313 701 2383 ldd‘dsnr.
711 2314 796 2362 lus-

257 2389 314 2439 106.
328 2403 354 2452 p.
372 2386 422 2435 427
438 2399 513 2448 seqq.
534 2391 562 2433 et
580 2385 750 2448 potissimum
766 2399 794 2448 p.

253 2458 304 2508 435
315 2472 371 2520 seq.
381 2492 388 2518 ,
400 2451 578 2515 Archaeolog.
592 2451 723 2502 Auislttae
733 2453 754 2501 1.
767 2469 794 2517 p.

253 2528 302 2578 ⁶211
317 2524 396 2592 seq),
406 2523 454 2591 qui
466 2524 570 2572 factum
582 2525 629 2584 ait,
645 2527 676 2571 nt
684 2523 796 2586 Persae,

253 2613 321 2664 quos
334 2598 452 2662 Hippias
469 2593 589 2644 locorum
608 2593 676 2643 bene
694 2608 796 2657 guarna

253 2666 490 2730 ducebat,ad,tam
502 2662 639 2714 diiticilem
649 2661 737 2713 locum
747 2678 796 2727 ap·

252 2737 380 2804 pulerint,
389 2751 476 2801 neque
483 2732 626 2784 Phalerum
637 2734 795 2798 navigarint

253 2808 348 2859 autad
360 2807 488 2867 Prasias,
511 2802 680 2854 commodum
693 2803 794 2866 lucum,

252 2877 418 2943 appulerint,
427 2876 498 2925 unde
508 2874 553 2922 via
561 2875 629 2923 satis
640 2876 707 2922 trita
714 2873 795 2922 Athe·

253 2964 303 2998 nas
313 2947 439 3009 ducebat,
451 2944 588 3011 equitibus
598 2944 702 3008 peruia.
717 2943 795 3005 Quod

252 3017 407 3067 Herodotus
421 3016 479 3079 (Vl,
495 3014 555 3077 102)
570 3012 667 3065 afferat
680 3014 714 3063 de
724 3028 795 3063 cam-

254 3102 288 3151 po
303 3085 475 3135 Marathonio
495 3084 635 3148 equitibus
650 3085 737 3147 magis
750 3099 793 3133 ac·

253 3156 442 3216 commodato,
463 3152 491 3202 id
505 3152 571 3203 ferri
587 3168 641 3203 non
652 3167 733 3217 posse
745 3168 796 3218 pu·

249 3231 309 3283 ’ταῖς
334 3226 406 3276 unde
430 3222 601 3273 Herodotum
626 3223 738 3272 coniicit
761 3238 794 3273 ea

252 3301 359 3344 tantum
383 3281 488 3353 dicere,
517 3306 587 3356 quae
610 3292 692 3357 vulgo
719 3292 793 3356 apud

253 3365 375 3414 Graecos
393 3362 426 3411 de
443 3361 496 3410 huc
513 3376 542 3411 re
563 3361 667 3411 tradita
683 3362 793 3423 inerint,

252 3450 313 3484 cnm
324 3447 415 3483 veram
427 3433 451 3481 si
463 3430 594 3496 indagare
605 3429 718 3482 velimus
730 3447 796 3481 cun·

252 3519 324 3567 sam,
345 3502 462 3566 Hippias
481 3515 541 3550 eam
560 3501 595 3551 oh
616 3515 728 3551 causam
749 3501 793 3551 hic

252 3570 392 3638 appulisse
409 3570 549 3632 videatur,
564 3576 594 3619 ut
609 3572 795 3633 praeternavi-

252 3648 350 3707 gantes
364 3642 466 3691 Persae
475 3639 617 3704 Tetrapoli
631 3641 794 3704 potirentur,

252 3711 465 3763 Atheniensibus
472 3725 537 3762 vero
548 3710 639 3759 subito
648 3709 794 3761 advenien-

253 3784 327 3831 tibus
342 3782 377 3831 ad
386 3795 504 3845 pugnarn
517 3780 606 3829 coacti
621 3786 723 3830 essent.
750 3781 795 3831 In-

251 3852 327 3904 colae
340 3852 411 3901 euim
429 3849 510 3900 huius
525 3850 612 3914 partis
625 3851 734 3900 Atticae
748 3852 795 3904 Pi·¹

251 3923 365 3974 sistrato
382 3926 410 3971 et
426 3919 610 3971 Pisistratidis
629 3936 734 3984 semper
752 3921 795 3986 fa-⁴

251 3993 323 4044 visse
333 3992 473 4043 existimat
484 3990 601 4056 indeque
611 3990 741 4055 Hippiam
753 3991 793 4041 fa·

250 4065 302 4114 cile
322 4064 427 4113 ineam
447 4061 601 4126 opinionem
625 4059 725 4110 adduci
745 4077 792 4125 po·

250 4138 350 4196 tuisse,
363 4137 394 4182 nt
407 4131 515 4181 minime
532 4130 673 4181 defuturos
690 4145 749 4180 ease
763 4133 792 4179 in

250 4203 301 4253 hac
315 4202 424 4253 Atticae
441 4207 520 4266 parte
538 4200 673 4261 crederet,
696 4201 742 4264 qui
755 4201 790 4249 ad

250 4274 336 4336 ipsius
353 4287 414 4321 cum
427 4272 519 4320 Persis
536 4270 707 4320 advenientis
726 4285 788 4334 par·

250 4348 292 4391 tea
306 4340 468 4391 accederent
484 4355 569 4405 eoque
582 4341 691 4389 Atticae
704 4356 790 4403 expu-

235 4412 407 4474 guationem
420 4409 511 4458 Persis
526 4407 669 4458 redderent
683 4408 791 4459 facilio-

249 4495 314 4531 rem.
349 4480 391 4529 De
409 4492 462 4543 quo
478 4482 540 4528 utut
555 4479 671 4541 statuis,
687 4477 788 4529 falsum

845 995 920 1040 certe
941 1004 1001 1039 esse
1013 987 1145 1054 Hippiam
1164 991 1233 1040 satis
1254 991 1389 1041 novimus.
1441 1045 1446 1054 ,

847 1060 900 1120 Qui
912 1061 938 1108 in
950 1059 1064 1109 eandem
1075 1055 1131 1109 rem
1144 1060 1288 1125 inquisivit
1298 1061 1389 1110 Leske

846 1128 910 1193 (Die
921 1130 1024 1177 Demen
1036 1129 1155 1178 Attika's
1169 1146 1195 1195 p.
1207 1131 1241 1181 93
1253 1146 1329 1196 seqq.
1347 1132 1388 1180 ed.

845 1199 1075 1260 ll'estermann.),
1094 1201 1122 1248 in
1137 1199 1281 1264 deligendo
1293 1215 1389 1265 campo

845 1268 1018 1318 Marathonio
1046 1267 1120 1318 baud
1145 1270 1390 1334 praetermittenda

847 1353 907 1388 esse
924 1337 1072 1388 arbitratur
1089 1354 1123 1388 ea
1142 1340 1299 1400 commoda,
1321 1354 1391 1404 quae

845 1409 937 1457 Persia
947 1408 1104 1472 praebuerit
1115 1410 1196 1459 maris
1207 1411 1284 1460 ainus
1294 1420 1388 1474 aptam

846 1477 962 1527 navibus
971 1479 1118 1527 stationem
1131 1479 1276 1540 exhibens,
1291 1478 1389 1529 deinde

847 1547 959 1597 Euboea
970 1550 1094 1611 proxima
1108 1564 1125 1597 a
1137 1551 1229 1599 Persis
1242 1551 1296 1598 iam
1308 1565 1389 1599 occu·

845 1623 922 1680 pata,
935 1617 1062 1680 planities
1076 1617 1190 1683 denique
1203 1619 1389 1680 Marathonia,

847 1687 998 1751 equitibus,
1019 1688 1117 1753 quibus
1130 1687 1315 1739 excelluerunt
1326 1691 1389 1739 Per-

846 1771 907 1817 sae,
923 1756 1144 1817 accommodata;
1163 1759 1210 1809 sed
1226 1757 1296 1810 haec
1316 1775 1388 1808 com-

846 1827 927 1876 rnoda
950 1828 1057 1891 magnis
1081 1842 1189 1892 quoque
1210 1830 1388 1879 incommodis

846 1898 1016 1961 compensari
1033 1898 1104 1947 idem
1122 1899 1234 1960 statuit,
1256 1914 1317 1948 cnm
1329 1914 1390 1964 pro·

845 1971 906 2029 pter
920 1965 1034 2030 paludes
1045 1968 1190 2017 Persarum
1204 1969 1300 2032 copiae
1314 1983 1329 2016 e
1342 1983 1389 2017 na-

844 2036 925 2086 vibus
944 2038 1031 2085 minus
1049 2036 1117 2087 bene
1136 2040 1282 2088 escendere
1296 2049 1391 2103 potue-

775 2120 781 2131 ·
845 2106 902 2154 rint
913 2110 996 2170 atque
1011 2106 1252 2172 ipsumpugnandi
1267 2109 1388 2173 spatium

846 2175 874 2224 in
887 2174 1002 2239 planitie
1015 2176 1095 2226 valde
1109 2175 1271 2227 diminutum
1288 2179 1326 2228 sit
1340 2193 1389 2227 nee

846 2245 962 2310 denique
985 2253 1091 2297 montes
1113 2248 1199 2296 vicini
1224 2254 1282 2297 tarn
1308 2248 1389 2297 facile

845 2315 1064 2379 transgrediendi
1089 2318 1204 2366 fuerint:
1236 2319 1332 2383 itaque
1361 2319 1389 2366 in

846 2399 906 2433 eam
921 2388 1085 2435 senteutiam
1099 2386 1231 2449 discedit,
1250 2395 1281 2436 ut
1293 2388 1389 2437 melius

846 2455 934 2518 egisse
946 2457 1046 2507 Persas
1060 2456 1206 2520 existimet,
1217 2458 1241 2505 si
1254 2457 1290 2507 ad
1304 2458 1388 2507 aliurn

847 2539 912 2573 orae
933 2527 1040 2576 Atticae
1070 2533 1177 2591 portum
1206 2527 1388 2593 appulissent,

846 2595 905 2645 sive
919 2595 1044 2655 Prasias,
1066 2598 1124 2647 sive
1143 2598 1307 2648 Panormnm
1331 2599 1389 2649 aive

846 2663 973 2729 Sunium,
986 2667 1102 2731 indeque
1115 2669 1191 2717 recti
1204 2669 1250 2717 viii
1265 2669 1388 2718 Athenas

845 2735 998 2797 petiissent.
1035 2736 1113 2797 Quod
1134 2737 1170 2786 ad
1189 2752 1306 2802 pugnarn
1325 2742 1387 2788 atti·

846 2810 906 2868 net,
929 2806 1044 2855 Rossius
1057 2806 1075 2855 l.
1095 2806 1111 2854 i.
1132 2808 1195 2856 iude
1215 2809 1388 2871 potissimum

845 2874 959 2924 Graecis
978 2890 1088 2925 numero
1108 2877 1284 2941 paucioribus
1301 2879 1389 2929 victo-

845 2946 913 2994 riam
928 2944 1059 3008 obtigisse
1071 2948 1183 3009 statuit,
1204 2948 1276 3011 quod
1288 2948 1387 2999 Persas

844 3014 984 3065 incastris
1000 3016 1071 3064 inter
1085 3017 1205 3066 tentoria
1218 3032 1388 3067 commoran—

844 3089 886 3134 tes
904 3084 994 3134 subito
1014 3085 1116 3135 fuerint
1133 3088 1269 3151 aggressi,
1287 3088 1388 3138 Persas

844 3170 905 3204 mon
923 3154 965 3202 ait
981 3154 1064 3204 celeri
1079 3156 1160 3219 iuga,
1184 3157 1309 3207 omnibus
1327 3158 1389 3208 reli·

844 3225 909 3286 ctis,
936 3239 1010 3273 mara
1030 3226 1144 3289 petiisse
1166 3225 1284 3292 indeque
1305 3227 1387 3277 facile

845 3294 961 3343 navibus
976 3300 1101 3345 servatos
1116 3310 1189 3357 esse,
1208 3312 1269 3346 cum
1281 3296 1326 3347 vel
1340 3298 1388 3346 sd·

844 3363 896 3413 huc
918 3379 1004 3413 naves
1030 3365 1114 3427 tales,
1141 3364 1238 3430 quales
1262 3372 1386 3417 veterum

845 3448 928 3483 naves
947 3433 1032 3484 fuisse
1048 3436 1188 3499 novimus,
1213 3439 1338 3501 proxime
1357 3436 1387 3485 li·

845 3510 888 3553 tus
901 3504 989 3568 ipsum
1005 3506 1134 3554 accedere
1150 3507 1266 3568 possint.
1291 3507 1385 3570 ipsum

845 3573 961 3638 denique
975 3588 1083 3639 pugnae
1101 3574 1189 3625 locum
1206 3578 1234 3626 in
1251 3591 1284 3625 ea
1300 3577 1387 3640 plani·

844 3645 893 3693 tiei
905 3649 984 3708 parte
994 3646 1082 3707 ponit,
1096 3659 1165 3710 quae
1177 3646 1315 3695 meridiem
1328 3662 1386 3696 ver·

844 3729 891 3763 sus
910 3714 1081 3778 potissimum
1101 3719 1223 3779 spectat,
1246 3716 1292 3765 ubi
1304 3715 1387 3767 Athe·

844 3784 994 3845 niensium,
1016 3785 1061 3848 qui
1080 3785 1269 3847 occubuerint,
1288 3786 1385 3837 tumuli

843 3859 963 3903 exstent:
979 3858 1009 3903 tu
1019 3854 1076 3905 vid.
1090 3870 1159 3919 quae
1171 3854 1250 3919 plura
1261 3857 1387 3920 exposui·

843 3939 902 3973 mus
920 3924 947 3973 in
961 3924 1086 3974 Excursu
1099 3924 1133 3974 ad
1150 3923 1176 3974 h.
1192 3924 1209 3974 l.

1032 4095 1098 4147 Osa.
1118 4096 1191 4146 0111.

886 4195 1036 4264 στρατηγοὶ
1061 4194 1141 4265 δέκα]
1170 4198 1284 4251 Athenis
1306 4203 1384 4250 novi-

841 4284 900 4320 mus
925 4285 1022 4319 novem
1046 4269 1220 4320 archontibus
1244 4271 1385 4334 proximos

839 4340 990 4390 accessisse
1011 4340 1106 4389 ordine
1127 4355 1160 4389 ao
1184 4340 1319 4404 dignitate
1341 4340 1386 4390 de-

840 4424 897 4458 cem
926 4404 1100 4472 στρατηγοὺς
1128 4426 1142 4459 e
1170 4410 1262 4459 decem
1293 4408 1384 4473 phylis
1451 4417 1455 4425 '

838 4483 957 4531 creatos.
984 4480 1057 4529 Hinc
1069 4479 1122 4543 VI,
1141 4478 1191 4530 104
1203 4478 1249 4530 flu·
1263 4473 1387 4529 Msirsu'·
