3100 5175
251 421 311 489 196
684 419 951 491 HERODOTI

245 602 447 694 Ἀθηναίους
462 601 543 690 πρὸς
558 600 618 671 τόν
632 599 859 695 Ἀρταφέρνεα
877 608 932 674 καὶ
946 607 1071 675 ποιέων
1085 599 1234 690 ἅπαντα,
1250 597 1336 684 όκως
1351 605 1389 672 αλ

245 708 386 797 Ἀθῆναι
400 716 552 795 γενοίατο
561 703 615 775 ὑπ’
629 711 742 803 ἑωυτῷ
757 737 793 778 τε
808 712 864 779 καὶ
874 717 1019 804 Δαρείῳ.
1039 706 1166 798 Ἱππίης
1179 735 1215 777 τε
1231 707 1272 796 δὴ
1283 714 1387 776 ταῦτα

250 821 413 902 ἔπρησσε,
436 814 538 882 καλοί
555 809 725 901 Ἀθηναῖοι
744 813 934 903 πυθόμενοι
947 819 1051 883 ταῦτα
1067 814 1234 901 πέμπουσι
1249 815 1282 893 ἐς
1297 812 1386 897 Σόρ-

251 924 302 998 δις
320 916 499 1004 ἀγγέλους,
528 912 590 986 οῦκ
611 920 731 997 ἐῶντες
750 917 829 998 τοῦς
844 921 976 1004 Πέρσας
996 925 1179 988 πείθεσθαι
1197 913 1389 1005 Ἀθηναίων

250 1036 335 1091 τοῖσι
358 1019 495 1108 φυγάσι.
519 1015 537 1089 ό
558 1020 596 1088 δέ
619 1017 843 1112 Ἀρταφέρνης
860 1024 995 1091 ἐκέλευέ
1012 1042 1134 1109 σφεας,
1160 1026 1192 1090 εί
1210 1028 1388 1109 βουλοίατο

250 1130 329 1195 σωοι
348 1124 453 1210 εἶναι,
467 1126 711 1193 καταδέκεσθαι
725 1122 833 1194 ὀπίσω
845 1123 986 1215 Ἱππίην.
1010 1122 1123 1194 οῦκων
1138 1123 1179 1212 δὴ
1194 1126 1389 1193 ἐνεδέκοντο

253 1226 331 1309 τοῦς
352 1226 472 1314 λόγους
492 1225 766 1317 ἀποφερομένους
782 1227 971 1318 Ἀθηναῖοι·
999 1227 1061 1297 οῦκ
1084 1229 1330 1317 ἐνδεκομένοισι
1351 1227 1391 1294 δέ

253 1355 314 1420 σφι
330 1333 468 1400 δέδοκτο
483 1333 519 1400 ἐκ
533 1337 593 1398 τοῦ
607 1339 759 1422 φανεροῦ
773 1349 859 1402 τοῖσι
873 1336 1021 1423 Πέρσησι
1038 1339 1215 1421 πολεμίους
1231 1331 1329 1400 εἶναι.

213 1452 253 1512 97
331 1441 515 1523 Νομίζουσι
536 1433 579 1522 δὴ
597 1440 702 1505 ταῦτα
726 1439 784 1505 καὶ
803 1440 1095 1525 διαβεβλημένοισι
1113 1440 1147 1517 ές
1165 1433 1244 1515 τοῦς
1257 1437 1390 1522 Πέρσας

254 1542 293 1609 έν
305 1538 411 1631 τοῦτφ
428 1536 470 1627 δη
483 1541 529 1631 τῷ
544 1543 650 1631 καιρςῦ
672 1535 690 1608 ό
707 1540 871 1630 Μιλήσιος
890 1538 1140 1628 Ἀρισταγόρης,
1161 1536 1228 1609 ὑπὸ
1242 1541 1389 1625 Κλεομέ-

252 1671 328 1723 νεος
355 1648 416 1710 τοῦ
435 1647 706 1731 Λακεδαιμονίου
727 1646 897 1726 ἐξελαθεὶς
916 1648 952 1712 ἐκ
971 1648 1028 1730 τῆς
1050 1643 1223 1732 Σπάρτης,
1252 1641 1391 1712 ἀπίκετο

253 1751 287 1827 ἐς
304 1744 478 1834 Ἀθήνας’
499 1742 583 1834 αῦτη
604 1743 701 1837 γάρὴ
719 1747 814 1827 πόλις
832 1753 901 1817 τῶν
916 1752 1060 1817 λοιπέων
1080 1746 1284 1817 έδννάστενε
1298 1747 1389 1833 μέγι-

253 1873 324 1920 στα.
360 1848 515 1919 ἐπελθόν
535 1851 573 1918 δέ
594 1853 649 1919 tut
669 1850 728 1920 τόν
749 1846 891 1940 δῆμονό
913 1847 1148 1939 Ἀρισταγόρης
1166 1856 1272 1919 ταῦτα
1298 1856 1392 1935 ἔλεγε

253 1952 293 2023 τό
313 1955 370 2022 καλ
388 1956 426 2022 έν
446 1959 487 2042 τῇ
501 1951 660 2043 Σπάρτη,
682 1957 759 2044 περὶ
779 1959 848 2024 τῶν
868 1952 1009 2041 ἀγαθοῖν
1028 1960 1096 2022 νῦν
1112 1958 1149 2022 έν
1164 1959 1205 2045 τῇ
1222 1950 1313 2042 Ἀσίη
1335 1953 1392 2020 καὶ

253 2063 315 2127 τοῦ
335 2060 482 2145 πολέμου
504 2064 564 2125 τοῦ
578 2064 767 2146 Περσικοῦ,
795 2054 839 2139 ως
856 2054 934 2127 οῦτε
954 2055 1080 2126 ἀσπίδα
1099 2055 1178 2126 οῦτε
1199 2058 1284 2145 δόρυ
1296 2063 1391 2145 νομί-

254 2233 321 2283 ient.
353 2230 433 2281 Haud
453 2229 564 2281 muitum
586 2231 677 2281 differt
696 2230 754 2281 πᾶν
774 2249 797 2283 ε,
885 2222 957 2296 αῦτη
980 2221 1067 2296 γὰρὴ
1089 2224 1171 2288 πόλις
1192 2227 1249 2279 triv
1271 2223 1394 2279 λοιπέων

255 2293 350 2351 πάντα
369 2303 477 2360 ποιεῖν,
497 2306 602 2350 utmox
615 2303 730 2366 Noster,
751 2303 799 2368 qui
850 2291 1016 2350 ἐδυνάστευε
1041 2293 1166 2366 μέγιστα]
1193 2302 1318 2350 Pertinet
1339 2300 1393 2350 huo

255 2372 305 2434 lv,
321 2373 368 2422 151
382 2370 441 2435 (ubi
453 2371 509 2421 vid.
522 2370 604 2435 nott.)
620 2371 727 2422 dixerat
740 2369 798 2420 πᾶν
850 2372 919 2423 alter
929 2370 1006 2422 loeus
1018 2373 1040 2435 Ι,
1051 2373 1093 2432 511,
1107 2371 1154 2420 ubi
1164 2370 1257 2421 Croesi
1271 2377 1393 2435 tempore

255 2438 493 2505 μηχανᾶσθαι-
504 2439 545 2488 Ad
555 2441 728 2506 participium
739 2440 800 2491 δια-
851 2442 977 2506 Spartam
994 2445 1077 2506 atque
1091 2440 1213 2491 Athenas
1226 2443 1297 2491 iuter
1308 2439 1394 2490 Gree-

257 2507 367 2577 βάλλων
379 2510 451 2560 conf.
467 2509 499 2572 V,
514 2511 548 2560 35
561 2510 654 2576 ibique
669 2517 739 2562 nott.
766 2513 799 2562 In
850 2514 910 2562 oiae
928 2512 1056 2561 civitates
1077 2512 1195 2560 maximo
1212 2511 1329 2560 eminere
1351 2509 1392 2558 di-

256 2597 332 2647 seqq.
356 2598 370 2631 e
395 2580 554 2630 Florentino
579 2580 698 2648 aliisque
718 2582 798 2633 codd.
851 2585 939 2633 xerat.
978 2580 1021 2631 Ad
1045 2581 1132 2646 ipsum
1156 2580 1268 2632 uerbum
1293 2571 1393 2629 ίδονοὶ-

257 2652 386 2701 revocevi
395 2667 454 2701 cum
468 2656 582 2701 recentt.
596 2653 657 2704 edd.
671 2648 738 2701 σιῦοι
749 2669 799 2717 pro
852 2665 929 2701 στεοε
944 2650 975 2716 (ἰ.
987 2668 1010 2701 e.
1023 2651 1149 2715 potentii,
1163 2652 1251 2714 opibus
1265 2651 1335 2700 inter
1350 2666 1391 2700 re-

257 2721 332 2786 vuig.
343 2714 416 2782 σόοι,
429 2736 500 2786 quoe
512 2720 600 2771 torma
612 2723 647 2772 eb
656 2722 798 2773 Herodoto
850 2721 940 2787 liquos
955 2720 1087 2771 Graeciae
1106 2721 1236 2772 civitates
1259 2718 1391 2783 eminebat)

258 2791 349 2841 aliena
373 2798 429 2850 σοι,
452 2790 487 2839 ef.
508 2796 578 2844 nott.
596 2792 631 2842 ad
652 2793 681 2854 1,
703 2793 747 2842 (ii.
764 2823 800 2832 -
851 2792 979 2851 eonf.VI‚
988 2791 1034 2843 35:
1050 2784 1106 2855 εἶχε
1116 2783 1168 2855 μέν
1178 2784 1210 2839 τό
1222 2786 1279 2838 πᾶν
1289 2783 1393 2852 κρότος

258 2857 377 2909 δέδοκτο
393 2859 578 2911 eFlorentino
592 2865 698 2927 recepi:
716 2863 800 2928 vulgo
851 2859 1068 2925 Πεισίστρατος,
1088 2852 1159 2925 ἀτάρ
1181 2851 1392 2909 έδυνόστενε

258 2921 406 2992 ἐδέδοκτο,
431 2931 466 2979 ef.
481 2936 551 2985 nott.
568 2932 719 2993 adv‚34.
758 2932 800 2982 Ad
851 2927 899 2980 καλ
914 2928 1088 2995 Μιλτιάδης;
1110 2932 1160 2996 ΙΧ,
1172 2932 1198 2993 2,
1211 2935 1239 2981 et
1253 2946 1323 2996 quae
1336 2928 1394 2979 alia

258 3000 423 3051 locutionem
434 2993 462 3047 έιι
472 3003 523 3049 τοῦ
531 3000 658 3066 φανεροῦ
668 3003 722 3052 vid.
731 3007 800 3052 nott.
852 3001 1031 3053 excitavimus
1044 3016 1126 3066 supro
1136 3001 1165 3050 in
1177 3006 1245 3050 nott.
1257 3001 1292 3050 ad
1304 3001 1337 3062 V,
1348 2998 1393 3050 uo.

258 3070 294 3119 od
308 3070 329 3129 l,
348 3070 391 3121 111
407 3075 434 3120 et
447 3069 500 3135 ΙΙΙ,
514 3073 571 3122 150.
851 3072 894 3122 Ad
903 3072 988 3122 verba
1000 3072 1120 3136 proxime
1132 3070 1206 3136 seqq.
1217 3062 1347 3119 έπελθιδν
1360 3062 1392 3117 δέ

851 3132 899 3191 tat
911 3133 961 3190 τὸν
974 3138 1068 3204 δῆμον
1078 3141 1151 3191 oonf.
1163 3139 1252 3191 Sobol.
1267 3139 1392 3202 Thucyd.

852 3212 887 3262 ad
901 3212 929 3276 1,
947 3212 981 3263 90
998 3211 1089 3277 ibique
1101 3210 1204 3262 Duker.
1223 3210 1284 3261 ooll.
1305 3212 1334 3272 1,
1348 3210 1392 3260 70.

851 3282 921 3331 Nam
937 3273 1105 3345 ἐπέρχεσθαι
1118 3281 1199 3345 vulgo
1214 3280 1327 3330 trudunt
1338 3279 1394 3329 diei

853 3351 887 3401 do
910 3353 1067 3416 peregrino,
1087 3352 1179 3415 quiin
1199 3350 1316 3401 medium
1333 3365 1393 3414 pro·

853 3419 975 3485 graditur
992 3421 1076 3471 verba
1098 3420 1236 3483 fauturus,
1260 3416 1394 3483 παρέρχε-

853 3488 924 3538 σθαι
940 3490 972 3539 de
985 3490 1054 3540 cive.
1079 3490 1132 3541 Ubi
1141 3489 1274 3540 Herodoti
1285 3489 1362 3539 loeus
1377 3505 1394 3538 a

853 3558 1011 3610 Gottlebero
1020 3560 1089 3609 bene
1098 3560 1220 3610 affertur.
1231 3561 1323 3610 Minus
1330 3574 1395 3609 eon-

851 3630 942 3690 venit,
958 3630 1029 3695 quod
1040 3629 1114 3694 apud
1123 3631 1235 3680 eundem
1247 3628 1394 3680 Scholiast.

853 3704 880 3747 et
894 3698 970 3748 Suid.
984 3700 1016 3748 Τ.
1030 3699 1068 3749 ΙΙ.
1082 3715 1108 3764 p.
1126 3703 1159 3750 41
1176 3700 1289 3765 legitur:
1316 3689 1395 3748 έπελ-

852 3768 920 3816 δεῖν
933 3760 965 3818 τὸ
977 3757 1208 3834 ἀναβαλλόμενον
1221 3764 1314 3837 χρόνῳ
1330 3764 1396 3818 τοῦ·

852 3852 884 3886 το
898 3829 1125 3901 διαπράξασθαι.
1139 3866 1172 3874 -
1188 3840 1251 3889 Mox
1265 3857 1314 3904 pro
1327 3835 1397 3887 ταῦ-

852 3923 886 3957 τα
907 3900 980 3973 έλεγε
1004 3908 1154 3973 Sobweigb.
1180 3911 1286 3960 mavult
1306 3900 1396 3958 torritii

433 3208 498 3258 Car.
517 3208 628 3262 XCVII.

301 3307 458 3372 Νομίζονσι
478 3304 514 3375 δὴ
533 3311 622 3359 ταῦτα
642 3306 688 3358 καὶ
708 3308 801 3375 διαβε-

260 3375 424 3444 βλημένοισι
444 3394 469 3428 κ.
486 3394 509 3426 τ.
527 3377 563 3443 1.]
586 3382 605 3432 i.
621 3397 645 3429 e.
660 3396 708 3444 quo
726 3383 803 3445 ι’ρίίιιι·

258 3457 368 3510 tempore
378 3448 441 3497 hoec
451 3447 652 3513 (Athenienses)
660 3450 804 3499 ελααιεδααλ

261 3534 338 3581 eoque
349 3519 439 3567 Persis
450 3519 524 3569 inuisi
534 3529 609 3569 erum
618 3521 710 3569 redditi
723 3522 758 3583 (s,
774 3522 802 3569 iii

260 3589 403 3637 Persarum
416 3587 508 3638 odium
519 3589 652 3651 adducti),
666 3590 713 3639 Ιιοτ
726 3593 803 3654 ι’ριλιιν

261 3660 379 3718 teneberis
398 3667 516 3708 raomerrto
530 3660 698 3724 Ατίελιιροτοε
710 3687 740 3694 -
756 3662 815 3710 αδ.

260 3729 342 3777 veuit:
368 3728 414 3777 ubi
433 3728 598 3779 advertimus
619 3728 743 3780 voculam
763 3722 801 3794 δὴ

261 3796 387 3847 consulto
401 3802 428 3848 et
444 3814 504 3848 eum
521 3799 548 3849 vi
569 3800 686 3864 quadam
703 3804 802 3866 repeti-

261 3871 327 3917 tam.
356 3867 398 3917 Ad
410 3883 487 3918 naum
501 3868 588 3919 dativi
602 3875 630 3919 et
643 3872 802 3935 participio·

261 3951 320 3986 rum
337 3937 364 3985 in
385 3936 428 3987 his
441 3944 606 3989 structuram
621 3940 695 3993 oouf,
711 3941 802 3991 Kueli-

260 4023 309 4059 uer
326 4007 372 4057 Gr.
390 4007 435 4057 Gr.
451 4011 476 4069 §-
489 4009 554 4073 581,
569 4009 595 4060 b.
616 4017 644 4060 et
664 4011 736 4060 iufra
753 4013 801 4075 Vl,

261 4078 304 4126 21.
331 4078 373 4127 De
383 4077 585 4142 significatione
598 4081 675 4130 verbi
688 4074 802 4146 διαβόλ-

260 4145 361 4195 λεσδαι
373 4147 444 4197 coni.
463 4149 500 4207 V,
514 4149 547 4199 35
563 4150 654 4215 ibique
669 4157 738 4202 nott.
753 4151 802 4212 VI,

261 4218 303 4266 rb.
316 4218 358 4266 64.
371 4217 452 4278 VIII,
469 4219 511 4270 22.
547 4220 690 4284 vulgatum
710 4212 802 4282 ἐξελα-

260 4282 341 4347 δελς,
360 4302 378 4335 ιι
391 4286 547 4337 Gaissordio
562 4292 726 4341 auctoritate
741 4291 802 4341 Flo-

261 4356 361 4406 rentiui
369 4356 431 4406 iibri
443 4363 576 4409 mutatam
584 4361 613 4410 iu
622 4351 800 4421 ἐξελασθεὶς,

261 4428 390 4475 revocavi
400 4442 460 4476 cum
472 4433 586 4482 reeentt.
599 4430 658 4480 edd.
675 4430 737 4481 Vid.
747 4430 801 4494 111,

259 4494 294 4545 46
309 4495 399 4559 ibique
411 4502 480 4546 nott.

853 3971 941 4041 έλεγε,
969 3978 1041 4043 quod
1062 3978 1126 4028 inde
1145 3987 1306 4043 receperunt
1326 3980 1396 4029 Din-

853 4047 922 4097 dori.
942 4052 970 4098 et
990 4048 1112 4097 Itietseh.
1145 4048 1293 4113 vulgatam
1321 4051 1398 4115 equi-

853 4118 912 4168 dem
928 4134 987 4167 cum
1002 4117 1127 4168 Bekkero
1147 4120 1256 4168 retinui.
1291 4120 1332 4170 De
1351 4134 1395 4167 ur-

852 4194 980 4252 guniento
992 4186 1046 4237 loci
1062 4186 1134 4237 conf.
1150 4189 1188 4249 V,
1202 4190 1245 4239 te.
1261 4217 1293 4224 —
1309 4189 1397 4239 Paulo

854 4258 927 4307 infra
937 4273 986 4324 pro
997 4249 1069 4321 πρὸς
1081 4257 1155 4306 τοῖσι
1165 4257 1192 4306 in
1201 4258 1305 4311 duobus
1315 4258 1396 4309 oodd.

854 4323 926 4389 πρὸς
938 4322 1079 4377 τοῦτοισιτ
1103 4327 1203 4392 dequo
1217 4329 1289 4379 σουλ.
1306 4329 1336 4391 Ι,
1351 4328 1397 4380 66.

853 4397 921 4460 vn,
936 4398 994 4449 135.

886 4493 926 4557 ὠς
938 4489 1004 4550 orire
1021 4495 1131 4549 ἀσπίδα
1145 4490 1209 4550 οῦτε
1224 4491 1297 4565 δόρυ
1315 4497 1397 4565 νομί-
