3100 5175
442 426 719 488 POLYMNIA.
742 428 814 490 Vll.
840 437 994 492 las-13⁴.
1221 427 1283 489 637

141 605 183 672 ἐκ
211 600 342 672 τούτων
369 604 488 691 φέρειν
515 598 605 690 παρὰ
631 603 784 689 βασιλέα.
832 601 962 672 τούτων
987 600 1051 690 μὲν
1080 606 1192 671 εἵνεκα
1221 597 1284 669 οὐκ

141 714 275 795 ἔπεμψε
293 708 417 795 Ξέρξης
440 703 519 785 τούς
543 704 746 793 αἰτήσοντας.
788 700 828 773 Ὅ
851 734 882 774 τι
911 705 948 773 δὲ
969 721 1054 775 τοῖσι
1076 703 1283 794 Ἀθηναίοισι

139 817 251 879 ταῦτα
266 808 423 897 ποιήσασι
438 807 515 889 τοὺς
530 808 678 898 κήρυκας
694 808 873 897 συνήνεικε
888 804 1096 897 ἀνεθέλητον
1110 811 1283 895 γενέσθαι,

141 912 210 983 οὐκ
225 919 288 1001 ἔχω
305 911 413 998 εἶπαι,
436 911 523 1001 πλην
540 908 591 980 ότι
606 916 722 999 σφέων
737 906 757 1001 ἡ
778 910 868 1001 χώρη
890 914 944 980 καὶ
966 909 1095 1001 ἡπόλις
1116 911 1281 1002 ἐδηϊόθη·

141 1015 351 1087 ἄλλατοῦτο
372 1012 704 1103 cisternicensis
726 1021 838 1104 αἰτίην
852 1019 957 1085 δοκέω
972 1020 1142 1104 γενέσθαι.
1190 1021 1350 1084 Tametsi

144 1122 186 1191 di
201 1112 249 1189 όν
258 1124 554 1208 Λακεδαιμονίοισι
568 1124 665 1207 μῆνις
678 1120 865 1208 κατέσκηψε
881 1127 1094 1209 Ταλθυβίου,
1109 1125 1169 1189 τοῦ
1185 1117 1282 1206 ’slye-

144 1225 312 1314 μέμνονος
326 1225 481 1312 κήρυκος.
517 1227 553 1291 ἐν
567 1222 631 1309 γὰρ
646 1218 787 1311 Σπάρτη
809 1225 877 1292 ἐστὶ
897 1232 1093 1311 Ταλθυβίου
1108 1223 1197 1314 ίρόν·
1221 1224 1287 1291 eloi

146 1329 186 1398 δὲ
207 1324 445 1413 καὶόἰπόγονοι
467 1331 683 1413 Ταλθυβίου,
714 1327 948 1415 Ταλθυβιάδαι
963 1327 1175 1415 καλεόμενοι,
1201 1341 1287 1396 τοῖσι

147 1438 189 1501 αί
200 1438 380 1521 κηρυκηίαι
403 1435 440 1500 αί
459 1432 496 1499 ἐκ
516 1430 677 1518 Σπάρτης
700 1434 803 1498 πᾶσαι
823 1430 923 1520 γέρας
944 1432 1110 1501 δέδονται.
1146 1429 1227 1520 μετὰ
1249 1430 1286 1499 δὲ

146 1639 347 1700 delicerentnr,
362 1642 393 1688 ut
405 1636 524 1687 traditur
536 1636 564 1685 in
577 1634 694 1687 Bekkeri
745 1644 789 1686 tus
807 1638 939 1687 inflictum
957 1636 991 1687 ob
1007 1651 1158 1703 praecones
1175 1637 1286 1689 interie-

145 1708 269 1762 Aneodd.
281 1707 330 1758 Gr.
344 1707 474 1773 primii).
496 1707 538 1757 De
554 1722 606 1771 quo
620 1711 694 1756 vete·
744 1716 805 1757 ctos
830 1723 859 1757 se
890 1707 999 1757 novisse
1026 1712 1123 1771 negat:
1155 1708 1286 1772 Spartani

147 1795 208 1829 rnm
228 1778 385 1828 testimonia
400 1776 503 1827 debunt
517 1777 617 1825 Menrs.
635 1780 692 1828 Att.
744 1776 933 1842 quideandem
944 1777 1042 1826 obrem
1055 1779 1211 1841 pessimat,
1223 1778 1287 1827 inde

147 1850 242 1899 Lectt.
258 1848 288 1910 1,
306 1850 355 1909 25,
379 1845 570 1896 Wachsmuth:
584 1845 691 1897 Hellen.
745 1862 761 1895 s
778 1862 838 1910 cap.
863 1848 910 1896 134
931 1853 958 1896 et
979 1861 1055 1911 seqq,
1078 1850 1231 1912 exponitur.
1251 1873 1282 1884 -

147 1917 348 1969 Alterthnmsk.
362 1916 400 1966 Il.
413 1931 440 1980 p.
453 1917 520 1978 204,
535 1914 563 1964 Ο.
579 1915 610 1964 F.
625 1917 693 1964 Her·
742 1911 873 1980 ἐδηλώθη
897 1931 958 1966 enm
982 1915 1129 1966 Schneiero
1154 1917 1287 1967 dederunt

149 2003 247 2038 mann:
261 1984 368 2037 (iriech.
380 1983 584 2036 Stanteulterth.
595 1988 619 2047 §.
635 1986 692 2035 111.
743 1987 909 2036 recentiores
925 1985 985 2037 edd.
1000 2001 1049 2051 pro
1064 1977 1191 2052 ἐδηςόθη.
1222 1988 1285 2037 vid.

149 2063 206 2109 not.
221 2058 248 2108 8.
265 2083 301 2094 -
320 2057 353 2106 In
369 2070 443 2120 seqq.
461 2055 497 2105 ad
518 2069 612 2105 vocem
628 2047 694 2102 eive·
743 2056 860 2106 Bredor.
871 2071 899 2120 p.
911 2056 959 2105 114
971 2061 999 2105 et
1010 2055 1082 2107 conf.
1094 2056 1196 2107 Herod.
1207 2057 1286 2116 vlu,

148 2126 292 2191 θὲλητον,
314 2140 367 2191 qua
384 2128 458 2175 triste
472 2125 598 2190 quidpiam
611 2139 634 2178 s.
650 2139 694 2174 cu·
744 2125 788 2176 33.
800 2125 844 2177 50.
857 2126 914 2176 121.
926 2126 974 2182 VI,
986 2125 1034 2177 135
1048 2134 1076 2176 et
1085 2125 1209 2176 Dnncsn.
1219 2127 1286 2178 Lex.

148 2200 253 2248 lumilas
276 2195 461 2261 significatur,
491 2194 548 2243 rid.
568 2198 637 2245 nott.
660 2193 694 2243 sd
744 2197 856 2246 Homer.
872 2196 914 2247 ed.
928 2196 1006 2245 Rost.
1020 2195 1042 2244 Ι.
1058 2210 1119 2260 pag.
1135 2197 1196 2250 275.

149 2266 282 2329 VlI‚88.
319 2265 431 2316 Nescire
452 2264 522 2314 enim
547 2279 577 2313 es
594 2264 695 2314 Noster
779 2256 848 2313 ἀλλὰ
860 2256 988 2313 τοῦτοού
1001 2260 1165 2329 διὰταύτην
1177 2257 1230 2329 τὴν
1243 2258 1287 2313 αί·

150 2337 221 2387 dicit
248 2351 335 2400 neque
362 2334 425 2384 inde
456 2332 579 2383 indicare
604 2348 695 2397 posse,
744 2333 810 2398 τίην
834 2327 924 2382 δοκέω
949 2327 1099 2400 γενέσθαι]
1130 2336 1184 2398 Qui
1209 2335 1286 2385 locus

121 2431 126 2438 ·
150 2406 217 2471 quid
241 2405 305 2455 mali
329 2402 541 2454 Atheniensibus
562 2403 695 2453 acciderit
745 2404 819 2454 clare
837 2410 1049 2464 commonstrat,
1068 2406 1197 2455 Nostrum
1210 2405 1286 2471 vulgi

152 2490 270 2541 ‹puamve
284 2473 467 2524 calamitatem
479 2473 556 2539 pessi
572 2474 643 2536 sint,
656 2472 696 2521 di·
745 2475 986 2539 superstitionibus
1005 2490 1059 2524 non
1077 2476 1132 2533 its,
1153 2483 1183 2525 nt
1201 2474 1285 2539 vulgo

150 2547 257 2598 vinitns
272 2543 378 2596 scilicet
391 2544 536 2606 inflictam,
552 2543 622 2608 qnod
632 2543 696 2593 Per·
745 2544 880 2609 clamant,
900 2549 1009 2610 captum
1024 2544 1110 2597 inisse
1124 2562 1174 2597 neo
1188 2546 1228 2596 ita
1241 2546 1288 2596 ob-

151 2632 243 2667 sarnm
256 2629 414 2680 praecones,
428 2620 459 2664 ut
471 2615 516 2680 qui
528 2612 695 2663 Graecorum
745 2617 869 2665 strictum
881 2616 1021 2679 religione,
1035 2632 1089 2680 qno
1101 2618 1198 2677 minus,
1210 2615 1287 2680 qnid·

150 2703 185 2737 ex
196 2688 254 2737 inre
267 2684 440 2735 inviolabiles
454 2688 534 2734 erant
543 2699 575 2732 ec
586 2683 695 2733 deornm
745 2685 809 2750 qnid
824 2693 920 2749 sponte
940 2690 1024 2749 atque
1043 2686 1163 2735 scansis
1178 2700 1287 2749 praece·
1327 2682 1330 2689 ’

150 2757 204 2808 snb
224 2754 312 2806 tutela
336 2754 419 2819 positi
440 2744 551 2819 (ἄουλυι
571 2744 600 2800 δ’
621 2739 695 2815 η’σαν
746 2756 873 2805 dentibus
887 2755 1041 2804 necessario
1055 2758 1185 2819 consequi
1203 2770 1287 2820 appa.

151 2821 201 2875 καὶ
218 2815 401 2890 ἐξηναύτοῐς
422 2814 581 2886 πανταχόσε
602 2813 695 2878 isene
745 2828 831 2885 reret,
864 2824 898 2873 ad
927 2823 1045 2873 divinam
1070 2824 1207 2888 quandam
1230 2826 1286 2873 aim

152 2891 239 2957 ἰέναι,
254 2899 326 2945 teste
336 2893 439 2943 Polluc.
450 2892 529 2955 vl11,
541 2892 602 2951 1303
618 2891 695 2957 plura
746 2895 837 2944 omnia
858 2894 1041 2943 moderantem
1064 2893 1164 2942 referre
1183 2892 1288 2955 mallet,

151 2965 210 3015 vid.
229 2963 303 3030 apud
323 2962 353 3012 C.
367 2964 397 3012 F.
411 2963 562 3013 Hermann:
584 2959 693 3013 Griech.
746 2965 774 3013 in
789 2963 861 3013 veris
877 2978 965 3012 rernm
977 2964 1069 3012 causis
1084 2961 1249 3026 indagandis
1260 2969 1288 3012 et

151 3032 358 3086 Stsatsslterth.
376 3035 401 3095 ὃ.
422 3034 448 3086 8.
470 3038 525 3082 not.
547 3030 587 3082 16.
608 3033 632 3093 5.
654 3032 695 3082 lt).
746 3033 951 3099 perscrutandis
966 3033 1044 3082 unice
1059 3040 1218 3096 occupatus.
1245 3034 1288 3083 Tu

153 3109 212 3156 not.
223 3105 248 3169 3,
263 3104 441 3154 Ostermann:
462 3102 505 3150 De
515 3101 697 3165 praeconibus
746 3104 783 3154 el.
799 3104 882 3154 etism
897 3102 960 3164 Vll,
977 3102 1033 3153 137.

153 3175 269 3226 Graeco.
296 3172 434 3237 hlerbnrg.
465 3170 541 3239 Ιβλό.
568 3185 634 3235 pag.
665 3170 695 3219 15

68 3264 72 3269 ’
152 3244 254 3311 seqq.),
270 3250 326 3293 tum
339 3242 409 3292 male
420 3241 600 3291 tractaverint
614 3238 696 3289 adeo·
902 3273 957 3325 cu,
985 3273 1123 3324 CXXXIV

153 3330 208 3381 que
232 3312 421 3364 interfecerint
442 3310 605 3361 acdeorum
627 3310 695 3357 iram
960 3311 968 3326 ·
1125 3309 1133 3325 ·

152 3386 218 3436 inde
239 3385 268 3434 in
290 3400 320 3434 se
342 3380 538 3442 excitaverint,
565 3379 695 3429 iniuriam
781 3375 866 3441 μῆνις
880 3373 1039 3441 κατέσκηψε
1057 3374 1223 3443 Ταλθυβίου
1237 3374 1288 3428 τοῦ

152 3453 335 3521 praeconibus
361 3451 467 3501 illatam
491 3449 695 3500 ulciscentium:
743 3441 946 3512 Ἀγαμέμνονος
956 3446 1092 3514 κήρυκος]
1109 3449 1210 3513 Attigit
1220 3447 1288 3499 haec

153 3525 256 3575 etenim
269 3521 444 3573 diiudicanda
456 3518 523 3569 haec
537 3526 601 3570 sunt
613 3534 646 3568 ex
663 3532 697 3567 es
747 3518 874 3567 Eustath.
888 3517 924 3568 ad
935 3518 980 3576 lli,
997 3520 1020 3568 1.
1036 3534 1064 3582 p.
1081 3519 1144 3581 110,
1159 3520 1193 3569 211
1206 3536 1228 3568 s.
1244 3520 1287 3577 83,

151 3594 249 3646 Nostri
258 3592 409 3654 sententia,
422 3604 475 3655 qna
486 3590 521 3651 ii,
534 3589 581 3654 qni
596 3589 697 3637 iniuste
746 3588 790 3637 20.
815 3586 900 3650 μῆνις
913 3594 955 3639 est
967 3593 1007 3640 ἱνα
1017 3587 1158 3653 Taltlrybii
1171 3604 1194 3638 s.
1202 3591 1290 3651 pierre·

152 3670 242 3729 agunt
264 3661 393 3726 legesque
412 3660 520 3710 divinas
539 3663 623 3723 atque
648 3657 697 3707 hu·
746 3656 1289 3723 lunr‚qnodaTalthybioineiueposte·

153 3749 251 3784 manas
263 3731 420 3797 negligunt,
439 3744 542 3794 poenas
559 3726 638 3778 luunt
650 3742 697 3778 oa·
746 3742 792 3778 sos
809 3728 932 3791 transiit,
958 3730 1006 3794 qni
1025 3728 1119 3792 stipsi
1140 3742 1289 3792 praecones

152 3801 325 3854 lumitatibus
344 3799 480 3850 divinitus
502 3799 632 3849 immissis
656 3801 699 3846 nt·
747 3797 823 3848 fuere
833 3812 883 3861 pro
894 3814 927 3849 eo
938 3814 1020 3858 more,
1030 3813 1063 3846 ex
1075 3811 1129 3860 qno
1138 3797 1200 3846 hnic
1212 3796 1290 3859 genti

153 3888 209 3939 qne
224 3873 285 3937 ipsa
295 3868 508 3920 divininnminis
519 3869 610 3919 omnia
621 3873 697 3916 tuen·
746 3866 799 3917 hoc
813 3883 910 3917 munus
922 3867 975 3917 luit
989 3867 1136 3932 proprium.
1165 3864 1226 3915 vid.
1241 3866 1289 3927 Vl,

153 3945 191 3995 tis
203 3945 248 3993 eis
260 3956 292 3992 eo
303 3939 466 4001 continetur,
479 3937 550 4003 qnod
562 3951 698 4003 quamque
747 3940 782 3989 ou
792 3937 885 4000 ibique
894 3938 981 3987 allata
991 3941 1018 3988 et
1028 3934 1101 3986 coni.
1111 3933 1235 3984 Gabriel:
1248 3935 1289 3985 Ile

151 4012 283 4065 iniuriam
296 4011 375 4075 punit
385 4023 521 4074 praveque
529 4013 642 4072 egentes
653 4021 698 4055 ca-
748 4007 916 4071 magistratt.
933 4006 1152 4056 Lacedaemona.
1168 4019 1230 4067 pag.
1245 4006 1289 4053 21.

154 4080 327 4133 lumitatibns
338 4077 427 4129 allicit
435 4078 645 4143 prosternitque.
656 4074 698 4125 Ad
749 4077 820 4125 Sunt
831 4091 896 4126 vero
916 4075 984 4125 talia
999 4091 1031 4125 ex
1051 4089 1084 4123 es
1096 4078 1218 4123 veterum
1231 4073 1291 4136 opi-

154 4152 226 4202 hanc
250 4151 334 4216 igitur
358 4163 469 4199 cansam
495 4147 616 4197 divinem
639 4160 699 4194 oum
750 4146 831 4196 mione
853 4144 1045 4205 diiudicanda,
1070 4157 1124 4207 qua
1148 4146 1290 4206 parentum

153 4220 254 4272 referri
272 4219 411 4270 Herodoto
430 4216 503 4266 haud
527 4230 608 4280 posse
626 4212 702 4263 vids·
749 4215 857 4278 culpam
877 4216 994 4279 posteris
1014 4211 1142 4263 luendam
1162 4227 1222 4263 esse
1241 4227 1290 4276 pn-

154 4296 231 4341 retnr
243 4344 246 4349 ,
257 4291 319 4355 ipsa
336 4287 504 4337 Athenarum
527 4284 646 4348 direptio
666 4297 701 4332 ao
751 4283 859 4334 tabant.
891 4285 932 4334 De
951 4298 1005 4348 qus
1022 4282 1078 4331 vid.
1091 4296 1160 4346 qnae
1175 4281 1292 4331 diximus

155 4361 295 4419 vastatio,
316 4361 413 4422 postea
428 4359 525 4408 secuta
542 4357 571 4404 et
587 4353 649 4404 aliis
667 4366 700 4402 ex
751 4368 834 4417 snpra
847 4351 882 4401 sd
894 4354 917 4409 1,
928 4352 1084 4415 (11111811,
1095 4352 1125 4405 3:
1147 4350 1209 4403 add.
1222 4353 1292 4401 Nae·

155 4431 249 4483 oensis
277 4427 388 4479 facilius
413 4423 590 4490 explicanda,
619 4421 700 4471 alism
751 4420 1293 4488 gelsbach:NschhomerischeTlrcolog.

155 4500 347 4553 calamitatem
368 4493 581 4546 Atheniensibus
604 4492 703 4541 divini·
753 4508 814 4560 pag.
826 4492 868 4541 35.
890 4491 1293 4558 Spectanthncquoqne,quee
