3100 5175
444 411 992 478 POLYMNIA.v11.ur-na
1131 436 1135 443 ·
1218 410 1280 475 603

148 586 205 654 καὶ
226 586 276 655 ἑνὶ
291 585 426 673 Φάγρης
446 588 514 655 ἐστὶ
537 584 665 677 οὕνομα
684 590 740 657 καί
761 590 862 681 ἑτέρην
876 591 1059 678 Πέργαμος.
1095 587 1199 677 ταύτῃ
1218 588 1281 676 μὲν

149 688 191 777 δη
206 687 287 775 παρ’
304 687 388 758 αὐτὰ
402 686 441 758 roi
461 696 569 778 τείχεα
584 690 645 780 τὴν
659 686 740 761 ὁδόν
754 694 916 777 ἐποιέετό,
938 696 975 762 ἐκ
995 695 1103 779 δεξιῆς
1117 691 1226 779 χειρὸς
1243 689 1280 760 τό

147 793 323 879 Πάγγαιον
335 784 435 881 οὖρος
449 791 622 882 ἀπέργων,
638 794 694 864 ἐὰν
707 798 792 883 μέγα
805 822 841 864 τε
856 798 911 864 καὶ
925 792 1073 884 ὑψηλόν,
1088 799 1125 865 ἐν
1138 801 1185 888 τῷ
1198 794 1278 882 χρό-

146 895 207 964 σεά
226 923 262 964 τε
281 897 337 965 καὶ
359 893 508 983 ἆργόρεα
529 907 578 968 ἔνι
599 901 760 987 μέταλλα,
790 896 830 967 τὰ
852 903 1009 986 νέμονται
1027 905 1147 986 Πίερές
1166 926 1202 967 τε
1223 899 1278 967 καὶ

142 996 339 1087 Ὀδόμαντοι
367 1003 422 1068 καί
439 1000 581 1088 μάλιστα
602 1001 741 1088 Σάτραι.
778 998 1048 1089 ’Τπεροικίοντας
1069 1002 1105 1072 δὲ
1125 1000 1162 1070 τό
1183 1002 1275 1087 Πόγ-
1289 1006 1346 1067 113

146 1130 247 1189 γαιον
261 1100 344 1189 πρός
362 1106 469 1190 βορέω
483 1102 608 1193 ἀνέμου
624 1113 788 1190 Παίονας,
812 1102 969 1194 Δόρηβός
986 1133 1022 1175 τε
1036 1109 1091 1175 καὶ
1105 1104 1279 1186 Παιόπλας

147 1204 317 1294 παρεξιών
342 1203 394 1294 ἤτε
420 1205 502 1294 πρὸς
535 1210 696 1296 ἑσπέρην,
728 1212 761 1288 ἐς
787 1206 807 1278 ό
836 1207 974 1279 ἀπίκετο
995 1212 1049 1278 ἐπὶ
1071 1208 1221 1298 ποταμόν
1241 1235 1277 1277 τε

146 1307 330 1397 Στρυμόνα
345 1312 401 1378 καί
415 1310 514 1380 πόλιν
528 1309 657 1394 Ἠϊόνα,
679 1317 736 1400 τῆς
750 1318 798 1381 ἔτι
814 1311 892 1397 ζωὸς
907 1310 971 1381 ἐόν
986 1303 1064 1401 ἦρχε
1078 1311 1203 1401 Βόγης,
1217 1317 1278 1382 τοῦ
1379 1312 1384 1321 ’

146 1438 212 1500 περ
225 1410 327 1506 ὀλίγῳ
343 1413 505 1502 πρότερον
519 1415 648 1484 τούτων
668 1415 768 1502 λόγον
783 1415 974 1504 ἐποιεύμην.
1011 1412 1032 1502 ἡ
1047 1416 1083 1485 δὲ
1097 1422 1140 1504 γῆ
1159 1412 1244 1502 αὕτη
1259 1411 1280 1504 ἡ

147 1518 225 1602 περὶ
239 1515 276 1585 τὸ
293 1517 464 1603 Πάγγαιον
478 1509 577 1605 οὖρος
590 1521 743 1588 καλέεται
758 1522 895 1603 Φυλλίς,
910 1526 1150 1588 κατατείνουσα
1164 1516 1204 1587 τὰ
1217 1519 1279 1607 μὲν

90 1642 146 1695 eto
154 1618 238 1707 πρός
259 1622 402 1708 ἕσπέρην
416 1622 469 1689 ἐπὶ
491 1620 640 1709 ποταμὸν
656 1620 827 1710 Ἀγγίτην,
848 1622 1024 1691 ἐκδιδόντα
1041 1624 1074 1702 ἐς
1092 1620 1151 1690 τόν
1164 1631 1277 1707 Στρυ-

145 1723 250 1811 μόνα,
265 1721 304 1791 roi
319 1723 356 1793 tt
366 1722 448 1812 πρὸς
460 1726 669 1814 μεσαμβρίην
683 1734 839 1795 τείνουσα
854 1729 886 1806 ἐς
900 1723 1003 1795 αὐτὸν
1017 1723 1075 1795 τὸν
1085 1725 1280 1814 Στρυμόνα,

145 1937 220 1982 teror
229 1931 249 1981 1.
259 1930 277 1981 l.
288 1947 349 1997 pag.
360 1932 394 1983 63
404 1930 464 1981 coll.
477 1932 612 1983 Mannert.
623 1932 687 1983 v11.
810 1924 815 1937 '

145 2017 210 2066 pag.
223 2002 264 2051 tl.
278 2000 344 2065 236,
364 2002 410 2066 qui
425 2000 496 2051 bano
511 2008 619 2067 gentem
633 2017 688 2051 non
917 1967 983 2019 ου’·
1003 1966 1104 2020 CXIII·

144 2071 307 2133 Thracicae,
322 2070 369 2120 red
383 2072 503 2121 Graecae
519 2072 612 2137 stirpis
628 2086 688 2122 esse
774 2068 912 2137 Παίονας]
933 2072 975 2121 De
992 2070 1035 2121 hie
1055 2071 1112 2122 dixi
1127 2070 1161 2122 ad
1177 2072 1215 2132 V,
1231 2071 1276 2133 123

144 2146 226 2207 putet
243 2156 257 2190 e
272 2140 434 2190 Macedonia
450 2141 500 2191 huc
517 2140 687 2192 translatam.
738 2140 771 2191 do
785 2141 926 2193 Doberr'bue
944 2140 1068 2201 contu,
1083 2141 1125 2194 16.
1161 2140 1231 2191 Add.
1246 2139 1276 2193 C.

145 2212 183 2260 Et
200 2209 270 2259 coni.
285 2226 390 2275 quoque
401 2209 431 2261 C.
442 2209 474 2260 Ο.
486 2211 608 2262 Mueller.
623 2210 688 2275 (Ue-
738 2212 769 2261 0.
789 2210 917 2262 Mueller:
942 2211 1032 2261 [leber
1046 2211 1072 2262 d.
1084 2208 1198 2275 Maked.
1214 2224 1275 2274 pag.

132 2281 195 2345 ,ber
207 2279 351 2331 d.Malred.
361 2295 386 2343 p.
399 2278 454 2343 26).
479 2280 521 2329 De
531 2282 619 2330 Pieria
632 2280 686 2330 vid.
741 2281 855 2346 toseq„
879 2280 925 2330 ubi
942 2282 1023 2331 etiarn
1042 2281 1169 2331 observat
1188 2279 1279 2329 Dobe-

143 2350 220 2400 inira
233 2349 301 2408 Vll,
316 2350 363 2401 131
381 2349 474 2431 ibique
493 2349 587 2401 allata.
622 2350 693 2416 Mon
738 2366 796 2400 rum
810 2356 908 2400 terram
920 2352 1065 2401 convenire
1075 2365 1135 2400 cum
1149 2364 1192 2411 ea,
1207 2365 1277 2413 quae

143 2420 258 2470 restitui
277 2415 334 2467 τοῖν
351 2413 399 2467 καί
423 2414 465 2467 aul
483 2413 612 2483 Φάγρης,
640 2419 687 2468 ubi
737 2420 818 2471 bodie
830 2425 944 2470 vocatur
957 2420 1063 2470 [loiron.
1092 2420 1134 2469 De
1146 2419 1198 2468 bac
1210 2419 1276 2469 urbe

143 2504 195 2553 pro
218 2483 275 2536 nal
294 2487 458 2557 Schaeserne
484 2490 626 2538 invexerat
645 2483 685 2551 ol,
738 2495 766 2541 et
780 2490 916 2552 lacu,eui
931 2490 995 2540 urba
1010 2489 1073 2540 adia
1123 2488 1278 2539 'vidTa-

143 2558 223 2611 libris
240 2558 346 2609 invitis:
367 2556 480 2609 Dietecb
496 2573 606 2623 prorsus
622 2559 688 2608 omi·
738 2559 785 2611 iel.
799 2559 815 2610 l.
828 2557 846 2608 l.
862 2573 926 2627 pag.
939 2558 999 2610 266.
1033 2495 1275 2611 Adffiroteiond.

142 2625 250 2690 situel,
267 2628 338 2693 quod
349 2628 447 2692 reliqui
461 2626 578 2679 editores
595 2644 687 2678 ornnea
738 2631 781 2679 in:
806 2630 891 2680 Erech
909 2635 936 2681 et
953 2629 1057 2678 Gruber
1074 2627 1276 2693 Eneyclopaed.

142 2699 326 2751 retinuerunt,
360 2690 474 2762 Φάγρης
488 2713 558 2762 quae
574 2704 687 2748 vocatur
738 2699 848 2751 Secti.
864 2699 923 2749 Vol.
935 2699 1034 2751 XXVI.
1045 2715 1069 2762 p.
1079 2695 1144 2757 225,
1162 2697 1277 2748 Gieeke:

143 2769 224 2830 urba,
248 2774 472 2818 commemoratur
492 2769 562 2831 apud
578 2767 685 2832 seylae.
737 2767 1078 2831 Thmktechelaegiacbe
1090 2767 1277 2831 Stttmmepb.

141 2836 686 2901 Peripl.§.biintor'l'braeiaeeivitatea
739 2839 798 2888 102.
829 2839 870 2887 De
884 2839 1002 2898 Pneoplr'r
1014 2837 1068 2886 vid.
1080 2835 1156 2897 adv,
1169 2836 1209 2885 16.
1235 2836 1276 2884 De

142 2909 263 2957 Graecae
276 2912 303 2957 et
313 2906 385 2970 apud
396 2906 523 2957 Strabon.
532 2908 594 2958 Vll.
606 2910 631 2969 ξ,
642 2907 686 2967 33,
736 2907 867 2973 Strymone
878 2906 933 2957 vid.
945 2906 1030 2954 allata
1042 2904 1077 2954 ad
1090 2905 1124 2965 V,
1139 2904 1163 2954 l.
1190 2906 1276 2967 Quem

141 2978 263 3042 itemque
273 2976 345 3040 apud
356 2975 487 3038 stephan.
496 2978 640 3039 Byzante.
650 2991 686 3039 τι,
737 2977 788 3026 hoc
808 2974 869 3027 loco
889 2991 937 3041 pro
953 2975 1048 3038 Ανμίια
1066 2974 1138 3039 quod
1155 2972 1278 3024 nonnulli

141 3047 192 3113 qui
208 3048 372 3096 auctoritate
387 3046 519 3096 Hecataei
538 3050 564 3095 et
578 3045 687 3111 Thucy·
716 3035 855 3108 babeat,
879 3045 956 3095 cuiue
980 3060 1041 3093 mox
1060 3044 1162 3094 mentio
1181 3043 1226 3105 fit,
1248 3048 1278 3091 tu

141 3116 216 3167 didie
226 3116 331 3177 nititur,
345 3115 415 3178 apud
427 3130 504 3180 quem
514 3114 552 3172 11,
563 3113 598 3165 99
606 3114 687 3165 haec·
736 3116 792 3166 vid.
808 3114 897 3166 Taiol.
912 3111 961 3164 1.1.
975 3129 1037 3179 pag.
1053 3113 1104 3164 243
1117 3129 1205 3178 aeqq.:
1231 3112 1278 3178 qui

142 3202 177 3237 ce
198 3186 262 3236 urbs
283 3185 433 3246 invenitur,
454 3200 534 3249 quam
555 3201 586 3234 eo
602 3183 686 3234 ferme
737 3183 831 3235 docuit
851 3184 984 3248 Αημίίοοι,
1007 3185 1134 3249 exiguum
1155 3183 1277 3242 fluvium,

140 3257 204 3306 loco
231 3255 312 3304 eitam
337 3270 397 3305 ease
424 3253 575 3304 arbitratur
594 3253 686 3304 Lealre
736 3255 783 3318 qui
802 3255 829 3304 in
845 3254 1014 3320 Strymonem
1032 3269 1062 3304 aa
1084 3251 1218 3311 infundit,
1242 3251 1277 3301 ab

142 3324 272 3389 (Travela
298 3325 325 3373 in
346 3323 443 3377 North.
466 3324 567 3375 Graece
590 3322 695 3389 111.p.·
736 3324 788 3374 boc
807 3325 949 3388 ipeobeue
966 3321 1276 3386 eruediatiuguendum3

145 3395 195 3446 177
215 3393 298 3460 seq),
323 3395 370 3445 ubi
389 3410 459 3444 nune
478 3394 555 3443 vicus
575 3392 684 3456 Orsoua.
735 3394 905 3445 addLeake:
918 3391 1278 3444 TravelainNortlr.Greece

141 3491 178 3501 —
193 3466 258 3515 Mox
276 3479 323 3527 pro
345 3457 426 3526 χερὸς
444 3481 458 3514 e
479 3463 635 3513 Florentino
659 3468 686 3513 et
738 3463 899 3528 nupero.

142 3534 284 3586 Saacroiti
300 3532 370 3582 libro
384 3534 513 3583 revocavi
525 3525 635 3597 χειρὸς,
655 3539 686 3582 nt
770 3545 823 3598 ,οὗ
838 3563 890 3610 πε,
906 3541 990 3613 ὀηγηῳ
1011 3539 1151 3610 „odam
1169 3541 1278 3598 τούτων

142 3621 206 3668 car·
222 3605 285 3664 ¹¹53
303 3601 357 3654 vid·
371 3602 485 3653 Bredov·
500 3618 562 3668 rae·
582 3603 638 3652 ¹59·
736 3612 821 3683 ιόγιι
833 3609 1000 3684 ἐποιεύμην]
1020 3619 1082 3669 vn.
1096 3619 1165 3678 vu,
1185 3619 1241 3672 roo.

179 3700 212 3756 τό
228 3702 375 3770 Πάγγαιον
387 3693 474 3768 οὖρος
485 3697 628 3770 ἀπέργων]
644 3706 686 3755 Do
772 3701 884 3771 Φυλλίς]
901 3706 934 3756 In
946 3706 998 3754 hac
1010 3720 1079 3755 roca
1093 3704 1157 3754 libri
1173 3703 1278 3766 scripti,

142 3778 229 3829 verbo
246 3767 379 3839 ἆπίργειν
396 3776 468 3827 coni.
485 3781 554 3826 nott.
571 3775 605 3826 ad
623 3776 686 3832 Vll,
738 3778 769 3825 ut
780 3775 819 3838 fit,
830 3776 973 3826 fluctuant.
994 3769 1278 3824 ovtttvexhtbetssu-

147 3847 214 3906 totu
232 3845 265 3897 do
277 3848 400 3911 Ρουμοτο
414 3851 506 3896 monto
524 3851 592 3896 nott.
605 3844 639 3895 ad
653 3845 686 3906 V,
738 3846 824 3896 atath.
837 3846 873 3895 ad
882 3844 962 3895 Iliad.
975 3859 1001 3907 p.
1011 3842 1072 3902 359,
1085 3843 1120 3892 35
1130 3858 1152 3893 a.
1162 3843 1223 3900 272,
1234 3844 1276 3892 25.

145 3917 190 3968 16.
216 3916 292 3978 Quae
303 3915 330 3965 in
344 3930 375 3965 eo
387 3916 434 3965 hie
442 3921 623 3967 memorantur
633 3931 687 3964 me·
738 3914 860 3964 Melioris
870 3920 953 3963 notae
964 3912 1027 3963 libri
1039 3928 1100 3963 oum
1108 3911 1202 3976 Steph.
1210 3913 1277 3974 Byr.

144 3986 214 4038 talla
228 3990 256 4035 ot
267 4000 351 4035 aurea
363 3990 391 4035 et
404 3990 544 4050 argentea,
560 4001 630 4049 quae
643 4000 689 4036 ea·
739 3999 761 4033 s.
772 3999 799 4033 v.
813 3976 915 4038 Φυλλίς
927 3998 953 4046 p.
965 3984 1026 4044 745,
1041 3981 1216 4046 quaeregio,
1229 3995 1279 4030 no-

144 4058 206 4106 dem
234 4070 341 4119 quoque
370 4061 563 4105 commemorat
585 4054 687 4104 Strabo
739 4056 816 4102 tante
841 4051 985 4102 Gatterero
1003 4050 1021 4102 l.
1045 4051 1063 4100 l.
1084 4065 1147 4115 pag.
1169 4051 1232 4112 ll7,
1262 4063 1279 4098 a

144 4130 287 4189 Excerptt.
300 4123 362 4174 VlI.
376 4126 400 4186 ἕ.
410 4125 452 4185 34,
468 4124 543 4175 nulla
553 4124 688 4174 bodioin-
738 4123 866 4184 Pangaeo
884 4121 1098 4187 reptentrionem
1118 4133 1214 4169 ceraue
1232 4134 1279 4168 ex·

143 4198 233 4247 veniri
247 4194 343 4244 scribit
355 4195 426 4243 Linlr
443 4192 559 4258 (Urwelt
575 4209 601 4257 μ.
612 4191 685 4254 255).
738 4190 917 4251 tendebatur,
932 4192 956 4239 ai
969 4189 1078 4253 quidem
1092 4187 1127 4237 ad
1139 4187 1278 4238 meridiem

145 4265 200 4316 Sed
227 4265 284 4315 vid.
308 4263 401 4315 Tuiel:
427 4266 469 4314 De
488 4261 686 4314 Thessalonica
737 4259 859 4324 Pangaei
870 4258 1034 4309 habitabant
1047 4259 1155 4309 Edonee
1171 4272 1205 4307 ac
1216 4259 1280 4307 Pie·

144 4336 257 4399 eiusque
271 4348 338 4398 agro
351 4349 411 4399 pag.
423 4334 483 4385 269.
514 4331 687 4383 DeOdoman·
738 4344 790 4380 rea.
816 4326 969 4392 Phyllidem
984 4329 1121 4390 regionem
1135 4327 1279 4391 Strymone

144 4407 177 4457 tie
192 4405 247 4456 vid.
265 4408 336 4454 nott.
358 4405 394 4454 ad
413 4407 451 4464 V,
468 4402 500 4454 16
517 4406 544 4452 et
563 4399 625 4451 add.
641 4401 687 4452 Gi·
738 4397 794 4462 (cui
809 4413 881 4449 nnnc
894 4414 993 4449 nomen
1008 4397 1119 4464 Suana)
1137 4402 1164 4446 et
1175 4397 1279 4461 Angita

145 4475 211 4527 eolre
224 4475 242 4525 1.
258 4489 320 4523 mox
334 4473 353 4526 l.
737 4469 821 4522 fluvio
833 4468 961 4534 utrinque
973 4467 1107 4519 inclusam
1121 4481 1205 4539 cupra
1219 4481 1279 4519 oum
