3100 5175
266 400 327 467 322
697 395 962 462 HERODOTI

266 611 328 652 νον
346 587 471 650 ἔτεκον.
506 583 593 665 ἔγνω
621 576 658 645 tt
678 576 735 644 καὶ
760 571 862 654 αὐτὸς
884 569 902 642 ὁ
925 568 1086 658 Ἀρίστων
1108 565 1151 637 ού
1170 566 1252 656 μετά
1273 565 1399 637 πολλάν

267 684 405 773 χρόνον,
421 678 465 761 ὥς
479 677 577 770 άνοίη
590 678 627 750 τὸ
639 686 716 758 ἔπος
727 675 860 764 ἐκβάλοι
875 679 981 745 τούτο.
1005 673 1124 759 λόγους
1138 672 1175 741 δὲ
1186 670 1309 750 άλλονς
1323 672 1398 756 περὶ

267 788 416 874 γενέσιος
438 788 495 872 τῆς
504 787 665 854 σεωυτοῦ
691 778 735 869 μὴ
763 783 875 850 δέκεο·
909 775 949 846 τά
977 774 1042 863 γάρ
1060 772 1272 861 ἀληθέστατα
1293 774 1399 843 πάντα

268 887 422 979 άκήκοας.
451 891 488 957 ἐκ
502 888 539 956 δὲ
554 884 754 974 ὀνοφορβῶν
768 880 859 975 αύτῷ
874 909 909 949 τε
924 883 1114 966 Λευτυχίδῃ
1128 879 1183 947 καί
1198 893 1283 947 τοῖσι
1298 882 1401 945 ταῦτα

223 997 406 1081 ’ίθλέγουσι
425 997 569 1060 τίκτοιεν
590 994 628 1058 al
641 1003 799 1075 γυναῖκες
821 990 952 1064 παῖδας.
988 978 1102 1069 Ἡμέν
1117 981 1158 1069 δὴ
1176 985 1281 1049 ταῦτα
1296 986 1400 1066 ἔλεγε.

265 1092 301 1165 ‘0
316 1094 354 1164 δέ
369 1093 561 1182 πυθόμενός
574 1093 609 1161 τε
623 1090 663 1161 τά
677 1091 850 1178 ἐβούλετο,
872 1090 928 1156 καὶ
943 1085 1060 1156 ἐπύδια
1075 1082 1206 1173 λαβύν,
1224 1084 1402 1170 ἐπορεύετο

270 1201 303 1279 ἐς
311 1190 424 1281 Ἦλιν,
441 1202 489 1287 eqd
503 1193 590 1289 λόγῳ
606 1192 688 1280 φάς,
704 1189 748 1273 ὡς
763 1195 796 1272 ἐς
810 1187 968 1276 Δελφούς
982 1189 1185 1278 χρησόμενος
1200 1192 1245 1280 τῷ
1260 1210 1401 1276 χρηστη·

271 1307 332 1392 ρίῳ
353 1301 542 1385 πορεύεται.
579 1295 839 1384 Λακεδαιμόνιοι
860 1293 897 1362 δέ
918 1289 1188 1380 ὑποτοπηθέντες
1201 1291 1405 1379 Δημάρητον

271 1406 407 1494 δρησμῷ
422 1401 619 1488 ἐπιχειρέειν
637 1403 789 1468 ἐδίωκον.
818 1404 877 1466 καί
888 1423 953 1474 κως
968 1401 1059 1483 ἔφθη
1078 1397 1111 1475 ἐς
1124 1394 1307 1463 Ζάκυνθον
1329 1400 1402 1463 δια·

270 1505 332 1592 βάς
346 1501 364 1574 ὁ
378 1503 578 1591 Δημάρητος
591 1505 628 1571 ἐκ
643 1507 700 1589 τῆς
711 1497 864 1579 Ἤλιδος·
889 1498 1122 1585 ἐπιδιαβάντες
1139 1497 1176 1566 δὲ
1191 1502 1226 1566 oi
1236 1502 1402 1566 Λακεδαι-

270 1607 380 1695 μόνιοι
400 1603 505 1675 αὐτοῦ
524 1631 560 1673 τε
583 1602 745 1689 άπτοντο,
775 1604 832 1671 καὶ
851 1600 928 1680 τούς
947 1597 1159 1684 θεράποντας
1178 1597 1282 1670 αύτδν
1302 1597 1402 1669 άπαι-

272 1712 398 1795 ρέοντο.
426 1706 509 1797 μετά
525 1707 581 1792 δὲ,
604 1704 644 1776 ού
665 1704 729 1794 γάρ
745 1710 938 1789 ἐξεδίδοσαν
958 1701 1063 1772 αὐτὸν
1076 1707 1111 1772 οί
1122 1702 1327 1790 Ζακύνθιοι,
1349 1706 1402 1772 ἐν·

270 1816 397 1881 θεύτεν
416 1816 583 1899 διαβαίνει
605 1813 638 1890 ἐς
656 1807 718 1897 τὴν
734 1806 849 1898 Ἀσίην
869 1804 959 1893 παρά
978 1807 1117 1894 βασιλέα
1136 1817 1294 1893 Δαρεῖον.
1328 1802 1347 1875 ὁ
1368 1806 1405 1874 δέ

272 2017 437 2070 medicorum
448 2016 608 2082 principem.
637 2014 691 2067 Sed
700 2015 745 2066 fac
761 2031 815 2065 me·

271 2088 340 2137 liora
358 2088 445 2152 ipsum
464 2086 549 2136 inisse
566 2085 705 2136 edoctum:
728 2084 814 2135 nihilo

273 2162 363 2207 tamen
373 2156 463 2206 secius
474 2153 583 2204 mulieri
596 2155 680 2218 prisci
691 2156 756 2205 aevi
767 2155 815 2203 tri·

271 2226 355 2276 buere
380 2224 497 2275 debebat
521 2238 687 2273 communem
710 2225 815 2287 opinio-

274 2310 344 2346 nem.
372 2294 508 2344 Poscebat
520 2292 572 2343 sibi
585 2292 637 2342 hoc
650 2296 678 2341 et
690 2285 816 2341 πιθανό-

271 2378 323 2425 της
339 2369 366 2412 et
380 2349 469 2424 ἦθος,
485 2362 583 2425 quibus
598 2362 748 2412 virtutibus
761 2361 816 2411 ela·

273 2436 334 2481 rent
347 2431 442 2479 Musae
457 2429 661 2479 Herodoteae.“

309 2490 347 2556 ὥς
360 2491 445 2563 άνοίη
460 2490 490 2546 τὸ
507 2490 574 2553 ἔπος
590 2488 700 2563 ἐκβάλοι
717 2495 814 2561 τούτο]

272 2568 306 2620 In
320 2568 439 2635 proxime
456 2566 681 2621 antecedentibus
699 2583 748 2632 pro
767 2557 816 2616 eri-

274 2634 322 2698 τός
336 2629 351 2688 ὁ
367 2628 498 2699 Ἀρίστων
514 2636 712 2688 Valckenarius
732 2637 816 2688 scribi

275 2707 379 2760 mavult
388 2702 403 2758 ὁ
412 2698 499 2765 αὐτὸς
507 2698 647 2771 Ἀρίστων,
660 2712 692 2757 ut
705 2707 742 2758 sit
753 2708 818 2756 idem

274 2778 374 2830 Aristo.
406 2778 483 2827 Libri
505 2792 561 2827 neu
580 2776 724 2839 addicunt,
752 2793 818 2842 quo·

276 2865 335 2898 rum
351 2848 496 2898 eorundem
510 2863 543 2897 ex
557 2849 724 2896 auctoritate
741 2861 817 2910 repo·

276 2920 317 2968 aui
336 2933 395 2968 cum
415 2922 530 2967 recenti.
551 2915 612 2966 edd.
635 2906 747 2982 ἐκβάλοι
767 2931 817 2980 pro

276 2977 414 3052 ἐκβάλλοι,
427 2986 557 3052 probante
567 2983 758 3047 Valckenario‚
770 2985 819 3049 qni

276 3057 347 3106 idem
366 3072 414 3121 pro
432 3047 516 3120 άνοίη
536 3053 648 3119 (stolide)
670 3054 819 3119 praeferret

275 3118 379 3190 άηνοίη
408 3124 456 3189 (ex
481 3122 592 3187 inscitia)
621 3123 663 3173 hia
687 3125 817 3175 adiectis:

277 3195 418 3256 „Aristoni
430 3194 532 3244 dietum
548 3193 733 3257 imprudenter
747 3195 818 3244 exci-

277 3265 355 3314 derat
366 3255 468 3327 άγνοίη
483 3262 526 3313 vel
537 3254 666 3326 άϊδρηΐη,
680 3266 818 3327 tenerrimi,

277 3332 348 3397 quod
360 3331 403 3381 vel
416 3346 447 3379 ex
465 3331 583 3381 liemaro
599 3331 704 3382 discere
714 3333 819 3397 potnia-

276 3404 334 3461 aet‚
348 3399 502 3463 Eurysthea
517 3400 646 3450 Sthenelo
663 3406 757 3451 uatum
771 3418 818 3451 ca-

276 3474 358 3520 nente
370 3462 472 3533 ήλιτόμ
494 3482 545 3516 νον
557 3462 648 3518 ἐόντα.
663 3485 723 3520 cum
736 3472 819 3520 matri

278 3532 293 3587 ὁ
319 3531 440 3603 ἕβδομος
460 3484 583 3601 είοτήκει
607 3537 678 3596 μείς.
717 3541 818 3592 Postea

276 3607 373 3670 rigidi,
401 3608 479 3657 cuins
501 3623 586 3658 rurore
602 3608 716 3658 Timaea
736 3610 817 3674 paulo

276 3676 441 3727 familiarius
457 3675 614 3726 Alcibiades
630 3677 723 3728 iuerat
740 3695 817 3742 usus,

865 2012 977 2079 schylus
989 2014 1084 2079 rigam.
1102 2014 1168 2065 1672
1183 2012 1264 2078 [1653
1283 2009 1406 2076 Blemi.],

865 2090 897 2135 ut
915 2088 995 2135 notat
1018 2084 1147 2134 Valckeu.
1185 2081 1255 2132 Add.
1279 2082 1404 2146 Euripid.

864 2154 976 2205 Hercul.
997 2154 1060 2204 Fur.
1078 2154 1127 2204 148
1146 2151 1208 2203 coll.
1229 2151 1405 2217 Aristopbau.

865 2225 935 2275 Rau.
948 2223 998 2272 595
1011 2223 1068 2286 (ubl
1078 2222 1133 2272 vid.
1147 2219 1308 2285 Frirzsehu
1325 2223 1406 2285 νειμ.

868 2293 943 2343 1289.
958 2318 993 2328 -
1007 2291 1041 2341 In
1056 2291 1107 2342 fine
1121 2292 1223 2355 eapitis
1236 2306 1331 2341 vocem
1344 2292 1409 2339 παῖ-

866 2358 917 2418 δας
932 2361 1015 2412 deleri
1027 2361 1188 2412 vultNaber
1201 2362 1227 2409 in
1237 2361 1408 2425 Mnemosyu.

866 2431 913 2482 IV.
929 2446 955 2495 p.
970 2432 1021 2492 25,
1039 2447 1098 2481 cum
1111 2428 1215 2479 τίκτειν
1230 2429 1281 2479 hae
1299 2431 1409 2480 ratione

866 2499 991 2549 absolute
1012 2508 1143 2564 ponatur,
1163 2504 1195 2550 ut
1216 2499 1276 2561 111,
1296 2499 1340 2550 65.
1362 2500 1408 2562 Vl,

869 2568 928 2621 1³9.
948 2569 1068 2632 ΙΧ,113;
1092 2583 1220 2622 assensus
1246 2574 1289 2619 est
1306 2568 1410 2620 litehler

866 2639 933 2689 ibid.
951 2641 983 2689 V.
998 2655 1024 2704 p.
1037 2639 1081 2692 66.
1115 2639 1250 2705 Equidem
1270 2640 1330 2692 sine
1352 2640 1410 2689 ido·

867 2725 919 2760 neo
931 2724 1014 2759 eausa
1024 2708 1094 2761 hanc
1106 2726 1199 2762 vocem
1214 2710 1313 2762 eiicere
1326 2709 1410 2760 nolui.

1054 2882 1119 2936 Cau.
1139 2882 1222 2932 Lxx.

902 2973 1004 3032 ἐπόδια
1018 2982 1124 3051 λαβών]
1144 2985 1222 3035 Coni.
1239 2984 1362 3046 1v‚203
1384 2990 1410 3034 et

868 3054 902 3104 ed
919 3052 957 3118 τῷ
977 3045 1048 3121 λόγῳ
1069 3056 1097 3105 in
1122 3070 1198 3120 seqq.
1220 3054 1294 3108 coni.
1314 3055 1354 3117 V,
1377 3054 1411 3103 20

869 3124 959 3188 ibique
974 3128 1043 3173 nott.

901 3185 1147 3256 ὑποτοπηθέντες]
1163 3192 1279 3242 Verbum
1290 3192 1409 3243 medium

868 3264 960 3312 activa
984 3262 1184 3325 significatione
1207 3263 1308 3313 Noster
1334 3263 1410 3312 adtri-

867 3331 928 3380 buit
940 3332 993 3395 1x,
1008 3332 1064 3383 116.
1092 3331 1161 3381 Add.
1176 3331 1313 3397 Aristoph.
1324 3332 1409 3382 Tires-

868 3401 957 3465 moph.
966 3404 1026 3461 tut,
1037 3403 1084 3453 nbi
1092 3399 1182 3452 Sobel.
1190 3406 1329 3466 exponunt
1339 3397 1410 3451 ὑπο·

869 3471 961 3530 νοεῖν,
987 3461 1161 3520 ὑποπτεύειν
1189 3470 1340 3535 (sumerum
1364 3471 1409 3522 λο-

867 3538 947 3601 bere).
966 3541 1035 3590 Rau.
1049 3540 1101 3591 909
1114 3556 1136 3591 s.
1149 3541 1209 3591 058.
1236 3543 1270 3590 ln
1280 3556 1357 3607 seqq.
1374 3540 1410 3591 ad

867 3599 1079 3676 ἐπιδιαβάντες,
1109 3612 1188 3661 euius
1204 3609 1265 3660 loeo
1283 3611 1310 3660 in
1328 3611 1412 3675 pluri·

868 3680 918 3729 bus
932 3685 1023 3731 exstat
1033 3672 1191 3743 ἐπιβάντες,
1204 3680 1278 3731 coni.
1289 3682 1338 3743 lv,
1350 3681 1409 3731 122.

277 3746 364 3797 simile
380 3745 444 3812 quid
459 3745 515 3796 filio
526 3750 593 3796 nato
605 3746 717 3801 dicenti.
732 3739 819 3798 άνοια
867 3750 930 3799 Mox
945 3765 1005 3801 cum
1019 3750 1171 3814 Schweigh.
1185 3754 1213 3800 et
1223 3750 1311 3801 Gaias.
1325 3749 1414 3801 ePlo·

277 3816 370 3880 potius
381 3817 511 3895 imputari
525 3816 643 3895 gotuitf‘
676 3818 750 3878 Quid
765 3834 817 3869 usu
867 3820 976 3870 reutino
994 3819 1065 3871 libro
1083 3818 1196 3886 alioque
1208 3820 1336 3870 Parisino
1350 3819 1414 3870 dedi

277 3886 381 3936 distent
392 3900 477 3935 ανοια
490 3891 517 3935 et
528 3899 638 3948 αμνοια,
652 3885 745 3937 eodem
754 3888 819 3939 Val·
868 3877 1042 3950 άπαιρέοντο
1061 3905 1110 3955 pro
1125 3888 1197 3954 vulg.
1213 3882 1412 3951 ἀπαιρέονται,

277 3955 355 4005 elren.
370 3956 547 4015 observante,
560 3972 575 4006 e
587 3956 701 4008 anian.
717 3958 759 4008 De
773 3973 817 4008 sa·
869 3958 940 4023 qnod
952 3960 1039 4021 ipsum
1049 3965 1211 4010 revocarunt
1220 3965 1336 4013 recenti.
1349 3959 1412 4009 edd.

277 4025 373 4075 critice.
393 4026 421 4074 in
441 4026 485 4076 fin.
508 4027 576 4076 satis
599 4031 685 4090 patet.
727 4028 819 4093 Atque
868 4028 911 4076 De
923 4030 1085 4079 accusativo
1099 4028 1193 4079 addite
1207 4021 1296 4077 αὐτὸν
1307 4029 1345 4080 ei.
1356 4030 1413 4078 Ηο-

277 4094 456 4146 Valelrenarii
470 4096 687 4147 emendationem
702 4098 821 4163 arripuit
871 4112 935 4148 mer.
957 4097 998 4150 lli.
1015 4099 1041 4163 1,
1062 4100 1108 4149 175
1126 4103 1155 4149 et
1172 4113 1243 4163 quae
1261 4097 1318 4148 alia
1331 4098 1412 4149 affert

277 4163 420 4228 senneser,
439 4180 518 4229 quem
530 4164 628 4216 llutth.
640 4171 750 4217 secutus
767 4172 820 4230 est,
869 4165 996 4218 Kuehner
1010 4168 1054 4218 Gr.
1067 4170 1112 4219 Gr.
1126 4172 1151 4231 §-
1166 4168 1225 4226 661,
1238 4185 1266 4233 g.
1282 4195 1317 4204 -
1334 4165 1413 4233 βασι·

278 4234 396 4298 itemqne
414 4237 529 4286 recenti.
550 4235 610 4287 edd.
631 4235 693 4286 indo
713 4251 730 4285 a
747 4237 820 4288 Bek·
868 4230 955 4286 λὲαίο
974 4253 1049 4302 seqq.
1067 4237 1129 4288 dedi
1149 4254 1198 4303 pro
1211 4234 1347 4304 βασιλῆα,
1366 4253 1413 4288 ue·

276 4301 352 4353 kero.
383 4304 439 4354 Nos
452 4304 529 4355 codd.
546 4307 739 4356 auctoritatem
756 4323 817 4357 eum
868 4320 921 4369 que
939 4323 1004 4358 vero
1023 4309 1128 4357 mutavi
1147 4302 1303 4371 μεγαλωστὶ
1320 4308 1348 4358 in
1364 4319 1411 4370 με·

277 4370 431 4436 Sehweigh.
442 4373 653 4438 etGaiti.sequi
663 4374 816 4427 maluimus.
867 4368 973 4438 γάλωςε
994 4375 1049 4427 vid.
1069 4381 1139 4426 nott.
1159 4376 1195 4426 ad
1210 4379 1249 4435 V,
1263 4377 1307 4427 67.
1323 4403 1355 4415 -
1369 4376 1410 4425 Ad

277 4428 405 4506 ἐκβαλεῖν
416 4433 469 4505 ἔπη
483 4441 578 4492 eodem
591 4459 673 4494 sensu
685 4444 756 4494 dixit
765 4447 818 4496 Ae·
864 4435 1123 4509 α’πολοιμπρννθεὶς
1136 4447 1172 4498 ei.
1188 4447 1210 4513 1,
1224 4448 1273 4508 41,
1290 4447 1338 4497 ubi
1354 4446 1410 4499 vid.
