<?xml version="1.0" encoding="UTF-8"?>
<!DOCTYPE html PUBLIC "-//W3C//DTD XHTML 1.0 Transitional//EN"
    "http://www.w3.org/TR/xhtml1/DTD/xhtml1-transitional.dtd">
<html xmlns="http://www.w3.org/1999/xhtml" xml:lang="en" lang="en">
 <head>
  <title>
</title>
<meta http-equiv="Content-Type" content="text/html;charset=utf-8" />
  <meta name='ocr-system' content='tesseract 3.04.00' />
  <meta name='ocr-capabilities' content='ocr_page ocr_carea ocr_par ocr_line ocrx_word'/>
</head>
<body>
  <div class='ocr_page' id='page_1' title='image "./herodotihalicar01unkngoog/herodotihalicar01unkngoog_0218.png"; bbox 0 0 3100 5175; ppageno 0'>
   <div class='ocr_carea' id='block_1_1' title="bbox 250 413 951 482">
    <p class='ocr_par' dir='ltr' id='par_1_1' title="bbox 250 413 951 482">
     <span class='ocr_line' id='line_1_1' title="bbox 250 413 951 482; baseline 0.006 -5"><span class='ocrx_word' id='word_1_1' title='bbox 250 413 312 480; x_wconf 82' lang='grc'><strong>2116</strong></span> <span class='ocrx_word' id='word_1_2' title='bbox 684 417 951 482; x_wconf 80' lang='lat' dir='ltr'>HERODOTI</span> 
     </span>
    </p>
   </div>
   <div class='ocr_carea' id='block_1_2' title="bbox 178 589 1436 1619">
    <p class='ocr_par' dir='ltr' id='par_1_2' title="bbox 178 589 1436 1619">
     <span class='ocr_line' id='line_1_2' title="bbox 247 589 1383 684; baseline 0.003 -23"><span class='ocrx_word' id='word_1_3' title='bbox 247 595 386 680; x_wconf 75' lang='grc' dir='ltr'><em>βασιλέα</em></span> <span class='ocrx_word' id='word_1_4' title='bbox 407 590 555 680; x_wconf 83' lang='grc' dir='ltr'><strong><em>πόλεμον</em></strong></span> <span class='ocrx_word' id='word_1_5' title='bbox 578 593 805 678; x_wconf 78' lang='grc' dir='ltr'><strong><em>ἐσκευάζοντο.</em></strong></span> <span class='ocrx_word' id='word_1_6' title='bbox 847 593 1049 674; x_wconf 82' lang='grc' dir='ltr'><strong><em>Πλόσαντες</em></strong></span> <span class='ocrx_word' id='word_1_7' title='bbox 1071 594 1107 663; x_wconf 75' lang='grc' dir='ltr'><strong>δὲ</strong></span> <span class='ocrx_word' id='word_1_8' title='bbox 1123 595 1156 674; x_wconf 81' lang='grc' dir='ltr'><strong>ἐς</strong></span> <span class='ocrx_word' id='word_1_9' title='bbox 1169 592 1229 664; x_wconf 85' lang='grc' dir='ltr'><strong>τόν</strong></span> <span class='ocrx_word' id='word_1_10' title='bbox 1247 589 1383 684; x_wconf 82' lang='grc' dir='ltr'><strong><em>Ἑλλήσ-</em></strong></span> 
     </span>
     <span class='ocr_line' id='line_1_3' title="bbox 247 695 1383 787; baseline 0.001 -22"><span class='ocrx_word' id='word_1_11' title='bbox 247 723 371 765; x_wconf 87' lang='grc' dir='ltr'><strong><em>ποντον</em></strong></span> <span class='ocrx_word' id='word_1_12' title='bbox 392 695 577 779; x_wconf 81' lang='grc' dir='ltr'><strong><em>Βυζάντιόν</em></strong></span> <span class='ocrx_word' id='word_1_13' title='bbox 597 724 633 766; x_wconf 85' lang='grc' dir='ltr'><strong><em>τε</em></strong></span> <span class='ocrx_word' id='word_1_14' title='bbox 653 701 709 767; x_wconf 83' lang='grc' dir='ltr'><strong>καὶ</strong></span> <span class='ocrx_word' id='word_1_15' title='bbox 736 695 794 778; x_wconf 79' lang='grc' dir='ltr'><strong><em>τὰς</em></strong></span> <span class='ocrx_word' id='word_1_16' title='bbox 814 695 917 779; x_wconf 86' lang='grc' dir='ltr'><strong><em>άλλας</em></strong></span> <span class='ocrx_word' id='word_1_17' title='bbox 937 699 1033 780; x_wconf 80' lang='grc' dir='ltr'><strong><em>πόλις</em></strong></span> <span class='ocrx_word' id='word_1_18' title='bbox 1051 695 1181 778; x_wconf 77' lang='grc' dir='ltr'><strong><em>ἁπάσας</em></strong></span> <span class='ocrx_word' id='word_1_19' title='bbox 1198 696 1256 779; x_wconf 88' lang='grc' dir='ltr'><strong><em>τάς</em></strong></span> <span class='ocrx_word' id='word_1_20' title='bbox 1277 698 1383 787; x_wconf 79' lang='grc' dir='ltr'><strong><em>ταύτῃ</em></strong></span> 
     </span>
     <span class='ocr_line' id='line_1_4' title="bbox 244 795 1381 900; baseline 0 -31"><span class='ocrx_word' id='word_1_21' title='bbox 244 795 303 869; x_wconf 79' lang='grc' dir='ltr'><strong>ὑπ’</strong></span> <span class='ocrx_word' id='word_1_22' title='bbox 320 802 475 869; x_wconf 81' lang='grc' dir='ltr'><em>ἑωυτοῖσι</em></span> <span class='ocrx_word' id='word_1_23' title='bbox 495 801 703 900; x_wconf 76' lang='grc' dir='ltr'><strong><em>έπομήσαυτο.</em></strong></span> <span class='ocrx_word' id='word_1_24' title='bbox 731 799 961 882; x_wconf 71' lang='grc' dir='ltr'><strong><em>ἐκπλώσαντές</em></strong></span> <span class='ocrx_word' id='word_1_25' title='bbox 979 830 1015 873; x_wconf 90' lang='grc' dir='ltr'><strong><em>τε</em></strong></span> <span class='ocrx_word' id='word_1_26' title='bbox 1030 805 1091 885; x_wconf 80' lang='grc' dir='ltr'><strong>ἔξω</strong></span> <span class='ocrx_word' id='word_1_27' title='bbox 1105 799 1164 872; x_wconf 87' lang='grc' dir='ltr'><strong>τόν</strong></span> <span class='ocrx_word' id='word_1_28' title='bbox 1179 800 1381 890; x_wconf 80' lang='grc' dir='ltr'><strong><em>Ἑλλήσπον-</em></strong></span> 
     </span>
     <span class='ocr_line' id='line_1_5' title="bbox 244 901 1383 996; baseline 0.002 -24"><span class='ocrx_word' id='word_1_29' title='bbox 244 932 303 973; x_wconf 91' lang='grc' dir='ltr'><strong>τον</strong></span> <span class='ocrx_word' id='word_1_30' title='bbox 317 910 446 992; x_wconf 78' lang='grc' dir='ltr'><strong><em>Καρίης</em></strong></span> <span class='ocrx_word' id='word_1_31' title='bbox 459 901 521 992; x_wconf 83' lang='grc' dir='ltr'><strong>τὴν</strong></span> <span class='ocrx_word' id='word_1_32' title='bbox 536 904 663 994; x_wconf 83' lang='grc' dir='ltr'><strong><em>πολλὴν</em></strong></span> <span class='ocrx_word' id='word_1_33' title='bbox 683 906 952 995; x_wconf 77' lang='grc' dir='ltr'><strong><em>προσεκτήσαντο</em></strong></span> <span class='ocrx_word' id='word_1_34' title='bbox 971 916 1068 994; x_wconf 90' lang='grc' dir='ltr'><strong><em>σφίσι</em></strong></span> <span class='ocrx_word' id='word_1_35' title='bbox 1089 905 1264 996; x_wconf 79' lang='grc' dir='ltr'><strong><em>σύμμαχον</em></strong></span> <span class='ocrx_word' id='word_1_36' title='bbox 1278 905 1383 976; x_wconf 81' lang='grc' dir='ltr'><strong><em>εἶναι·</em></strong></span> 
     </span>
     <span class='ocr_line' id='line_1_6' title="bbox 245 1004 1384 1100; baseline 0.002 -25"><span class='ocrx_word' id='word_1_37' title='bbox 245 1010 301 1076; x_wconf 80' lang='grc' dir='ltr'><strong>καί</strong></span> <span class='ocrx_word' id='word_1_38' title='bbox 319 1004 383 1096; x_wconf 73' lang='grc' dir='ltr'><strong>γάρ</strong></span> <span class='ocrx_word' id='word_1_39' title='bbox 396 1006 458 1095; x_wconf 78' lang='grc' dir='ltr'><strong>τὴν</strong></span> <span class='ocrx_word' id='word_1_40' title='bbox 472 1013 612 1077; x_wconf 83' lang='grc' dir='ltr'><strong><em>Καῦνον</em></strong></span> <span class='ocrx_word' id='word_1_41' title='bbox 626 1010 790 1098; x_wconf 88' lang='grc' dir='ltr'><strong><em>πρότερον</em></strong></span> <span class='ocrx_word' id='word_1_42' title='bbox 810 1008 851 1080; x_wconf 76' lang='lat' dir='ltr'><strong>ori</strong></span> <span class='ocrx_word' id='word_1_43' title='bbox 870 1012 1081 1100; x_wconf 77' lang='grc' dir='ltr'><strong><em>βουλομένην</em></strong></span> <span class='ocrx_word' id='word_1_44' title='bbox 1094 1013 1314 1099; x_wconf 86' lang='grc' dir='ltr'><strong><em>συμμαχέειν,</em></strong></span> <span class='ocrx_word' id='word_1_45' title='bbox 1338 1005 1384 1089; x_wconf 73' lang='grc' dir='ltr'><strong><em>τός</em></strong></span> 
     </span>
     <span class='ocr_line' id='line_1_7' title="bbox 178 1109 1436 1203; baseline -0.001 -17"><span class='ocrx_word' id='word_1_46' title='bbox 178 1125 237 1185; x_wconf 83' lang='grc'><strong>104</strong></span> <span class='ocrx_word' id='word_1_47' title='bbox 247 1115 436 1199; x_wconf 77' lang='grc' dir='ltr'><strong><em>ἐνέπρησαν</em></strong></span> <span class='ocrx_word' id='word_1_48' title='bbox 449 1109 506 1191; x_wconf 84' lang='grc' dir='ltr'><strong><em>τάς</em></strong></span> <span class='ocrx_word' id='word_1_49' title='bbox 518 1113 665 1202; x_wconf 88' lang='grc' dir='ltr'><strong><em>Σάρδις,</em></strong></span> <span class='ocrx_word' id='word_1_50' title='bbox 686 1114 760 1183; x_wconf 84' lang='grc' dir='ltr'><strong><em>τότε</em></strong></span> <span class='ocrx_word' id='word_1_51' title='bbox 775 1134 835 1202; x_wconf 94' lang='grc' dir='ltr'><strong>σφι</strong></span> <span class='ocrx_word' id='word_1_52' title='bbox 848 1111 932 1203; x_wconf 78' lang='grc' dir='ltr'><strong><em>αὕτη</em></strong></span> <span class='ocrx_word' id='word_1_53' title='bbox 947 1117 1177 1202; x_wconf 76' lang='grc' dir='ltr'><strong><em>προσεγένετο.</em></strong></span> <span class='ocrx_word' id='word_1_54' title='bbox 1226 1113 1374 1201; x_wconf 84' lang='grc' dir='ltr'><strong><em>Κύπριοι</em></strong></span> <span class='ocrx_word' id='word_1_55' title='bbox 1382 1133 1436 1185; x_wconf 78' lang='grc'><strong>430</strong></span> 
     </span>
     <span class='ocr_line' id='line_1_8' title="bbox 245 1214 1380 1308; baseline 0.002 -24"><span class='ocrx_word' id='word_1_56' title='bbox 245 1215 282 1284; x_wconf 79' lang='grc' dir='ltr'><strong>δὲ</strong></span> <span class='ocrx_word' id='word_1_57' title='bbox 304 1216 483 1284; x_wconf 75' lang='grc' dir='ltr'><strong><em>ἐθέλονταί</em></strong></span> <span class='ocrx_word' id='word_1_58' title='bbox 506 1237 566 1304; x_wconf 86' lang='grc' dir='ltr'><strong>σφι</strong></span> <span class='ocrx_word' id='word_1_59' title='bbox 595 1217 717 1298; x_wconf 85' lang='grc' dir='ltr'><strong><em>πάντες</em></strong></span> <span class='ocrx_word' id='word_1_60' title='bbox 742 1221 1000 1306; x_wconf 83' lang='grc' dir='ltr'><strong><em>προσεγένοντο,</em></strong></span> <span class='ocrx_word' id='word_1_61' title='bbox 1029 1216 1117 1308; x_wconf 80' lang='grc' dir='ltr'><strong><em>πλὴν</em></strong></span> <span class='ocrx_word' id='word_1_62' title='bbox 1134 1214 1380 1305; x_wconf 74' lang='grc' dir='ltr'><strong><em>Ἀμαθουσίων.</em></strong></span> 
     </span>
     <span class='ocr_line' id='line_1_9' title="bbox 243 1311 1380 1411; baseline 0.002 -23"><span class='ocrx_word' id='word_1_63' title='bbox 243 1316 434 1406; x_wconf 74' lang='grc' dir='ltr'><strong><em>ἀπέστησαν</em></strong></span> <span class='ocrx_word' id='word_1_64' title='bbox 460 1316 524 1406; x_wconf 79' lang='grc' dir='ltr'><strong>γάρ</strong></span> <span class='ocrx_word' id='word_1_65' title='bbox 551 1322 607 1388; x_wconf 80' lang='grc' dir='ltr'><strong>καί</strong></span> <span class='ocrx_word' id='word_1_66' title='bbox 634 1311 726 1391; x_wconf 85' lang='grc' dir='ltr'><strong><em>οὗτοι</em></strong></span> <span class='ocrx_word' id='word_1_67' title='bbox 757 1314 825 1392; x_wconf 80' lang='grc' dir='ltr'><strong>ὧδε</strong></span> <span class='ocrx_word' id='word_1_68' title='bbox 845 1320 912 1394; x_wconf 83' lang='grc' dir='ltr'><strong>άπὸ</strong></span> <span class='ocrx_word' id='word_1_69' title='bbox 930 1322 1075 1410; x_wconf 85' lang='grc' dir='ltr'><strong><em>Μήδων.</em></strong></span> <span class='ocrx_word' id='word_1_70' title='bbox 1115 1313 1178 1392; x_wconf 83' lang='grc' dir='ltr'><strong><em>Ἦν</em></strong></span> <span class='ocrx_word' id='word_1_71' title='bbox 1198 1319 1380 1411; x_wconf 85' lang='grc' dir='ltr'><strong><em>Ὀνήσιλος,</em></strong></span> 
     </span>
     <span class='ocr_line' id='line_1_10' title="bbox 243 1418 1379 1514; baseline 0.004 -23"><span class='ocrx_word' id='word_1_72' title='bbox 243 1418 377 1510; x_wconf 79' lang='grc' dir='ltr'><strong><em>Γόργου</em></strong></span> <span class='ocrx_word' id='word_1_73' title='bbox 387 1421 450 1508; x_wconf 74' lang='grc' dir='ltr'><strong><em>μὲν</em></strong></span> <span class='ocrx_word' id='word_1_74' title='bbox 462 1427 523 1490; x_wconf 82' lang='grc' dir='ltr'><strong><em>τοῦ</em></strong></span> <span class='ocrx_word' id='word_1_75' title='bbox 532 1431 752 1513; x_wconf 81' lang='grc' dir='ltr'><strong><em>Σαλαμινίων</em></strong></span> <span class='ocrx_word' id='word_1_76' title='bbox 760 1424 1085 1514; x_wconf 80' lang='grc' dir='ltr'><strong><em>βασιλέοςάδελφεός</em></strong></span> <span class='ocrx_word' id='word_1_77' title='bbox 1099 1426 1277 1513; x_wconf 78' lang='grc' dir='ltr'><strong><em>νεώτερος,</em></strong></span> <span class='ocrx_word' id='word_1_78' title='bbox 1291 1428 1379 1513; x_wconf 81' lang='grc' dir='ltr'><strong><em>Χίρ-</em></strong></span> 
     </span>
     <span class='ocr_line' id='line_1_11' title="bbox 243 1520 1377 1619; baseline 0.003 -24"><span class='ocrx_word' id='word_1_79' title='bbox 243 1547 313 1606; x_wconf 91' lang='grc' dir='ltr'><strong><em>σιος</em></strong></span> <span class='ocrx_word' id='word_1_80' title='bbox 328 1525 365 1595; x_wconf 75' lang='grc' dir='ltr'><strong>δέ</strong></span> <span class='ocrx_word' id='word_1_81' title='bbox 378 1529 439 1594; x_wconf 81' lang='grc' dir='ltr'><strong><em>τοῦ</em></strong></span> <span class='ocrx_word' id='word_1_82' title='bbox 453 1525 613 1613; x_wconf 75' lang='grc' dir='ltr'><strong><em>Σιρώμου</em></strong></span> <span class='ocrx_word' id='word_1_83' title='bbox 628 1532 687 1596; x_wconf 84' lang='grc' dir='ltr'><strong><em>τοῦ</em></strong></span> <span class='ocrx_word' id='word_1_84' title='bbox 701 1525 913 1610; x_wconf 81' lang='grc' dir='ltr'><strong><em>Εὐέλθοντος</em></strong></span> <span class='ocrx_word' id='word_1_85' title='bbox 927 1546 1014 1610; x_wconf 81' lang='grc' dir='ltr'><strong><em>παῖς.</em></strong></span> <span class='ocrx_word' id='word_1_86' title='bbox 1039 1520 1134 1609; x_wconf 83' lang='grc' dir='ltr'><strong><em>οὗτος</em></strong></span> <span class='ocrx_word' id='word_1_87' title='bbox 1149 1525 1239 1619; x_wconf 78' lang='grc' dir='ltr'><strong><em>οἱνὴρ</em></strong></span> <span class='ocrx_word' id='word_1_88' title='bbox 1255 1531 1377 1599; x_wconf 88' lang='grc' dir='ltr'><strong><em>πολλά-</em></strong></span> 
     </span>
    </p>
   </div>
   <div class='ocr_carea' id='block_1_3' title="bbox 238 1691 1377 2680">
    <p class='ocr_par' dir='ltr' id='par_1_3' title="bbox 241 1691 1377 2187">
     <span class='ocr_line' id='line_1_12' title="bbox 279 1691 1377 1770; baseline 0.004 -20"><span class='ocrx_word' id='word_1_89' title='bbox 279 1691 470 1758; x_wconf 78' lang='grc' dir='ltr'><strong><em>έκπλοόσαντές</em></strong></span> <span class='ocrx_word' id='word_1_90' title='bbox 488 1715 517 1749; x_wconf 83' lang='grc' dir='ltr'><strong><em>τε</em></strong></span> <span class='ocrx_word' id='word_1_91' title='bbox 531 1693 584 1760; x_wconf 76' lang='grc' dir='ltr'><strong>ἔξω</strong></span> <span class='ocrx_word' id='word_1_92' title='bbox 603 1693 653 1751; x_wconf 85' lang='grc' dir='ltr'><strong>τόν</strong></span> <span class='ocrx_word' id='word_1_93' title='bbox 671 1693 786 1768; x_wconf 84' lang='grc' dir='ltr'><strong><em>Ἑλλήσ-</em></strong></span> <span class='ocrx_word' id='word_1_94' title='bbox 871 1701 923 1752; x_wconf 78' lang='grc' dir='ltr'><strong><em>τοῦ</em></strong></span> <span class='ocrx_word' id='word_1_95' title='bbox 944 1702 1128 1768; x_wconf 81' lang='grc' dir='ltr'><strong><em>Σαλαμινίων</em></strong></span> <span class='ocrx_word' id='word_1_96' title='bbox 1146 1698 1291 1770; x_wconf 81' lang='grc' dir='ltr'><strong><em>βασιλέως]</em></strong></span> <span class='ocrx_word' id='word_1_97' title='bbox 1331 1703 1377 1754; x_wconf 89' lang='lat' dir='ltr'><strong>Ita</strong></span> 
     </span>
     <span class='ocr_line' id='line_1_13' title="bbox 242 1770 1377 1840; baseline 0.003 -20"><span class='ocrx_word' id='word_1_98' title='bbox 242 1770 361 1836; x_wconf 82' lang='grc' dir='ltr'><strong><em>πόντον]</em></strong></span> <span class='ocrx_word' id='word_1_99' title='bbox 393 1772 436 1821; x_wconf 88' lang='lat' dir='ltr'><strong>Tu</strong></span> <span class='ocrx_word' id='word_1_100' title='bbox 457 1772 529 1821; x_wconf 82' lang='lat' dir='ltr'><strong>eous.</strong></span> <span class='ocrx_word' id='word_1_101' title='bbox 552 1771 610 1834; x_wconf 90' lang='grc' dir='ltr'>ΙΙΙ,</span> <span class='ocrx_word' id='word_1_102' title='bbox 633 1772 664 1823; x_wconf 91' lang='grc'><strong>16</strong></span> <span class='ocrx_word' id='word_1_103' title='bbox 691 1774 785 1838; x_wconf 81' lang='lat' dir='ltr'>ibique</span> <span class='ocrx_word' id='word_1_104' title='bbox 837 1774 899 1824; x_wconf 92' lang='lat' dir='ltr'><strong>dedi</strong></span> <span class='ocrx_word' id='word_1_105' title='bbox 910 1788 959 1839; x_wconf 90' lang='lat' dir='ltr'><strong>pro</strong></span> <span class='ocrx_word' id='word_1_106' title='bbox 972 1770 1114 1840; x_wconf 80' lang='grc' dir='ltr'><strong><em>βασιλῆος.</em></strong></span> <span class='ocrx_word' id='word_1_107' title='bbox 1141 1775 1250 1824; x_wconf 79' lang='lat' dir='ltr'><strong>Salamis</strong></span> <span class='ocrx_word' id='word_1_108' title='bbox 1262 1774 1335 1838; x_wconf 88' lang='lat' dir='ltr'><strong>urbs,</strong></span> <span class='ocrx_word' id='word_1_109' title='bbox 1347 1776 1377 1823; x_wconf 92' lang='lat' dir='ltr'><strong>in</strong></span> 
     </span>
     <span class='ocr_line' id='line_1_14' title="bbox 242 1842 1376 1908; baseline 0.003 -17"><span class='ocrx_word' id='word_1_110' title='bbox 242 1848 311 1892; x_wconf 88' lang='lat' dir='ltr'><strong>nott.</strong></span> <span class='ocrx_word' id='word_1_111' title='bbox 351 1842 547 1894; x_wconf 82' lang='lat' dir='ltr'><strong>Aeeurativum</strong></span> <span class='ocrx_word' id='word_1_112' title='bbox 570 1844 665 1908; x_wconf 88' lang='lat' dir='ltr'><strong>posuit</strong></span> <span class='ocrx_word' id='word_1_113' title='bbox 683 1844 784 1894; x_wconf 80' lang='lat' dir='ltr'>Noster</span> <span class='ocrx_word' id='word_1_114' title='bbox 835 1844 925 1894; x_wconf 87' lang='lat' dir='ltr'><strong>media</strong></span> <span class='ocrx_word' id='word_1_115' title='bbox 950 1858 998 1893; x_wconf 86' lang='lat' dir='ltr'><strong>ora</strong></span> <span class='ocrx_word' id='word_1_116' title='bbox 1024 1843 1130 1894; x_wconf 83' lang='lat' dir='ltr'><strong>insulae</strong></span> <span class='ocrx_word' id='word_1_117' title='bbox 1152 1843 1281 1894; x_wconf 78' lang='lat' dir='ltr'><strong>orientali</strong></span> <span class='ocrx_word' id='word_1_118' title='bbox 1311 1846 1376 1906; x_wconf 84' lang='lat' dir='ltr'><strong>sita,</strong></span> 
     </span>
     <span class='ocr_line' id='line_1_15' title="bbox 242 1909 1376 1980; baseline 0.003 -20"><span class='ocrx_word' id='word_1_119' title='bbox 242 1912 313 1963; x_wconf 86' lang='lat' dir='ltr'><strong>haud</strong></span> <span class='ocrx_word' id='word_1_120' title='bbox 327 1910 407 1962; x_wconf 86' lang='lat' dir='ltr'><strong>aliter</strong></span> <span class='ocrx_word' id='word_1_121' title='bbox 419 1917 502 1977; x_wconf 84' lang='lat' dir='ltr'><strong>utque</strong></span> <span class='ocrx_word' id='word_1_122' title='bbox 514 1915 555 1975; x_wconf 81' lang='lat' dir='ltr'><strong>V,</strong></span> <span class='ocrx_word' id='word_1_123' title='bbox 570 1913 634 1963; x_wconf 75' lang='lat'>104:</span> <span class='ocrx_word' id='word_1_124' title='bbox 655 1909 785 1975; x_wconf 81' lang='grc' dir='ltr'><strong><em>φυλάξας</em></strong></span> <span class='ocrx_word' id='word_1_125' title='bbox 836 1914 955 1965; x_wconf 88' lang='lat' dir='ltr'><strong>omnium</strong></span> <span class='ocrx_word' id='word_1_126' title='bbox 973 1914 1001 1963; x_wconf 91' lang='lat' dir='ltr'><strong>in</strong></span> <span class='ocrx_word' id='word_1_127' title='bbox 1020 1913 1111 1980; x_wconf 87' lang='lat' dir='ltr'><strong>Cypro</strong></span> <span class='ocrx_word' id='word_1_128' title='bbox 1134 1914 1241 1964; x_wconf 87' lang='lat' dir='ltr'><strong>urbium</strong></span> <span class='ocrx_word' id='word_1_129' title='bbox 1258 1915 1376 1963; x_wconf 84' lang='lat' dir='ltr'><strong>maxima</strong></span> 
     </span>
     <span class='ocr_line' id='line_1_16' title="bbox 241 1972 1375 2049; baseline 0.005 -21"><span class='ocrx_word' id='word_1_130' title='bbox 241 1973 396 2041; x_wconf 71' lang='grc' dir='ltr'><strong><em>ἐξελθόντα</em></strong></span> <span class='ocrx_word' id='word_1_131' title='bbox 413 1974 445 2029; x_wconf 86' lang='grc' dir='ltr'><strong><em>τό</em></strong></span> <span class='ocrx_word' id='word_1_132' title='bbox 466 1972 551 2045; x_wconf 79' lang='grc' dir='ltr'><strong><em>ἄστυ,</em></strong></span> <span class='ocrx_word' id='word_1_133' title='bbox 571 1982 633 2033; x_wconf 84' lang='lat' dir='ltr'><strong>coli.</strong></span> <span class='ocrx_word' id='word_1_134' title='bbox 654 1983 724 2046; x_wconf 81' lang='lat' dir='ltr'>Vll,</span> <span class='ocrx_word' id='word_1_135' title='bbox 738 1984 781 2033; x_wconf 86' lang='grc'><strong>58.</strong></span> <span class='ocrx_word' id='word_1_136' title='bbox 835 1990 863 2034; x_wconf 91' lang='lat' dir='ltr'><strong>et</strong></span> <span class='ocrx_word' id='word_1_137' title='bbox 877 1982 1046 2049; x_wconf 85' lang='lat' dir='ltr'><strong>amplissima</strong></span> <span class='ocrx_word' id='word_1_138' title='bbox 1064 1987 1220 2049; x_wconf 88' lang='lat' dir='ltr'><strong>optimoque</strong></span> <span class='ocrx_word' id='word_1_139' title='bbox 1240 1984 1375 2034; x_wconf 82' lang='lat' dir='ltr'><strong>instructa</strong></span> 
     </span>
     <span class='ocr_line' id='line_1_17' title="bbox 241 2051 1375 2119; baseline 0.003 -19"><span class='ocrx_word' id='word_1_140' title='bbox 241 2053 310 2102; x_wconf 68' lang='lat' dir='ltr'><strong>auct</strong></span> <span class='ocrx_word' id='word_1_141' title='bbox 317 2067 387 2117; x_wconf 87' lang='lat' dir='ltr'><strong>quae</strong></span> <span class='ocrx_word' id='word_1_142' title='bbox 396 2051 452 2102; x_wconf 80' lang='lat' dir='ltr'><strong>alia</strong></span> <span class='ocrx_word' id='word_1_143' title='bbox 462 2054 594 2103; x_wconf 83' lang='lat' dir='ltr'><strong>excitavit</strong></span> <span class='ocrx_word' id='word_1_144' title='bbox 604 2053 705 2103; x_wconf 88' lang='lat' dir='ltr'><strong>similia</strong></span> <span class='ocrx_word' id='word_1_145' title='bbox 711 2055 784 2104; x_wconf 88' lang='lat' dir='ltr'><strong>Mat·</strong></span> <span class='ocrx_word' id='word_1_146' title='bbox 833 2059 924 2119; x_wconf 87' lang='lat' dir='ltr'><strong>portu.</strong></span> <span class='ocrx_word' id='word_1_147' title='bbox 952 2053 1128 2103; x_wconf 86' lang='lat' dir='ltr'>Occidentem</span> <span class='ocrx_word' id='word_1_148' title='bbox 1137 2069 1232 2103; x_wconf 87' lang='lat' dir='ltr'><strong>versus</strong></span> <span class='ocrx_word' id='word_1_149' title='bbox 1242 2069 1327 2118; x_wconf 89' lang='lat' dir='ltr'><strong>usque</strong></span> <span class='ocrx_word' id='word_1_150' title='bbox 1338 2055 1375 2103; x_wconf 85' lang='lat' dir='ltr'><strong>ad</strong></span> 
     </span>
     <span class='ocr_line' id='line_1_18' title="bbox 241 2121 1375 2187; baseline 0.003 -17"><span class='ocrx_word' id='word_1_151' title='bbox 241 2122 316 2172; x_wconf 89' lang='lat' dir='ltr'><strong>thiae</strong></span> <span class='ocrx_word' id='word_1_152' title='bbox 329 2122 374 2170; x_wconf 89' lang='lat' dir='ltr'><strong>Gr.</strong></span> <span class='ocrx_word' id='word_1_153' title='bbox 389 2121 435 2176; x_wconf 88' lang='lat' dir='ltr'><strong>Gr.</strong></span> <span class='ocrx_word' id='word_1_154' title='bbox 453 2125 477 2184; x_wconf 66' lang='lat'><strong>5.</strong></span> <span class='ocrx_word' id='word_1_155' title='bbox 494 2121 555 2174; x_wconf 78' lang='lat'><strong>379.</strong></span> <span class='ocrx_word' id='word_1_156' title='bbox 570 2126 628 2172; x_wconf 89' lang='lat' dir='ltr'><strong>not.</strong></span> <span class='ocrx_word' id='word_1_157' title='bbox 642 2125 664 2173; x_wconf 93' lang='lat' dir='ltr'><strong>l.</strong></span> <span class='ocrx_word' id='word_1_158' title='bbox 834 2124 950 2174; x_wconf 88' lang='lat' dir='ltr'><strong>mediam</strong></span> <span class='ocrx_word' id='word_1_159' title='bbox 967 2122 1025 2173; x_wconf 85' lang='lat' dir='ltr'><strong>fere</strong></span> <span class='ocrx_word' id='word_1_160' title='bbox 1050 2123 1166 2173; x_wconf 80' lang='lat' dir='ltr'><strong>insulam</strong></span> <span class='ocrx_word' id='word_1_161' title='bbox 1188 2138 1287 2187; x_wconf 81' lang='lat' dir='ltr'><strong>magna</strong></span> <span class='ocrx_word' id='word_1_162' title='bbox 1310 2123 1375 2173; x_wconf 88' lang='lat' dir='ltr'><strong>hine</strong></span> 
     </span>
    </p>

    <p class='ocr_par' dir='ltr' id='par_1_4' title="bbox 238 2183 1374 2680">
     <span class='ocr_line' id='line_1_19' title="bbox 276 2183 1374 2259; baseline 0.003 -19"><span class='ocrx_word' id='word_1_163' title='bbox 276 2183 544 2255; x_wconf 79' lang='grc' dir='ltr'><strong><em>προσεκτήσαντο-</em></strong></span> <span class='ocrx_word' id='word_1_164' title='bbox 553 2184 639 2257; x_wconf 79' lang='grc' dir='ltr'><strong><em>εἶναι]</em></strong></span> <span class='ocrx_word' id='word_1_165' title='bbox 656 2193 699 2243; x_wconf 81' lang='lat' dir='ltr'><strong>Ad</strong></span> <span class='ocrx_word' id='word_1_166' title='bbox 710 2197 782 2244; x_wconf 88' lang='lat' dir='ltr'><strong>strn—</strong></span> <span class='ocrx_word' id='word_1_167' title='bbox 833 2195 981 2259; x_wconf 79' lang='lat' dir='ltr'><strong>porrigitur</strong></span> <span class='ocrx_word' id='word_1_168' title='bbox 993 2192 1123 2257; x_wconf 76' lang='lat' dir='ltr'><strong>planities</strong></span> <span class='ocrx_word' id='word_1_169' title='bbox 1133 2207 1219 2258; x_wconf 87' lang='lat' dir='ltr'><strong>eaque</strong></span> <span class='ocrx_word' id='word_1_170' title='bbox 1237 2193 1374 2243; x_wconf 81' lang='lat' dir='ltr'><strong>teracissi-</strong></span> 
     </span>
     <span class='ocr_line' id='line_1_20' title="bbox 239 2260 1374 2330; baseline -0.001 -17"><span class='ocrx_word' id='word_1_171' title='bbox 239 2267 345 2313; x_wconf 85' lang='lat' dir='ltr'><strong>etnram</strong></span> <span class='ocrx_word' id='word_1_172' title='bbox 356 2260 391 2310; x_wconf 84' lang='lat' dir='ltr'><strong>oi.</strong></span> <span class='ocrx_word' id='word_1_173' title='bbox 403 2266 472 2311; x_wconf 84' lang='lat' dir='ltr'><strong>nott.</strong></span> <span class='ocrx_word' id='word_1_174' title='bbox 485 2262 520 2312; x_wconf 86' lang='lat' dir='ltr'><strong>sd</strong></span> <span class='ocrx_word' id='word_1_175' title='bbox 531 2264 566 2321; x_wconf 81' lang='lat' dir='ltr'><strong>V,</strong></span> <span class='ocrx_word' id='word_1_176' title='bbox 579 2264 622 2312; x_wconf 85' lang='grc'><strong>25.</strong></span> <span class='ocrx_word' id='word_1_177' title='bbox 640 2263 708 2313; x_wconf 82' lang='lat' dir='ltr'><strong>Add.</strong></span> <span class='ocrx_word' id='word_1_178' title='bbox 718 2264 781 2327; x_wconf 85' lang='lat' dir='ltr'>VII,</span> <span class='ocrx_word' id='word_1_179' title='bbox 834 2280 886 2329; x_wconf 80' lang='lat' dir='ltr'><strong>ma,</strong></span> <span class='ocrx_word' id='word_1_180' title='bbox 901 2279 954 2330; x_wconf 87' lang='lat' dir='ltr'><strong>qua</strong></span> <span class='ocrx_word' id='word_1_181' title='bbox 967 2263 1049 2328; x_wconf 87' lang='lat' dir='ltr'><strong>potiti</strong></span> <span class='ocrx_word' id='word_1_182' title='bbox 1063 2262 1209 2313; x_wconf 81' lang='lat' dir='ltr'><strong>Salaminis</strong></span> <span class='ocrx_word' id='word_1_183' title='bbox 1224 2278 1301 2328; x_wconf 80' lang='lat' dir='ltr'><strong>reges</strong></span> <span class='ocrx_word' id='word_1_184' title='bbox 1313 2278 1374 2313; x_wconf 72' lang='lat' dir='ltr'><strong>erm</strong></span> 
     </span>
     <span class='ocr_line' id='line_1_21' title="bbox 239 2321 1374 2399; baseline 0.003 -19"><span class='ocrx_word' id='word_1_185' title='bbox 239 2334 271 2383; x_wconf 84' lang='lat'><strong>51</strong></span> <span class='ocrx_word' id='word_1_186' title='bbox 294 2328 388 2393; x_wconf 79' lang='grc' dir='ltr'><strong><em>Κῦρος</em></strong></span> <span class='ocrx_word' id='word_1_187' title='bbox 403 2321 562 2395; x_wconf 88' lang='grc' dir='ltr'><strong><em>-Ἰωνίην</em></strong></span> <span class='ocrx_word' id='word_1_188' title='bbox 579 2327 720 2381; x_wconf 77' lang='grc' dir='ltr'><strong><em>πᾶσαν-</em></strong></span> <span class='ocrx_word' id='word_1_189' title='bbox 735 2348 784 2381; x_wconf 76' lang='grc' dir='ltr'><strong>κα.</strong></span> <span class='ocrx_word' id='word_1_190' title='bbox 834 2335 861 2384; x_wconf 86' lang='lat' dir='ltr'><strong>in</strong></span> <span class='ocrx_word' id='word_1_191' title='bbox 884 2335 1015 2399; x_wconf 81' lang='lat' dir='ltr'><strong>reliquam</strong></span> <span class='ocrx_word' id='word_1_192' title='bbox 1042 2332 1099 2383; x_wconf 87' lang='lat' dir='ltr'><strong>iere</strong></span> <span class='ocrx_word' id='word_1_193' title='bbox 1125 2334 1243 2384; x_wconf 86' lang='lat' dir='ltr'><strong>insulam</strong></span> <span class='ocrx_word' id='word_1_194' title='bbox 1265 2348 1374 2385; x_wconf 84' lang='lat' dir='ltr'><strong>exerce-</strong></span> 
     </span>
     <span class='ocr_line' id='line_1_22' title="bbox 239 2395 1374 2466; baseline 0.003 -17"><span class='ocrx_word' id='word_1_195' title='bbox 239 2398 410 2463; x_wconf 79' lang='grc' dir='ltr'><strong><em>τεστρέφατο</em></strong></span> <span class='ocrx_word' id='word_1_196' title='bbox 445 2395 633 2465; x_wconf 84' lang='grc' dir='ltr'><strong><em>δασμοφόρον</em></strong></span> <span class='ocrx_word' id='word_1_197' title='bbox 665 2395 704 2451; x_wconf 82' lang='grc' dir='ltr'><strong>εἷ</strong></span> <span class='ocrx_word' id='word_1_198' title='bbox 712 2418 782 2451; x_wconf 91' lang='grc' dir='ltr'><strong><em>ναι</em></strong></span> <span class='ocrx_word' id='word_1_199' title='bbox 833 2403 1374 2466; x_wconf 82' lang='lat' dir='ltr'><strong>hautvim‚uteiusresaSalarniniornm</strong></span> 
     </span>
     <span class='ocr_line' id='line_1_23' title="bbox 241 2467 1372 2538; baseline 0.005 -20"><span class='ocrx_word' id='word_1_200' title='bbox 241 2467 373 2535; x_wconf 80' lang='grc' dir='ltr'><strong><em>Πέρσησι.</em></strong></span> <span class='ocrx_word' id='word_1_201' title='bbox 403 2471 444 2520; x_wconf 82' lang='lat' dir='ltr'><strong>Ad</strong></span> <span class='ocrx_word' id='word_1_202' title='bbox 456 2475 622 2521; x_wconf 84' lang='lat' dir='ltr'><strong>structuram</strong></span> <span class='ocrx_word' id='word_1_203' title='bbox 636 2474 779 2523; x_wconf 86' lang='lat' dir='ltr'><strong>verborum</strong></span> <span class='ocrx_word' id='word_1_204' title='bbox 830 2475 912 2524; x_wconf 87' lang='lat' dir='ltr'><strong>rebus</strong></span> <span class='ocrx_word' id='word_1_205' title='bbox 937 2472 1094 2538; x_wconf 88' lang='lat' dir='ltr'><strong>pierumque</strong></span> <span class='ocrx_word' id='word_1_206' title='bbox 1118 2473 1276 2537; x_wconf 73' lang='lat' dir='ltr'><strong>penderent.</strong></span> <span class='ocrx_word' id='word_1_207' title='bbox 1315 2473 1372 2524; x_wconf 85' lang='lat' dir='ltr'><strong>Nee</strong></span> 
     </span>
     <span class='ocr_line' id='line_1_24' title="bbox 239 2534 1373 2609; baseline 0.001 -17"><span class='ocrx_word' id='word_1_208' title='bbox 239 2556 315 2607; x_wconf 88' lang='lat' dir='ltr'><strong>seqq.</strong></span> <span class='ocrx_word' id='word_1_209' title='bbox 328 2535 376 2589; x_wconf 77' lang='lat' dir='ltr'><strong>sut</strong></span> <span class='ocrx_word' id='word_1_210' title='bbox 393 2534 446 2604; x_wconf 78' lang='grc' dir='ltr'><strong>γάρ</strong></span> <span class='ocrx_word' id='word_1_211' title='bbox 464 2534 517 2605; x_wconf 74' lang='grc' dir='ltr'><strong>τὴν</strong></span> <span class='ocrx_word' id='word_1_212' title='bbox 533 2537 650 2591; x_wconf 74' lang='grc' dir='ltr'><strong><em>Καῦνον</em></strong></span> <span class='ocrx_word' id='word_1_213' title='bbox 664 2556 691 2593; x_wconf 82' lang='grc' dir='ltr'><strong>κ.</strong></span> <span class='ocrx_word' id='word_1_214' title='bbox 709 2557 733 2594; x_wconf 88' lang='grc' dir='ltr'><strong><em>τ.</em></strong></span> <span class='ocrx_word' id='word_1_215' title='bbox 753 2542 776 2593; x_wconf 93' lang='grc' dir='ltr'><strong>λ.</strong></span> <span class='ocrx_word' id='word_1_216' title='bbox 830 2545 926 2595; x_wconf 88' lang='lat' dir='ltr'><strong>mirum</strong></span> <span class='ocrx_word' id='word_1_217' title='bbox 936 2545 1027 2609; x_wconf 84' lang='lat' dir='ltr'><strong>igitur,</strong></span> <span class='ocrx_word' id='word_1_218' title='bbox 1036 2543 1247 2595; x_wconf 82' lang='lat' dir='ltr'><strong>Salaminiorum</strong></span> <span class='ocrx_word' id='word_1_219' title='bbox 1260 2543 1373 2593; x_wconf 78' lang='lat' dir='ltr'><strong>deiecti·</strong></span> 
     </span>
     <span class='ocr_line' id='line_1_25' title="bbox 238 2609 1372 2680; baseline 0.002 -19"><span class='ocrx_word' id='word_1_220' title='bbox 238 2609 535 2675; x_wconf 79' lang='lat' dir='ltr'><strong>ef.n0tt.ad11‚106.</strong></span> <span class='ocrx_word' id='word_1_221' title='bbox 556 2613 599 2662; x_wconf 89' lang='lat' dir='ltr'><strong>De</strong></span> <span class='ocrx_word' id='word_1_222' title='bbox 614 2613 714 2675; x_wconf 77' lang='lat' dir='ltr'><strong>Cauno,</strong></span> <span class='ocrx_word' id='word_1_223' title='bbox 727 2613 779 2664; x_wconf 84' lang='lat' dir='ltr'><strong>Ca·</strong></span> <span class='ocrx_word' id='word_1_224' title='bbox 830 2630 908 2665; x_wconf 92' lang='lat' dir='ltr'><strong>onem</strong></span> <span class='ocrx_word' id='word_1_225' title='bbox 929 2631 991 2665; x_wconf 85' lang='lat' dir='ltr'><strong>mox</strong></span> <span class='ocrx_word' id='word_1_226' title='bbox 1012 2615 1094 2664; x_wconf 87' lang='lat' dir='ltr'><strong>etiarn</strong></span> <span class='ocrx_word' id='word_1_227' title='bbox 1116 2614 1236 2680; x_wconf 84' lang='lat' dir='ltr'><strong>reliquos</strong></span> <span class='ocrx_word' id='word_1_228' title='bbox 1257 2614 1372 2677; x_wconf 88' lang='lat' dir='ltr'><strong>Cyprios</strong></span> 
     </span>
    </p>
   </div>
   <div class='ocr_carea' id='block_1_4' title="bbox 235 2680 780 3360">
    <p class='ocr_par' dir='ltr' id='par_1_5' title="bbox 235 2680 780 3360">
     <span class='ocr_line' id='line_1_26' title="bbox 239 2680 778 2746; baseline 0.006 -16"><span class='ocrx_word' id='word_1_229' title='bbox 239 2683 295 2731; x_wconf 87' lang='lat' dir='ltr'><strong>riae</strong></span> <span class='ocrx_word' id='word_1_230' title='bbox 307 2680 382 2743; x_wconf 85' lang='lat' dir='ltr'><strong>urbe,</strong></span> <span class='ocrx_word' id='word_1_231' title='bbox 398 2681 435 2730; x_wconf 86' lang='lat' dir='ltr'><strong>ei.</strong></span> <span class='ocrx_word' id='word_1_232' title='bbox 446 2682 548 2733; x_wconf 80' lang='lat' dir='ltr'><strong>Herod.</strong></span> <span class='ocrx_word' id='word_1_233' title='bbox 562 2683 584 2742; x_wconf 94' lang='lat'><strong>1,</strong></span> <span class='ocrx_word' id='word_1_234' title='bbox 600 2684 657 2734; x_wconf 76' lang='lat'><strong>172.</strong></span> <span class='ocrx_word' id='word_1_235' title='bbox 671 2682 743 2733; x_wconf 86' lang='lat' dir='ltr'><strong>Mela</strong></span> <span class='ocrx_word' id='word_1_236' title='bbox 754 2684 778 2746; x_wconf 89' lang='grc' dir='ltr'><strong>Ι,</strong></span> 
     </span>
     <span class='ocr_line' id='line_1_27' title="bbox 244 2751 780 2815; baseline 0.006 -15"><span class='ocrx_word' id='word_1_237' title='bbox 244 2751 282 2802; x_wconf 91' lang='grc'><strong>16.</strong></span> <span class='ocrx_word' id='word_1_238' title='bbox 299 2755 324 2813; x_wconf 66' lang='grc' dir='ltr'><strong>ξ.</strong></span> <span class='ocrx_word' id='word_1_239' title='bbox 343 2752 366 2811; x_wconf 90' lang='grc' dir='ltr'><strong>Ι,</strong></span> <span class='ocrx_word' id='word_1_240' title='bbox 380 2751 414 2799; x_wconf 88' lang='lat' dir='ltr'><strong>ad</strong></span> <span class='ocrx_word' id='word_1_241' title='bbox 429 2767 508 2815; x_wconf 87' lang='lat' dir='ltr'><strong>quem</strong></span> <span class='ocrx_word' id='word_1_242' title='bbox 520 2751 608 2803; x_wconf 81' lang='lat' dir='ltr'><strong>iduum</strong></span> <span class='ocrx_word' id='word_1_243' title='bbox 622 2752 678 2806; x_wconf 84' lang='lat' dir='ltr'><strong>vid.</strong></span> <span class='ocrx_word' id='word_1_244' title='bbox 694 2768 780 2803; x_wconf 86' lang='lat' dir='ltr'><strong>anno·</strong></span> 
     </span>
     <span class='ocr_line' id='line_1_28' title="bbox 239 2821 778 2873; baseline 0.004 -2"><span class='ocrx_word' id='word_1_245' title='bbox 239 2821 371 2871; x_wconf 88' lang='lat' dir='ltr'><strong>tationem</strong></span> <span class='ocrx_word' id='word_1_246' title='bbox 389 2821 544 2871; x_wconf 82' lang='lat' dir='ltr'><strong>Tzsohuolr.</strong></span> <span class='ocrx_word' id='word_1_247' title='bbox 564 2823 591 2871; x_wconf 91' lang='lat' dir='ltr'><strong>in</strong></span> <span class='ocrx_word' id='word_1_248' title='bbox 612 2824 689 2872; x_wconf 89' lang='lat' dir='ltr'><strong>Nott.</strong></span> <span class='ocrx_word' id='word_1_249' title='bbox 716 2839 778 2873; x_wconf 81' lang='lat' dir='ltr'><strong>exe-</strong></span> 
     </span>
     <span class='ocr_line' id='line_1_29' title="bbox 238 2889 776 2956; baseline 0.006 -15"><span class='ocrx_word' id='word_1_250' title='bbox 238 2895 306 2956; x_wconf 79' lang='lat' dir='ltr'><strong>gett.</strong></span> <span class='ocrx_word' id='word_1_251' title='bbox 321 2889 382 2940; x_wconf 89' lang='lat' dir='ltr'><strong>Voi.</strong></span> <span class='ocrx_word' id='word_1_252' title='bbox 395 2889 486 2941; x_wconf 85' lang='lat' dir='ltr'><strong>111.P.</strong></span> <span class='ocrx_word' id='word_1_253' title='bbox 501 2892 523 2944; x_wconf 92' lang='lat'><strong>1.</strong></span> <span class='ocrx_word' id='word_1_254' title='bbox 537 2907 598 2956; x_wconf 83' lang='lat' dir='ltr'><strong>pag.</strong></span> <span class='ocrx_word' id='word_1_255' title='bbox 613 2892 660 2941; x_wconf 84' lang='grc'><strong>161</strong></span> <span class='ocrx_word' id='word_1_256' title='bbox 677 2898 704 2943; x_wconf 87' lang='lat' dir='ltr'><strong>et</strong></span> <span class='ocrx_word' id='word_1_257' title='bbox 716 2896 776 2955; x_wconf 83' lang='grc'>462,</span> 
     </span>
     <span class='ocr_line' id='line_1_30' title="bbox 238 2961 776 3027; baseline 0.004 -17"><span class='ocrx_word' id='word_1_258' title='bbox 238 2961 284 3027; x_wconf 89' lang='lat' dir='ltr'><strong>qui</strong></span> <span class='ocrx_word' id='word_1_259' title='bbox 297 2961 417 3026; x_wconf 82' lang='lat' dir='ltr'><strong>reliquos</strong></span> <span class='ocrx_word' id='word_1_260' title='bbox 431 2967 553 3011; x_wconf 79' lang='lat' dir='ltr'><strong>veterum</strong></span> <span class='ocrx_word' id='word_1_261' title='bbox 567 2962 654 3024; x_wconf 80' lang='lat' dir='ltr'><strong>locos,</strong></span> <span class='ocrx_word' id='word_1_262' title='bbox 666 2963 713 3012; x_wconf 92' lang='lat' dir='ltr'><strong>ubi</strong></span> <span class='ocrx_word' id='word_1_263' title='bbox 729 2963 776 3012; x_wconf 86' lang='lat' dir='ltr'><strong>hn-</strong></span> 
     </span>
     <span class='ocr_line' id='line_1_31' title="bbox 235 3031 777 3097; baseline 0.006 -17"><span class='ocrx_word' id='word_1_264' title='bbox 235 3033 278 3087; x_wconf 81' lang='lat' dir='ltr'><strong>ius</strong></span> <span class='ocrx_word' id='word_1_265' title='bbox 290 3031 364 3080; x_wconf 84' lang='lat' dir='ltr'><strong>urbis</strong></span> <span class='ocrx_word' id='word_1_266' title='bbox 378 3032 479 3080; x_wconf 90' lang='lat' dir='ltr'><strong>meutio</strong></span> <span class='ocrx_word' id='word_1_267' title='bbox 494 3032 537 3091; x_wconf 80' lang='lat' dir='ltr'><strong>fit.</strong></span> <span class='ocrx_word' id='word_1_268' title='bbox 552 3031 647 3081; x_wconf 83' lang='lat' dir='ltr'><strong>attulit</strong></span> <span class='ocrx_word' id='word_1_269' title='bbox 662 3048 777 3097; x_wconf 88' lang='lat' dir='ltr'><strong>eumque</strong></span> 
     </span>
     <span class='ocr_line' id='line_1_32' title="bbox 236 3101 775 3164; baseline 0.006 -15"><span class='ocrx_word' id='word_1_270' title='bbox 236 3101 316 3150; x_wconf 85' lang='lat' dir='ltr'><strong>hodie</strong></span> <span class='ocrx_word' id='word_1_271' title='bbox 326 3102 419 3151; x_wconf 75' lang='lat' dir='ltr'><strong>vocari</strong></span> <span class='ocrx_word' id='word_1_272' title='bbox 428 3102 490 3164; x_wconf 58' lang='lat' dir='ltr'><strong>(typi</strong></span> <span class='ocrx_word' id='word_1_273' title='bbox 502 3103 609 3154; x_wconf 85' lang='lat' dir='ltr'><strong>asserit.</strong></span> <span class='ocrx_word' id='word_1_274' title='bbox 631 3102 699 3151; x_wconf 80' lang='lat' dir='ltr'><strong>Add.</strong></span> <span class='ocrx_word' id='word_1_275' title='bbox 709 3103 775 3152; x_wconf 78' lang='lat' dir='ltr'><strong>For-</strong></span> 
     </span>
     <span class='ocr_line' id='line_1_33' title="bbox 236 3170 775 3237; baseline 0.002 -18"><span class='ocrx_word' id='word_1_276' title='bbox 236 3170 327 3236; x_wconf 85' lang='lat' dir='ltr'><strong>biger:</strong></span> <span class='ocrx_word' id='word_1_277' title='bbox 347 3170 454 3219; x_wconf 85' lang='lat' dir='ltr'><strong>liandb.</strong></span> <span class='ocrx_word' id='word_1_278' title='bbox 468 3171 495 3221; x_wconf 90' lang='lat' dir='ltr'><strong>d.</strong></span> <span class='ocrx_word' id='word_1_279' title='bbox 513 3171 560 3220; x_wconf 85' lang='lat' dir='ltr'><strong>uit.</strong></span> <span class='ocrx_word' id='word_1_280' title='bbox 578 3172 677 3235; x_wconf 82' lang='lat' dir='ltr'><strong>Geogr.</strong></span> <span class='ocrx_word' id='word_1_281' title='bbox 689 3173 727 3223; x_wconf 89' lang='lat'><strong>11.</strong></span> <span class='ocrx_word' id='word_1_282' title='bbox 748 3189 775 3237; x_wconf 88' lang='lat' dir='ltr'><strong>p.</strong></span> 
     </span>
     <span class='ocr_line' id='line_1_34' title="bbox 236 3239 777 3304; baseline 0.002 -15"><span class='ocrx_word' id='word_1_283' title='bbox 236 3241 296 3299; x_wconf 76' lang='lat'><em>2223,</em></span> <span class='ocrx_word' id='word_1_284' title='bbox 311 3239 358 3304; x_wconf 91' lang='lat' dir='ltr'><strong>qni</strong></span> <span class='ocrx_word' id='word_1_285' title='bbox 370 3254 441 3288; x_wconf 88' lang='lat' dir='ltr'><strong>nnnc</strong></span> <span class='ocrx_word' id='word_1_286' title='bbox 453 3240 542 3289; x_wconf 81' lang='lat' dir='ltr'><strong>vicum</strong></span> <span class='ocrx_word' id='word_1_287' title='bbox 559 3241 673 3303; x_wconf 79' lang='lat' dir='ltr'><strong>Ii&#39;m&#39;paes</strong></span> <span class='ocrx_word' id='word_1_288' title='bbox 688 3241 725 3290; x_wconf 92' lang='lat' dir='ltr'><strong>ibi</strong></span> <span class='ocrx_word' id='word_1_289' title='bbox 736 3242 777 3291; x_wconf 84' lang='lat' dir='ltr'><strong>irr-</strong></span> 
     </span>
     <span class='ocr_line' id='line_1_35' title="bbox 235 3308 444 3360; baseline -0.01 -2"><span class='ocrx_word' id='word_1_290' title='bbox 235 3310 323 3360; x_wconf 81' lang='lat' dir='ltr'><strong>veniri</strong></span> <span class='ocrx_word' id='word_1_291' title='bbox 340 3308 444 3359; x_wconf 83' lang='lat' dir='ltr'><strong>scribit.</strong></span> 
     </span>
    </p>
   </div>
   <div class='ocr_carea' id='block_1_5' title="bbox 425 3478 582 3533">
    <p class='ocr_par' dir='ltr' id='par_1_6' title="bbox 425 3478 582 3533">
     <span class='ocr_line' id='line_1_36' title="bbox 425 3478 582 3533; baseline -0.013 -4"><span class='ocrx_word' id='word_1_292' title='bbox 425 3478 492 3533; x_wconf 77' lang='lat' dir='ltr'><strong>Car.</strong></span> <span class='ocrx_word' id='word_1_293' title='bbox 512 3478 582 3530; x_wconf 81' lang='lat' dir='ltr'><strong>clv.</strong></span> 
     </span>
    </p>
   </div>
   <div class='ocr_carea' id='block_1_6' title="bbox 229 3572 775 4560">
    <p class='ocr_par' dir='ltr' id='par_1_7' title="bbox 229 3572 775 4560">
     <span class='ocr_line' id='line_1_37' title="bbox 269 3572 775 3651; baseline 0.008 -20"><span class='ocrx_word' id='word_1_294' title='bbox 269 3572 344 3646; x_wconf 79' lang='grc' dir='ltr'><strong><em>πλὴν</em></strong></span> <span class='ocrx_word' id='word_1_295' title='bbox 356 3574 561 3648; x_wconf 71' lang='grc' dir='ltr'><strong><em>Ἀμαθουσίων]</em></strong></span> <span class='ocrx_word' id='word_1_296' title='bbox 583 3584 713 3645; x_wconf 78' lang='lat' dir='ltr'><strong>Ammius,</strong></span> <span class='ocrx_word' id='word_1_297' title='bbox 724 3586 775 3651; x_wconf 86' lang='lat' dir='ltr'><strong>Cy-</strong></span> 
     </span>
     <span class='ocr_line' id='line_1_38' title="bbox 233 3653 775 3719; baseline 0.009 -18"><span class='ocrx_word' id='word_1_298' title='bbox 233 3654 274 3718; x_wconf 85' lang='lat' dir='ltr'><strong>pri</strong></span> <span class='ocrx_word' id='word_1_299' title='bbox 295 3653 372 3713; x_wconf 81' lang='lat' dir='ltr'><strong>mbe,</strong></span> <span class='ocrx_word' id='word_1_300' title='bbox 393 3655 462 3703; x_wconf 80' lang='lat' dir='ltr'><strong>setis</strong></span> <span class='ocrx_word' id='word_1_301' title='bbox 483 3653 611 3719; x_wconf 79' lang='lat' dir='ltr'><strong>frequens</strong></span> <span class='ocrx_word' id='word_1_302' title='bbox 630 3654 727 3705; x_wconf 85' lang='lat' dir='ltr'><strong>ineolis</strong></span> <span class='ocrx_word' id='word_1_303' title='bbox 747 3662 775 3706; x_wconf 87' lang='lat' dir='ltr'><strong>et</strong></span> 
     </span>
     <span class='ocr_line' id='line_1_39' title="bbox 233 3723 775 3788; baseline 0.004 -15"><span class='ocrx_word' id='word_1_304' title='bbox 233 3723 348 3774; x_wconf 85' lang='lat' dir='ltr'><strong>Veneris</strong></span> <span class='ocrx_word' id='word_1_305' title='bbox 361 3728 443 3788; x_wconf 87' lang='lat' dir='ltr'><strong>atque</strong></span> <span class='ocrx_word' id='word_1_306' title='bbox 455 3723 588 3775; x_wconf 75' lang='lat' dir='ltr'><strong>Adonidis</strong></span> <span class='ocrx_word' id='word_1_307' title='bbox 602 3726 688 3775; x_wconf 87' lang='lat' dir='ltr'><strong>saeris</strong></span> <span class='ocrx_word' id='word_1_308' title='bbox 709 3726 775 3775; x_wconf 86' lang='lat' dir='ltr'><strong>insi-</strong></span> 
     </span>
     <span class='ocr_line' id='line_1_40' title="bbox 234 3793 772 3858; baseline 0.007 -16"><span class='ocrx_word' id='word_1_309' title='bbox 234 3794 309 3857; x_wconf 73' lang='lat' dir='ltr'><strong>gnis3</strong></span> <span class='ocrx_word' id='word_1_310' title='bbox 329 3793 361 3844; x_wconf 88' lang='lat' dir='ltr'><strong>de</strong></span> <span class='ocrx_word' id='word_1_311' title='bbox 377 3794 475 3858; x_wconf 86' lang='lat' dir='ltr'><strong>quibus</strong></span> <span class='ocrx_word' id='word_1_312' title='bbox 491 3794 580 3844; x_wconf 83' lang='lat' dir='ltr'><strong>Tacit.</strong></span> <span class='ocrx_word' id='word_1_313' title='bbox 595 3795 703 3846; x_wconf 82' lang='lat' dir='ltr'><strong>Annali.</strong></span> <span class='ocrx_word' id='word_1_314' title='bbox 719 3796 772 3858; x_wconf 94' lang='grc' dir='ltr'>ΙΙΙ,</span> 
     </span>
     <span class='ocr_line' id='line_1_41' title="bbox 232 3862 773 3927; baseline 0.009 -15"><span class='ocrx_word' id='word_1_315' title='bbox 232 3864 275 3915; x_wconf 83' lang='grc'><strong>62,</strong></span> <span class='ocrx_word' id='word_1_316' title='bbox 289 3862 358 3914; x_wconf 84' lang='lat' dir='ltr'><strong>Ptin.</strong></span> <span class='ocrx_word' id='word_1_317' title='bbox 374 3864 411 3915; x_wconf 87' lang='lat' dir='ltr'><strong>H.</strong></span> <span class='ocrx_word' id='word_1_318' title='bbox 424 3865 458 3915; x_wconf 89' lang='lat' dir='ltr'><strong>N.</strong></span> <span class='ocrx_word' id='word_1_319' title='bbox 476 3864 507 3927; x_wconf 85' lang='lat' dir='ltr'><strong>V,</strong></span> <span class='ocrx_word' id='word_1_320' title='bbox 521 3864 569 3925; x_wconf 78' lang='lat'><strong>31,</strong></span> <span class='ocrx_word' id='word_1_321' title='bbox 586 3864 642 3914; x_wconf 87' lang='lat' dir='ltr'><strong>alii.</strong></span> <span class='ocrx_word' id='word_1_322' title='bbox 672 3866 773 3917; x_wconf 84' lang='lat' dir='ltr'><strong>Urbem</strong></span> 
     </span>
     <span class='ocr_line' id='line_1_42' title="bbox 232 3933 772 4000; baseline 0.006 -17"><span class='ocrx_word' id='word_1_323' title='bbox 232 3950 264 3983; x_wconf 87' lang='lat' dir='ltr'><strong>eo</strong></span> <span class='ocrx_word' id='word_1_324' title='bbox 283 3933 342 3983; x_wconf 85' lang='lat' dir='ltr'><strong>loeo</strong></span> <span class='ocrx_word' id='word_1_325' title='bbox 361 3936 528 3984; x_wconf 84' lang='lat' dir='ltr'><strong>exstructam</strong></span> <span class='ocrx_word' id='word_1_326' title='bbox 547 3935 634 3985; x_wconf 85' lang='lat' dir='ltr'><strong>fuisse</strong></span> <span class='ocrx_word' id='word_1_327' title='bbox 652 3937 772 4000; x_wconf 89' lang='lat' dir='ltr'><strong>tradunt,</strong></span> 
     </span>
     <span class='ocr_line' id='line_1_43' title="bbox 232 4006 773 4069; baseline 0.006 -16"><span class='ocrx_word' id='word_1_328' title='bbox 232 4020 284 4069; x_wconf 90' lang='lat' dir='ltr'><strong>quo</strong></span> <span class='ocrx_word' id='word_1_329' title='bbox 298 4020 369 4054; x_wconf 86' lang='lat' dir='ltr'><strong>nuno</strong></span> <span class='ocrx_word' id='word_1_330' title='bbox 385 4006 482 4056; x_wconf 88' lang='lat' dir='ltr'><strong>rudera</strong></span> <span class='ocrx_word' id='word_1_331' title='bbox 499 4007 607 4055; x_wconf 89' lang='lat' dir='ltr'><strong>nomine</strong></span> <span class='ocrx_word' id='word_1_332' title='bbox 619 4006 681 4056; x_wconf 77' lang='lat' dir='ltr'><strong>Aa·</strong></span> <span class='ocrx_word' id='word_1_333' title='bbox 691 4008 773 4057; x_wconf 82' lang='lat' dir='ltr'><strong>Lime-</strong></span> 
     </span>
     <span class='ocr_line' id='line_1_44' title="bbox 230 4075 772 4140; baseline 0.007 -17"><span class='ocrx_word' id='word_1_334' title='bbox 230 4079 271 4125; x_wconf 83' lang='lat' dir='ltr'><strong>eol</strong></span> <span class='ocrx_word' id='word_1_335' title='bbox 287 4075 398 4140; x_wconf 82' lang='lat' dir='ltr'><strong>cognita</strong></span> <span class='ocrx_word' id='word_1_336' title='bbox 416 4077 451 4126; x_wconf 84' lang='lat' dir='ltr'><strong>ad</strong></span> <span class='ocrx_word' id='word_1_337' title='bbox 474 4077 606 4126; x_wconf 81' lang='lat' dir='ltr'><strong>orientem</strong></span> <span class='ocrx_word' id='word_1_338' title='bbox 621 4075 675 4126; x_wconf 86' lang='lat' dir='ltr'><strong>ioci</strong></span> <span class='ocrx_word' id='word_1_339' title='bbox 690 4077 772 4128; x_wconf 83' lang='lat' dir='ltr'><strong>Lime-</strong></span> 
     </span>
     <span class='ocr_line' id='line_1_45' title="bbox 230 4144 771 4211; baseline 0.004 -18"><span class='ocrx_word' id='word_1_340' title='bbox 230 4147 281 4199; x_wconf 82' lang='lat' dir='ltr'><strong>soi:</strong></span> <span class='ocrx_word' id='word_1_341' title='bbox 300 4161 462 4210; x_wconf 81' lang='lat' dir='ltr'><strong>quamquam</strong></span> <span class='ocrx_word' id='word_1_342' title='bbox 477 4148 545 4197; x_wconf 90' lang='lat' dir='ltr'><strong>eerti</strong></span> <span class='ocrx_word' id='word_1_343' title='bbox 560 4144 625 4211; x_wconf 85' lang='lat' dir='ltr'><strong>quid</strong></span> <span class='ocrx_word' id='word_1_344' title='bbox 639 4147 771 4197; x_wconf 77' lang='lat' dir='ltr'><strong>affirmari</strong></span> 
     </span>
     <span class='ocr_line' id='line_1_46' title="bbox 231 4215 768 4279; baseline 0.015 -18"><span class='ocrx_word' id='word_1_345' title='bbox 231 4217 335 4279; x_wconf 85' lang='lat' dir='ltr'><strong>nequit.</strong></span> <span class='ocrx_word' id='word_1_346' title='bbox 361 4215 403 4265; x_wconf 80' lang='lat' dir='ltr'><strong>Cf.</strong></span> <span class='ocrx_word' id='word_1_347' title='bbox 420 4218 555 4268; x_wconf 86' lang='lat' dir='ltr'><strong>Mannert.</strong></span> <span class='ocrx_word' id='word_1_348' title='bbox 569 4216 668 4279; x_wconf 70' lang='lat' dir='ltr'><strong>Geoqr.</strong></span> <span class='ocrx_word' id='word_1_349' title='bbox 682 4219 728 4277; x_wconf 80' lang='lat' dir='ltr'><strong>vl,</strong></span> <span class='ocrx_word' id='word_1_350' title='bbox 745 4218 768 4270; x_wconf 93' lang='grc' dir='ltr'><strong>Ι.</strong></span> 
     </span>
     <span class='ocr_line' id='line_1_47' title="bbox 231 4284 769 4350; baseline 0.006 -18"><span class='ocrx_word' id='word_1_351' title='bbox 231 4299 292 4347; x_wconf 81' lang='lat' dir='ltr'><strong>pag.</strong></span> <span class='ocrx_word' id='word_1_352' title='bbox 312 4284 360 4336; x_wconf 83' lang='grc'><strong>581</strong></span> <span class='ocrx_word' id='word_1_353' title='bbox 382 4301 458 4350; x_wconf 83' lang='lat' dir='ltr'><strong>seqq.</strong></span> <span class='ocrx_word' id='word_1_354' title='bbox 476 4292 503 4335; x_wconf 89' lang='lat' dir='ltr'><strong>et</strong></span> <span class='ocrx_word' id='word_1_355' title='bbox 521 4286 576 4335; x_wconf 80' lang='lat' dir='ltr'><strong>vid.</strong></span> <span class='ocrx_word' id='word_1_356' title='bbox 597 4288 769 4350; x_wconf 90' lang='lat' dir='ltr'><strong>potissimum</strong></span> 
     </span>
     <span class='ocr_line' id='line_1_48' title="bbox 229 4353 769 4421; baseline 0.007 -19"><span class='ocrx_word' id='word_1_357' title='bbox 229 4353 331 4415; x_wconf 82' lang='lat' dir='ltr'><strong>Eugei:</strong></span> <span class='ocrx_word' id='word_1_358' title='bbox 351 4354 458 4419; x_wconf 80' lang='lat' dir='ltr'><strong>Kypros</strong></span> <span class='ocrx_word' id='word_1_359' title='bbox 475 4356 497 4404; x_wconf 91' lang='lat'><strong>1.</strong></span> <span class='ocrx_word' id='word_1_360' title='bbox 515 4371 540 4420; x_wconf 89' lang='lat' dir='ltr'><strong>p.</strong></span> <span class='ocrx_word' id='word_1_361' title='bbox 555 4356 603 4404; x_wconf 78' lang='grc'><strong>1011</strong></span> <span class='ocrx_word' id='word_1_362' title='bbox 618 4372 693 4421; x_wconf 85' lang='lat' dir='ltr'><strong>seqq.</strong></span> <span class='ocrx_word' id='word_1_363' title='bbox 713 4373 769 4406; x_wconf 91' lang='lat' dir='ltr'><strong>om·</strong></span> 
     </span>
     <span class='ocr_line' id='line_1_49' title="bbox 230 4422 768 4491; baseline 0.009 -21"><span class='ocrx_word' id='word_1_364' title='bbox 230 4422 285 4481; x_wconf 84' lang='lat' dir='ltr'><strong>nia,</strong></span> <span class='ocrx_word' id='word_1_365' title='bbox 294 4438 363 4487; x_wconf 82' lang='lat' dir='ltr'><strong>quae</strong></span> <span class='ocrx_word' id='word_1_366' title='bbox 373 4424 411 4471; x_wconf 85' lang='lat' dir='ltr'><strong>ad</strong></span> <span class='ocrx_word' id='word_1_367' title='bbox 422 4423 492 4474; x_wconf 86' lang='lat' dir='ltr'><strong>hane</strong></span> <span class='ocrx_word' id='word_1_368' title='bbox 502 4425 594 4475; x_wconf 88' lang='lat' dir='ltr'><strong>urbem</strong></span> <span class='ocrx_word' id='word_1_369' title='bbox 606 4426 719 4491; x_wconf 88' lang='lat' dir='ltr'><strong>eiusque</strong></span> <span class='ocrx_word' id='word_1_370' title='bbox 728 4426 768 4475; x_wconf 92' lang='lat' dir='ltr'><strong>hi-</strong></span> 
     </span>
     <span class='ocr_line' id='line_1_50' title="bbox 229 4493 731 4560; baseline 0.01 -17"><span class='ocrx_word' id='word_1_371' title='bbox 229 4493 342 4543; x_wconf 82' lang='lat' dir='ltr'><strong>storiam</strong></span> <span class='ocrx_word' id='word_1_372' title='bbox 355 4493 501 4559; x_wconf 86' lang='lat' dir='ltr'><strong>pertinent,</strong></span> <span class='ocrx_word' id='word_1_373' title='bbox 517 4500 731 4560; x_wconf 81' lang='lat' dir='ltr'><strong>persequentem.</strong></span> 
     </span>
    </p>
   </div>
   <div class='ocr_carea' id='block_1_7' title="bbox 827 2685 1372 3170">
    <p class='ocr_par' dir='ltr' id='par_1_8' title="bbox 827 2685 1372 3170">
     <span class='ocr_line' id='line_1_51' title="bbox 830 2685 1372 2748; baseline -0.002 -14"><span class='ocrx_word' id='word_1_374' title='bbox 830 2701 889 2735; x_wconf 88' lang='lat' dir='ltr'><strong>esse</strong></span> <span class='ocrx_word' id='word_1_375' title='bbox 908 2690 1025 2735; x_wconf 85' lang='lat' dir='ltr'><strong>secutos.</strong></span> <span class='ocrx_word' id='word_1_376' title='bbox 1054 2686 1156 2734; x_wconf 80' lang='lat' dir='ltr'><strong>Terrae</strong></span> <span class='ocrx_word' id='word_1_377' title='bbox 1174 2690 1249 2735; x_wconf 89' lang='lat' dir='ltr'><strong>motu</strong></span> <span class='ocrx_word' id='word_1_378' title='bbox 1265 2685 1372 2748; x_wconf 82' lang='lat' dir='ltr'><strong>gravis-</strong></span> 
     </span>
     <span class='ocr_line' id='line_1_52' title="bbox 829 2754 1372 2805; baseline -0.004 0"><span class='ocrx_word' id='word_1_379' title='bbox 829 2755 898 2805; x_wconf 89' lang='lat' dir='ltr'><strong>simo</strong></span> <span class='ocrx_word' id='word_1_380' title='bbox 915 2754 1124 2805; x_wconf 71' lang='lat' dir='ltr'><strong>Salaminiorum</strong></span> <span class='ocrx_word' id='word_1_381' title='bbox 1143 2754 1236 2804; x_wconf 87' lang='lat' dir='ltr'><strong>urbem</strong></span> <span class='ocrx_word' id='word_1_382' title='bbox 1254 2754 1372 2804; x_wconf 82' lang='lat' dir='ltr'><strong>murima</strong></span> 
     </span>
     <span class='ocr_line' id='line_1_53' title="bbox 830 2824 1371 2889; baseline 0 -15"><span class='ocrx_word' id='word_1_383' title='bbox 830 2839 863 2874; x_wconf 85' lang='lat' dir='ltr'><strong>ex</strong></span> <span class='ocrx_word' id='word_1_384' title='bbox 876 2829 953 2889; x_wconf 83' lang='lat' dir='ltr'><strong>parte</strong></span> <span class='ocrx_word' id='word_1_385' title='bbox 967 2825 1086 2874; x_wconf 89' lang='lat' dir='ltr'><strong>dirutam</strong></span> <span class='ocrx_word' id='word_1_386' title='bbox 1096 2825 1274 2875; x_wconf 82' lang='lat' dir='ltr'><strong>Constantius</strong></span> <span class='ocrx_word' id='word_1_387' title='bbox 1288 2824 1371 2888; x_wconf 87' lang='lat' dir='ltr'><strong>impe·</strong></span> 
     </span>
     <span class='ocr_line' id='line_1_54' title="bbox 828 2893 1369 2959; baseline -0.002 -16"><span class='ocrx_word' id='word_1_388' title='bbox 828 2901 903 2945; x_wconf 91' lang='lat' dir='ltr'><strong>rator</strong></span> <span class='ocrx_word' id='word_1_389' title='bbox 925 2894 1093 2946; x_wconf 76' lang='lat' dir='ltr'><strong>restauravit</strong></span> <span class='ocrx_word' id='word_1_390' title='bbox 1114 2893 1231 2959; x_wconf 91' lang='lat' dir='ltr'><strong>indeque</strong></span> <span class='ocrx_word' id='word_1_391' title='bbox 1246 2894 1369 2946; x_wconf 73' lang='lat' dir='ltr'><strong>Gourian-</strong></span> 
     </span>
     <span class='ocr_line' id='line_1_55' title="bbox 828 2962 1370 3028; baseline 0.002 -16"><span class='ocrx_word' id='word_1_392' title='bbox 828 2967 880 3015; x_wconf 83' lang='lat' dir='ltr'><strong>ttue</strong></span> <span class='ocrx_word' id='word_1_393' title='bbox 891 2965 999 3015; x_wconf 88' lang='lat' dir='ltr'><strong>nomine</strong></span> <span class='ocrx_word' id='word_1_394' title='bbox 1016 2962 1106 3015; x_wconf 86' lang='lat' dir='ltr'><strong>adhue</strong></span> <span class='ocrx_word' id='word_1_395' title='bbox 1126 2965 1258 3028; x_wconf 90' lang='lat' dir='ltr'><strong>primaria</strong></span> <span class='ocrx_word' id='word_1_396' title='bbox 1277 2978 1370 3014; x_wconf 86' lang='lat' dir='ltr'><strong>cense-</strong></span> 
     </span>
     <span class='ocr_line' id='line_1_56' title="bbox 827 3033 1368 3098; baseline 0.002 -16"><span class='ocrx_word' id='word_1_397' title='bbox 827 3038 872 3084; x_wconf 88' lang='lat' dir='ltr'><strong>tur</strong></span> <span class='ocrx_word' id='word_1_398' title='bbox 885 3033 969 3098; x_wconf 84' lang='lat' dir='ltr'><strong>Cypri</strong></span> <span class='ocrx_word' id='word_1_399' title='bbox 989 3034 1062 3085; x_wconf 86' lang='lat' dir='ltr'><strong>urbs.</strong></span> <span class='ocrx_word' id='word_1_400' title='bbox 1089 3034 1151 3084; x_wconf 84' lang='lat' dir='ltr'><strong>Vid.</strong></span> <span class='ocrx_word' id='word_1_401' title='bbox 1172 3035 1307 3085; x_wconf 85' lang='lat' dir='ltr'><strong>Manuert.</strong></span> <span class='ocrx_word' id='word_1_402' title='bbox 1319 3035 1368 3095; x_wconf 83' lang='lat' dir='ltr'><strong>vl,</strong></span> 
     </span>
     <span class='ocr_line' id='line_1_57' title="bbox 829 3102 1367 3170; baseline -0.004 -16"><span class='ocrx_word' id='word_1_403' title='bbox 829 3104 851 3154; x_wconf 89' lang='lat'><strong>1.</strong></span> <span class='ocrx_word' id='word_1_404' title='bbox 867 3120 893 3168; x_wconf 87' lang='lat' dir='ltr'><strong>p.</strong></span> <span class='ocrx_word' id='word_1_405' title='bbox 907 3104 959 3154; x_wconf 82' lang='lat'><strong>573</strong></span> <span class='ocrx_word' id='word_1_406' title='bbox 970 3119 1028 3168; x_wconf 90' lang='lat' dir='ltr'><strong>seq.</strong></span> <span class='ocrx_word' id='word_1_407' title='bbox 1044 3109 1071 3155; x_wconf 91' lang='lat' dir='ltr'><strong>et</strong></span> <span class='ocrx_word' id='word_1_408' title='bbox 1085 3103 1304 3170; x_wconf 83' lang='lat' dir='ltr'><strong>inprimisEngei</strong></span> <span class='ocrx_word' id='word_1_409' title='bbox 1317 3103 1335 3154; x_wconf 91' lang='grc'><strong>1.</strong></span> <span class='ocrx_word' id='word_1_410' title='bbox 1348 3102 1367 3153; x_wconf 88' lang='grc' dir='ltr'><strong>Ι.</strong></span> 
     </span>
    </p>
   </div>
   <div class='ocr_carea' id='block_1_8' title="bbox 826 3173 1025 3238">
    <p class='ocr_par' dir='ltr' id='par_1_9' title="bbox 826 3173 1025 3238">
     <span class='ocr_line' id='line_1_58' title="bbox 826 3173 1025 3238; baseline 0.01 -16"><span class='ocrx_word' id='word_1_411' title='bbox 826 3189 888 3238; x_wconf 83' lang='lat' dir='ltr'><strong>pag.</strong></span> <span class='ocrx_word' id='word_1_412' title='bbox 902 3173 936 3224; x_wconf 76' lang='grc'><strong>69</strong></span> <span class='ocrx_word' id='word_1_413' title='bbox 949 3189 1025 3238; x_wconf 89' lang='lat' dir='ltr'><strong>seqq.</strong></span> 
     </span>
    </p>
   </div>
   <div class='ocr_carea' id='block_1_9' title="bbox 821 3268 1369 4473">
    <p class='ocr_par' dir='ltr' id='par_1_10' title="bbox 821 3268 1369 4473">
     <span class='ocr_line' id='line_1_59' title="bbox 861 3268 1368 3342; baseline 0.002 -17"><span class='ocrx_word' id='word_1_414' title='bbox 861 3273 914 3325; x_wconf 85' lang='grc' dir='ltr'><strong><em>τοῦ</em></strong></span> <span class='ocrx_word' id='word_1_415' title='bbox 924 3268 1106 3334; x_wconf 69' lang='grc' dir='ltr'><strong><em>Εὐέλθοντος</em></strong></span> <span class='ocrx_word' id='word_1_416' title='bbox 1117 3274 1197 3342; x_wconf 83' lang='grc' dir='ltr'><strong><em>παῖς]</em></strong></span> <span class='ocrx_word' id='word_1_417' title='bbox 1219 3277 1261 3327; x_wconf 78' lang='lat' dir='ltr'><strong>Ad</strong></span> <span class='ocrx_word' id='word_1_418' title='bbox 1274 3293 1368 3328; x_wconf 85' lang='lat' dir='ltr'><strong>vooom</strong></span> 
     </span>
     <span class='ocr_line' id='line_1_60' title="bbox 827 3346 1369 3407; baseline 0.004 -14"><span class='ocrx_word' id='word_1_419' title='bbox 827 3348 895 3404; x_wconf 85' lang='grc' dir='ltr'><strong><em>παῖς</em></strong></span> <span class='ocrx_word' id='word_1_420' title='bbox 910 3346 982 3400; x_wconf 85' lang='lat' dir='ltr'><strong>coni.</strong></span> <span class='ocrx_word' id='word_1_421' title='bbox 997 3353 1066 3399; x_wconf 89' lang='lat' dir='ltr'><strong>nott.</strong></span> <span class='ocrx_word' id='word_1_422' title='bbox 1081 3347 1115 3396; x_wconf 84' lang='lat' dir='ltr'><strong>ud</strong></span> <span class='ocrx_word' id='word_1_423' title='bbox 1130 3348 1163 3407; x_wconf 87' lang='lat' dir='ltr'><strong>V,</strong></span> <span class='ocrx_word' id='word_1_424' title='bbox 1177 3347 1219 3398; x_wconf 85' lang='lat'><strong>30.</strong></span> <span class='ocrx_word' id='word_1_425' title='bbox 1245 3346 1369 3399; x_wconf 76' lang='lat' dir='ltr'><strong>Eueutou</strong></span> 
     </span>
     <span class='ocr_line' id='line_1_61' title="bbox 826 3415 1367 3481; baseline 0.007 -17"><span class='ocrx_word' id='word_1_426' title='bbox 826 3415 911 3481; x_wconf 80' lang='lat' dir='ltr'><strong>Cypri</strong></span> <span class='ocrx_word' id='word_1_427' title='bbox 924 3432 971 3466; x_wconf 91' lang='lat' dir='ltr'><strong>rex</strong></span> <span class='ocrx_word' id='word_1_428' title='bbox 983 3423 1063 3467; x_wconf 90' lang='lat' dir='ltr'><strong>notus</strong></span> <span class='ocrx_word' id='word_1_429' title='bbox 1082 3421 1124 3468; x_wconf 88' lang='lat' dir='ltr'><strong>est</strong></span> <span class='ocrx_word' id='word_1_430' title='bbox 1136 3416 1188 3481; x_wconf 78' lang='lat' dir='ltr'><strong>lv,</strong></span> <span class='ocrx_word' id='word_1_431' title='bbox 1204 3416 1264 3468; x_wconf 87' lang='grc'><strong>162.</strong></span> <span class='ocrx_word' id='word_1_432' title='bbox 1288 3418 1367 3468; x_wconf 89' lang='lat' dir='ltr'><strong>Unde</strong></span> 
     </span>
     <span class='ocr_line' id='line_1_62' title="bbox 824 3487 1369 3552; baseline 0.002 -18"><span class='ocrx_word' id='word_1_433' title='bbox 824 3501 884 3535; x_wconf 87' lang='lat' dir='ltr'><strong>eum</strong></span> <span class='ocrx_word' id='word_1_434' title='bbox 898 3502 1028 3552; x_wconf 75' lang='lat' dir='ltr'><strong>regnasse</strong></span> <span class='ocrx_word' id='word_1_435' title='bbox 1041 3487 1154 3551; x_wconf 79' lang='lat' dir='ltr'><strong>colligas</strong></span> <span class='ocrx_word' id='word_1_436' title='bbox 1169 3501 1241 3537; x_wconf 84' lang='lat' dir='ltr'><strong>suno</strong></span> <span class='ocrx_word' id='word_1_437' title='bbox 1254 3488 1304 3537; x_wconf 81' lang='grc'><strong>521</strong></span> <span class='ocrx_word' id='word_1_438' title='bbox 1320 3503 1369 3537; x_wconf 84' lang='lat' dir='ltr'><strong>un-</strong></span> 
     </span>
     <span class='ocr_line' id='line_1_63' title="bbox 826 3555 1367 3622; baseline 0.004 -18"><span class='ocrx_word' id='word_1_439' title='bbox 826 3560 853 3605; x_wconf 89' lang='lat' dir='ltr'><strong>te</strong></span> <span class='ocrx_word' id='word_1_440' title='bbox 868 3555 931 3607; x_wconf 87' lang='lat' dir='ltr'><strong>Chr.</strong></span> <span class='ocrx_word' id='word_1_441' title='bbox 948 3574 991 3617; x_wconf 86' lang='lat' dir='ltr'><strong>n.;</strong></span> <span class='ocrx_word' id='word_1_442' title='bbox 1011 3558 1132 3622; x_wconf 62' lang='lat' dir='ltr'><strong>doraum,</strong></span> <span class='ocrx_word' id='word_1_443' title='bbox 1155 3559 1202 3622; x_wconf 93' lang='lat' dir='ltr'><strong>qni</strong></span> <span class='ocrx_word' id='word_1_444' title='bbox 1220 3557 1318 3607; x_wconf 85' lang='lat' dir='ltr'><strong>tertius</strong></span> <span class='ocrx_word' id='word_1_445' title='bbox 1332 3557 1367 3606; x_wconf 84' lang='lat' dir='ltr'><strong>ab</strong></span> 
     </span>
     <span class='ocr_line' id='line_1_64' title="bbox 825 3624 1367 3683; baseline 0.006 -10"><span class='ocrx_word' id='word_1_446' title='bbox 825 3624 877 3675; x_wconf 88' lang='lat' dir='ltr'><strong>hoe</strong></span> <span class='ocrx_word' id='word_1_447' title='bbox 890 3626 943 3676; x_wconf 88' lang='lat' dir='ltr'><strong>init</strong></span> <span class='ocrx_word' id='word_1_448' title='bbox 953 3642 1015 3681; x_wconf 86' lang='lat' dir='ltr'><strong>rex.</strong></span> <span class='ocrx_word' id='word_1_449' title='bbox 1032 3642 1104 3677; x_wconf 87' lang='lat' dir='ltr'><strong>anno</strong></span> <span class='ocrx_word' id='word_1_450' title='bbox 1117 3627 1183 3683; x_wconf 85' lang='grc'><strong>502,</strong></span> <span class='ocrx_word' id='word_1_451' title='bbox 1197 3627 1318 3677; x_wconf 84' lang='lat' dir='ltr'><strong>Siromam</strong></span> <span class='ocrx_word' id='word_1_452' title='bbox 1331 3627 1367 3677; x_wconf 84' lang='lat' dir='ltr'><strong>ad</strong></span> 
     </span>
     <span class='ocr_line' id='line_1_65' title="bbox 825 3695 1367 3762; baseline 0.006 -18"><span class='ocrx_word' id='word_1_453' title='bbox 825 3711 890 3748; x_wconf 89' lang='lat' dir='ltr'><strong>ann.</strong></span> <span class='ocrx_word' id='word_1_454' title='bbox 904 3695 968 3759; x_wconf 88' lang='grc'><strong>521,</strong></span> <span class='ocrx_word' id='word_1_455' title='bbox 983 3696 1088 3746; x_wconf 76' lang='lat' dir='ltr'><strong>chemin</strong></span> <span class='ocrx_word' id='word_1_456' title='bbox 1100 3712 1163 3745; x_wconf 84' lang='lat' dir='ltr'><strong>ann.</strong></span> <span class='ocrx_word' id='word_1_457' title='bbox 1174 3698 1224 3747; x_wconf 87' lang='grc'><strong>515</strong></span> <span class='ocrx_word' id='word_1_458' title='bbox 1237 3712 1367 3762; x_wconf 83' lang='lat' dir='ltr'><strong>regnasse</strong></span> 
     </span>
     <span class='ocr_line' id='line_1_66' title="bbox 825 3765 1367 3832; baseline 0.006 -18"><span class='ocrx_word' id='word_1_459' title='bbox 825 3765 902 3831; x_wconf 90' lang='lat' dir='ltr'><strong>ponit</strong></span> <span class='ocrx_word' id='word_1_460' title='bbox 914 3765 1080 3816; x_wconf 80' lang='lat' dir='ltr'><strong>Lereherus:</strong></span> <span class='ocrx_word' id='word_1_461' title='bbox 1101 3767 1148 3831; x_wconf 88' lang='lat' dir='ltr'><strong>qui</strong></span> <span class='ocrx_word' id='word_1_462' title='bbox 1162 3781 1214 3831; x_wconf 87' lang='lat' dir='ltr'><strong>quo</strong></span> <span class='ocrx_word' id='word_1_463' title='bbox 1231 3768 1288 3817; x_wconf 91' lang='lat' dir='ltr'><strong>inre</strong></span> <span class='ocrx_word' id='word_1_464' title='bbox 1301 3781 1367 3832; x_wconf 86' lang='lat' dir='ltr'><strong>quo-</strong></span> 
     </span>
     <span class='ocr_line' id='line_1_67' title="bbox 825 3835 1366 3889; baseline 0.004 -5"><span class='ocrx_word' id='word_1_465' title='bbox 825 3850 859 3889; x_wconf 79' lang='lat' dir='ltr'><strong>ve</strong></span> <span class='ocrx_word' id='word_1_466' title='bbox 872 3836 1030 3885; x_wconf 87' lang='lat' dir='ltr'><strong>testimonio</strong></span> <span class='ocrx_word' id='word_1_467' title='bbox 1042 3836 1119 3886; x_wconf 86' lang='lat' dir='ltr'><strong>nisus</strong></span> <span class='ocrx_word' id='word_1_468' title='bbox 1133 3835 1182 3886; x_wconf 87' lang='lat' dir='ltr'><strong>hos</strong></span> <span class='ocrx_word' id='word_1_469' title='bbox 1195 3852 1281 3886; x_wconf 89' lang='lat' dir='ltr'><strong>annos</strong></span> <span class='ocrx_word' id='word_1_470' title='bbox 1294 3852 1366 3886; x_wconf 89' lang='lat' dir='ltr'><strong>snm·</strong></span> 
     </span>
     <span class='ocr_line' id='line_1_68' title="bbox 825 3905 1365 3971; baseline 0.007 -18"><span class='ocrx_word' id='word_1_471' title='bbox 825 3906 924 3969; x_wconf 84' lang='lat' dir='ltr'><strong>pserit‚</strong></span> <span class='ocrx_word' id='word_1_472' title='bbox 940 3905 1037 3955; x_wconf 88' lang='lat' dir='ltr'><strong>merito</strong></span> <span class='ocrx_word' id='word_1_473' title='bbox 1050 3908 1156 3971; x_wconf 85' lang='lat' dir='ltr'><strong>quaerit</strong></span> <span class='ocrx_word' id='word_1_474' title='bbox 1166 3906 1254 3971; x_wconf 82' lang='lat' dir='ltr'><strong>Engel</strong></span> <span class='ocrx_word' id='word_1_475' title='bbox 1268 3905 1286 3954; x_wconf 96' lang='grc'><strong>1.</strong></span> <span class='ocrx_word' id='word_1_476' title='bbox 1304 3905 1323 3960; x_wconf 82' lang='grc'><strong>1,</strong></span> <span class='ocrx_word' id='word_1_477' title='bbox 1339 3922 1365 3970; x_wconf 93' lang='lat' dir='ltr'><strong>p.</strong></span> 
     </span>
     <span class='ocr_line' id='line_1_69' title="bbox 824 3974 1365 4040; baseline 0.002 -16"><span class='ocrx_word' id='word_1_478' title='bbox 824 3974 889 4038; x_wconf 82' lang='grc'><strong>265,</strong></span> <span class='ocrx_word' id='word_1_479' title='bbox 914 3975 962 4024; x_wconf 85' lang='lat' dir='ltr'><strong>nbi</strong></span> <span class='ocrx_word' id='word_1_480' title='bbox 986 3974 1115 4026; x_wconf 89' lang='lat' dir='ltr'><strong>historias</strong></span> <span class='ocrx_word' id='word_1_481' title='bbox 1140 3975 1224 4026; x_wconf 85' lang='lat' dir='ltr'><strong>husee</strong></span> <span class='ocrx_word' id='word_1_482' title='bbox 1249 3975 1365 4040; x_wconf 84' lang='lat' dir='ltr'><strong>Cyprias</strong></span> 
     </span>
     <span class='ocr_line' id='line_1_70' title="bbox 824 4045 1364 4111; baseline 0.002 -18"><span class='ocrx_word' id='word_1_483' title='bbox 824 4050 942 4094; x_wconf 81' lang='lat' dir='ltr'><strong>enarrat.</strong></span> <span class='ocrx_word' id='word_1_484' title='bbox 972 4045 1014 4093; x_wconf 88' lang='lat' dir='ltr'><strong>De</strong></span> <span class='ocrx_word' id='word_1_485' title='bbox 1031 4046 1112 4111; x_wconf 79' lang='lat' dir='ltr'><strong>Gorpt</strong></span> <span class='ocrx_word' id='word_1_486' title='bbox 1127 4045 1236 4095; x_wconf 89' lang='lat' dir='ltr'><strong>nomine</strong></span> <span class='ocrx_word' id='word_1_487' title='bbox 1256 4046 1364 4110; x_wconf 88' lang='lat' dir='ltr'><strong>qnaesi-</strong></span> 
     </span>
     <span class='ocr_line' id='line_1_71' title="bbox 821 4114 1365 4179; baseline 0.009 -19"><span class='ocrx_word' id='word_1_488' title='bbox 821 4114 863 4162; x_wconf 86' lang='lat' dir='ltr'><strong>vit</strong></span> <span class='ocrx_word' id='word_1_489' title='bbox 877 4115 1021 4166; x_wconf 81' lang='lat' dir='ltr'><strong>Fritzsohe</strong></span> <span class='ocrx_word' id='word_1_490' title='bbox 1042 4116 1078 4165; x_wconf 92' lang='lat' dir='ltr'><strong>ad</strong></span> <span class='ocrx_word' id='word_1_491' title='bbox 1090 4115 1265 4179; x_wconf 77' lang='lat' dir='ltr'><strong>Aristophan.</strong></span> <span class='ocrx_word' id='word_1_492' title='bbox 1280 4115 1365 4166; x_wconf 89' lang='lat' dir='ltr'><strong>Thes·</strong></span> 
     </span>
     <span class='ocr_line' id='line_1_72' title="bbox 822 4183 1365 4248; baseline 0.007 -17"><span class='ocrx_word' id='word_1_493' title='bbox 822 4183 941 4248; x_wconf 84' lang='lat' dir='ltr'><strong>mophor.</strong></span> <span class='ocrx_word' id='word_1_494' title='bbox 959 4199 986 4248; x_wconf 85' lang='lat' dir='ltr'><strong>p.</strong></span> <span class='ocrx_word' id='word_1_495' title='bbox 999 4185 1059 4235; x_wconf 81' lang='lat'><strong>477.</strong></span> <span class='ocrx_word' id='word_1_496' title='bbox 1087 4183 1182 4235; x_wconf 78' lang='lat' dir='ltr'><strong>Oneritt</strong></span> <span class='ocrx_word' id='word_1_497' title='bbox 1198 4201 1295 4234; x_wconf 88' lang='lat' dir='ltr'><strong>nomen</strong></span> <span class='ocrx_word' id='word_1_498' title='bbox 1307 4186 1365 4235; x_wconf 83' lang='lat' dir='ltr'><strong>lla·</strong></span> 
     </span>
     <span class='ocr_line' id='line_1_73' title="bbox 821 4253 1362 4320; baseline 0.002 -18"><span class='ocrx_word' id='word_1_499' title='bbox 821 4254 932 4304; x_wconf 78' lang='lat' dir='ltr'><strong>maier:</strong></span> <span class='ocrx_word' id='word_1_500' title='bbox 960 4253 1076 4306; x_wconf 80' lang='lat' dir='ltr'><strong>Misceli.</strong></span> <span class='ocrx_word' id='word_1_501' title='bbox 1100 4254 1201 4306; x_wconf 88' lang='lat' dir='ltr'><strong>Phoen.</strong></span> <span class='ocrx_word' id='word_1_502' title='bbox 1225 4270 1287 4320; x_wconf 78' lang='lat' dir='ltr'><strong>pag.</strong></span> <span class='ocrx_word' id='word_1_503' title='bbox 1313 4255 1362 4306; x_wconf 87' lang='grc'><strong>107</strong></span> 
     </span>
     <span class='ocr_line' id='line_1_74' title="bbox 822 4324 1365 4390; baseline 0.004 -19"><span class='ocrx_word' id='word_1_504' title='bbox 822 4324 861 4372; x_wconf 86' lang='lat' dir='ltr'><strong>ita</strong></span> <span class='ocrx_word' id='word_1_505' title='bbox 878 4325 1009 4389; x_wconf 79' lang='lat' dir='ltr'><strong>explieat,</strong></span> <span class='ocrx_word' id='word_1_506' title='bbox 1030 4329 1061 4374; x_wconf 90' lang='lat' dir='ltr'><strong>nt</strong></span> <span class='ocrx_word' id='word_1_507' title='bbox 1081 4325 1247 4390; x_wconf 73' lang='lat' dir='ltr'><strong>significetur</strong></span> <span class='ocrx_word' id='word_1_508' title='bbox 1265 4328 1304 4374; x_wconf 81' lang='lat' dir='ltr'><strong>uir</strong></span> <span class='ocrx_word' id='word_1_509' title='bbox 1320 4327 1365 4375; x_wconf 84' lang='lat' dir='ltr'><strong>dei</strong></span> 
     </span>
     <span class='ocr_line' id='line_1_75' title="bbox 822 4391 1363 4473; baseline 0.002 -30"><span class='ocrx_word' id='word_1_510' title='bbox 822 4391 879 4473; x_wconf 53' lang='lat' dir='ltr'><strong>(Spq</strong></span> <span class='ocrx_word' id='word_1_511' title='bbox 889 4392 999 4471; x_wconf 60' lang='grc' dir='ltr'><strong>ηῄῆῃμ),</strong></span> <span class='ocrx_word' id='word_1_512' title='bbox 1010 4399 1041 4444; x_wconf 87' lang='lat' dir='ltr'><strong>ut</strong></span> <span class='ocrx_word' id='word_1_513' title='bbox 1055 4409 1234 4461; x_wconf 86' lang='lat' dir='ltr'><strong>synonymum</strong></span> <span class='ocrx_word' id='word_1_514' title='bbox 1245 4394 1314 4444; x_wconf 88' lang='lat' dir='ltr'><strong>adeo</strong></span> <span class='ocrx_word' id='word_1_515' title='bbox 1325 4395 1363 4445; x_wconf 89' lang='lat' dir='ltr'><strong>sit</strong></span> 
     </span>
    </p>
   </div>
   <div class='ocr_carea' id='block_1_10' title="bbox 820 4471 1361 4561">
    <p class='ocr_par' dir='ltr' id='par_1_11' title="bbox 820 4471 1361 4561">
     <span class='ocr_line' id='line_1_76' title="bbox 820 4471 1361 4561; baseline 0.009 -33"><span class='ocrx_word' id='word_1_516' title='bbox 820 4471 1055 4531; x_wconf 62' lang='lat' dir='ltr'><strong>nominis&#39;Gabrr&#39;el</strong></span> <span class='ocrx_word' id='word_1_517' title='bbox 1069 4480 1217 4561; x_wconf 50' lang='lat' dir='ltr'><strong>(bpqsng)</strong></span> <span class='ocrx_word' id='word_1_518' title='bbox 1226 4485 1253 4531; x_wconf 86' lang='lat' dir='ltr'><strong>et</strong></span> <span class='ocrx_word' id='word_1_519' title='bbox 1262 4480 1361 4533; x_wconf 75' lang='lat' dir='ltr'><strong>Graeci</strong></span> 
     </span>
    </p>
   </div>
   <div class='ocr_carea' id='block_1_11' title="bbox 0 0 1554 5175">
    <p class='ocr_par' dir='ltr' id='par_1_12' title="bbox 0 0 1554 5175">
     <span class='ocr_line' id='line_1_77' title="bbox 0 0 1554 5175; baseline 0 5"><span class='ocrx_word' id='word_1_520' title='bbox 0 0 1554 5175; x_wconf 95' lang='lat' dir='ltr'><strong> </strong></span> 
     </span>
    </p>
   </div>
  </div>
 </body>
</html>
