3100 5175
288 379 348 445 8111
677 385 943 449 luxuuusus
966 385 1024 445 ΙΙΙ

288 560 342 631 ipsi
358 560 443 613 fundo
458 560 560 631 quippe
575 560 730 630 impositum
744 570 772 614 et
787 561 828 622 ei,
843 562 891 631 qui
906 560 1020 613 fundum
1036 560 1208 630 possideret,
1231 558 1415 630 pendendum:

287 646 361 716 quod
376 646 473 698 tributi
487 663 577 714 genus
592 663 666 698 nunc
682 653 795 699 vocatur
812 649 1008 713 Grundateuer,
1025 645 1211 698 introductum
1228 645 1297 698 illud
1312 645 1415 714 quidem

287 731 315 783 in
332 731 457 784 omnibus
472 732 530 785 lere
548 738 659 784 nostrae
674 732 772 783 aetatis
797 732 956 785 civitatibus
978 732 1047 783 bene
1070 731 1217 782 ordinatis:
1243 731 1317 800 apud
1337 730 1416 782 Iones

287 816 392 889 primus
414 818 441 869 id
466 817 588 869 instituit
610 816 796 886 Artaphsrues
822 816 972 887 meritoque
994 817 1099 868 Noster
1123 815 1151 867 id
1178 816 1273 867 habuit
1298 816 1416 883 dignam,

288 903 362 970 quod
378 903 490 954 disertis
506 902 600 954 verbis
615 902 758 955 indicaret.
805 903 864 954 lioc
885 920 949 954 uero
964 901 1120 955 institutum
1147 907 1177 953 ut
1196 911 1360 954 servaretur
1378 901 1416 953 in·

287 994 403 1054 tegrum,
419 986 589 1055 singulorum
603 987 749 1040 fundorum
765 987 891 1040 ambitum
907 987 1034 1040 unicum
1049 987 1153 1038 tributo
1168 987 1321 1039 secundum
1336 988 1417 1038 ambi-

287 1080 343 1125 tum
358 1073 509 1125 constituto
524 1073 553 1124 in
571 1071 678 1124 tabulas
693 1078 759 1143 (uos
776 1090 919 1125 vocamus:
938 1073 1145 1138 Grundbricher)
1160 1071 1259 1124 reterri
1275 1072 1418 1142 omniaque

288 1174 320 1209 ea
343 1157 437 1226 peragi
463 1147 578 1211 necesse
602 1166 676 1223 erat,
702 1175 772 1228 quae
794 1159 867 1226 apud
890 1176 941 1210 nos
966 1159 993 1211 iu
1015 1157 1117 1209 talibus
1139 1158 1198 1209 fieri
1223 1155 1317 1209 solent
1337 1157 1419 1229 idque

287 1243 527 1312 comprehendunt,
542 1244 616 1314 quod
631 1251 755 1296 vocatur:
768 1246 810 1297 die
821 1245 1012 1316 Cotostrirung
1024 1260 1047 1294 s.
1060 1245 1101 1296 dic
1113 1245 1219 1313 Aulagc
1230 1244 1302 1296 cinoe
1314 1242 1419 1298 Steter-

286 1338 423 1382 cotoaterr.
468 1328 507 1380 Ae
529 1329 656 1380 miramur
673 1346 740 1380 sarrs
756 1328 822 1381 talia
844 1336 896 1380 tam
913 1335 1017 1382 mature
1043 1327 1169 1380 aPersis
1192 1328 1221 1380 in
1247 1328 1419 1380 subditarum

286 1414 407 1481 gentium
422 1413 505 1465 terris
528 1414 698 1477 introducta,
723 1413 814 1483 qualia
831 1414 876 1467 rix
895 1413 948 1467 ullu
966 1413 1134 1479 incivitate,
1158 1431 1192 1466 ne
1212 1412 1419 1466 Atheniensium

286 1500 394 1568 quidem
413 1499 439 1551 iu
464 1499 604 1568 republica
613 1498 660 1565 *),
681 1497 728 1550 illa
748 1507 822 1551 certe
840 1508 929 1551 aetate
955 1499 1082 1553 instituta
1104 1498 1245 1550 invenias:
1267 1499 1421 1568 meritoque

286 1583 399 1652 primum
431 1585 512 1636 huius
543 1585 640 1637 tributi
668 1584 742 1653 quod
774 1585 881 1636 omuino
910 1584 1047 1653 reperitur
1076 1583 1224 1653 exemplum
1250 1584 1421 1652 praedicarit

285 1665 414 1735 Rau**).

370 1756 429 1806 Hoc
444 1773 510 1806 vero
529 1754 686 1807 institutum
702 1755 860 1807 Herodotus
875 1754 952 1807 addit
973 1758 1008 1808 ori
1028 1772 1104 1808 surim
1121 1772 1201 1823 osque
1217 1764 1332 1809 oetatem
1351 1753 1420 1826 (oizi

284 1835 322 1893 ἔτι
338 1838 385 1892 uoci
404 1834 430 1902 ἐς
445 1835 501 1911 ἐμέ)
517 1840 686 1893 obtinuisse:
703 1857 783 1910 quam
804 1846 920 1892 aetatem
942 1840 965 1891 si
987 1841 1050 1910 quis
1069 1840 1225 1892 accuratius
1248 1840 1421 1893 constituere

285 1924 359 1992 velit,
376 1944 479 1994 ponere
494 1925 587 1978 licebit
601 1924 667 1977 illud
685 1932 801 1993 tempus,
818 1942 872 1994 quo
889 1926 994 1977 Noster
1008 1926 1155 1979 itineribus
1178 1925 1260 1978 iactis
1275 1926 1419 1978 Graeciam

285 2009 397 2082 reliquit
411 2010 534 2063 Thurios
552 2012 741 2080 proiecturus,
767 2011 853 2062 idest
872 2027 972 2062 aunum
990 2016 1041 2064 444
1063 2019 1127 2063 erate
1142 2010 1208 2062 Chr.
1225 2029 1270 2074 n.;
1293 2010 1420 2078 equidem

283 2094 312 2146 id
327 2103 435 2164 tempus
447 2096 546 2165 respici
564 2095 659 2158 malim,
676 2112 730 2164 quo
744 2097 849 2148 Noster
862 2095 977 2148 Thuriis
993 2104 1036 2148 est
1054 2103 1243 2161 commoratus,
1260 2096 1288 2147 in
1303 2095 1419 2148 historia

284 2180 483 2233 conscribenda
494 2181 625 2234 continuo
639 2187 789 2250 occupatus
805 2198 892 2249 usque
906 2180 939 2233 ad
952 2181 1024 2233 ritae
1041 2183 1134 2234 finem:
1151 2181 1223 2232 huuc
1237 2188 1328 2236 autem
1348 2181 1420 2233 ritae

284 2265 379 2331 finem,
396 2282 474 2336 quem
495 2282 583 2336 troque
603 2265 637 2318 ad
657 2283 757 2318 annum
772 2268 824 2319 408
843 2267 1013 2335 prorogarit,
1029 2262 1261 2332 Dahlmauni***)
1278 2267 1420 2318 sententii

283 2349 329 2403 vix
348 2350 456 2404 extermi
473 2368 556 2419 posse
574 2368 663 2420 usque
678 2350 712 2402 ad
727 2367 828 2403 annum
842 2353 893 2404 413
911 2358 974 2404 ente
990 2350 1056 2404 Chr.
1076 2371 1103 2405 ιι.
1120 2352 1273 2404 monuimus
1293 2351 1322 2403 in
1348 2360 1419 2404 nott

283 2435 318 2486 ad
332 2436 395 2501 Vll,
412 2440 462 2489 170
477 2436 537 2486 coll.
555 2437 589 2487 ad
606 2436 637 2500 V,
654 2440 727 2489 ruet
742 2435 790 2503 Vl,
806 2438 854 2489 08:
871 2437 944 2488 uude
959 2437 1094 2506 sequitur,
1111 2439 1192 2490 hocce
1204 2436 1338 2489 tributum
1357 2436 1421 2488 inde

283 2520 317 2571 ab
332 2538 403 2572 anno
424 2524 476 2573 402
496 2523 578 2572 ferme
600 2537 688 2591 usque
705 2521 739 2572 ad
756 2538 856 2572 aunum
877 2523 1015 2574 413—420
1034 2530 1097 2575 aute
1113 2523 1179 2574 Chr.
1204 2539 1231 2573 ιι.
1251 2521 1420 2575 immutatum

283 2607 417 2659 mansisse
433 2608 557 2676 adeoque
572 2607 650 2660 etiam
666 2625 716 2676 per
728 2608 777 2658 hos
793 2625 881 2659 anuos
896 2606 991 2660 Persis
1006 2608 1125 2662 solutum
1140 2609 1229 2661 luisse
1244 2610 1278 2659 ab
1291 2609 1419 2666 Ionibus,

283 2708 354 2761 quos
369 2710 419 2761 per
435 2693 485 2744 hoc
501 2691 570 2746 idem
588 2703 695 2764 tempus
712 2692 858 2745 Persarum
879 2693 991 2761 imperio
1004 2693 1132 2746 subditos
1150 2710 1240 2762 neque
1256 2711 1379 2762 unquam
1392 2695 1418 2746 in

283 2777 434 2831 libertatem
459 2777 614 2831 vindicatos
636 2797 698 2832 esse
719 2777 825 2830 credas.
872 2779 974 2829 Obstat
994 2794 1062 2831 sane
1086 2781 1198 2833 Cimonis
1221 2796 1292 2849 quae
1308 2779 1420 2848 dicitur

282 2881 346 2935 pax,
362 2862 536 2916 Plutarchum
552 2862 620 2938 (Vir.
637 2864 751 2916 Cimon:
764 2864 809 2928 13)
826 2864 850 2916 si
868 2864 1016 2933 sequimur,
1032 2865 1100 2917 inito
1115 2883 1188 2916 ιιιιιιο
1203 2867 1254 2917 tou
1269 2871 1334 2916 aute
1351 2865 1418 2916 Chr.

282 2968 309 3001 n.
336 2954 400 3017 post
420 2965 540 3018 pugnam
566 2949 600 3001 od
625 2949 854 3017 Eurymedontem
879 2949 1060 3016 commissam,
1082 2950 1231 3002 Diodorum
1252 2948 1330 3020 (llll,
1348 2951 1381 3015 4)
1396 2952 1418 3000 si

283 3032 423 3104 sequimur
438 3041 585 3099 auctorem,
600 3053 673 3087 anno
689 3037 741 3087 446
759 3039 823 3086 ante
839 3033 905 3086 Chr.
923 3052 949 3086 ιι.
965 3035 1043 3086 brevi
1059 3042 1124 3088 ante
1145 3035 1269 3086 Cimonis
1290 3041 1419 3086 mortem:

282 3135 337 3188 quo
348 3135 416 3185 pace
433 3124 541 3171 cautum
558 3139 620 3172 esse
636 3119 757 3187 tradunt,
775 3125 805 3171 ut
823 3136 916 3170 omnes
933 3119 1101 3171 Graecorum
1117 3119 1244 3171 civitates
1259 3137 1311 3188 per
1326 3119 1418 3172 Asiam

281 3204 326 3255 sui
347 3207 442 3255 essent
463 3203 534 3255 iuris
555 3199 747 3274 (vivaderemus),
763 3221 853 3275 ueque
869 3204 1015 3257 Persarum
1031 3206 1151 3275 satrapis
1173 3204 1269 3256 liceret
1292 3205 1327 3257 ad
1344 3223 1418 3258 mare

281 3287 449 3340 descendere
463 3290 546 3342 trium
562 3290 665 3343 dierum
681 3290 780 3342 itinere
794 3289 920 3343 iuferius.
965 3289 1026 3341 Hoc
1048 3289 1073 3341 si
1096 3306 1189 3343 verum
1205 3296 1263 3356 est,
1285 3289 1332 3341 vix
1351 3308 1418 3343 rere

281 3392 344 3426 esse
360 3390 453 3443 posse,
470 3391 541 3442 quae
556 3375 715 3427 Herodotus
730 3374 823 3440 trudit,
841 3375 920 3427 facile
935 3373 1109 3443 intelligitur,
1126 3375 1246 3444 indeque
1261 3374 1417 3442 Kortrimis)

281 3459 386 3512 remita
401 3459 530 3528 expedire
546 3460 649 3527 maluit,
668 3460 853 3528 attributum,
873 3461 955 3530 quale
967 3460 1001 3510 ab
1018 3459 1189 3528 Artaphernc
1204 3460 1289 3511 suerit
1304 3459 1416 3531 imposi-

279 3551 346 3612 tum,
361 3543 415 3596 tale
431 3561 541 3615 quoque
557 3545 692 3597 mansisse
708 3550 852 3613 statueret,
870 3563 928 3598 cum
945 3546 1027 3597 Iones
1043 3544 1188 3598 Persarum
1207 3546 1274 3612 iugo
1298 3564 1416 3599 excusso

279 3629 359 3682 liberi
374 3636 469 3683 essent
484 3631 548 3683 lacti
560 3637 588 3683 et
603 3631 710 3700 quidem
722 3630 770 3698 ita,
789 3638 819 3682 ut
829 3631 903 3701 quod
916 3637 996 3683 autea
1010 3630 1105 3681 Persis
1117 3629 1236 3683 solutum
1248 3638 1333 3695 esset,
1347 3632 1416 3684 idem

280 3715 495 3768 Atheniensibus
511 3715 554 3767 vel
568 3716 662 3785 potius
679 3715 785 3768 Atticae
797 3716 932 3781 societati,
948 3715 976 3767 in
990 3732 1068 3785 quam
1083 3716 1165 3768 lones
1180 3714 1285 3784 recepti
1300 3717 1414 3784 suerint,

280 3817 355 3852 uunc
377 3799 447 3852 solvi
474 3807 628 3871 oporteret:
656 3818 736 3871 quam
761 3799 814 3853 loci
838 3802 999 3870 expediendi
1026 3801 1158 3853 rationem
1183 3800 1253 3870 ipsis
1279 3801 1414 3853 Herodoti

282 3886 373 3937 verbis
399 3902 489 3954 neque
515 3886 650 3938 contineri
677 3902 767 3956 neque
793 3887 912 3956 permitti
938 3895 1101 3938 monuerunt
1124 3886 1156 3937 C.
1174 3886 1208 3938 0.
1226 3885 1411 3954 Mueller††),

348 4061 376 4124 *)
391 4061 447 4112 vid:
461 4060 581 4111 Boeokh.
599 4059 827 4111 Stnatshaushalt
841 4060 866 4110 d.
883 4059 981 4111 Athen.
999 4060 1020 4112 1.
1038 4076 1062 4124 p.
1080 4059 1131 4110 out
1145 4074 1201 4125 seq.

349 4130 394 4197 **)
410 4129 553 4183 Lehrbuch
574 4129 599 4179 d.
620 4130 757 4196 politisch.
777 4131 945 4181 Oekonomie
965 4130 1022 4194 ΙΙΙ,
1047 4132 1062 4178 2
1087 4128 1410 4195 (Fiusnawissenschalt)

279 4219 306 4268 p·
321 4202 411 4332 :iiiiii
425 4201 612 4334 Pheridlihngg.
629 4273 681 4320 etc.
701 4269 724 4318 Ι.
739 4285 765 4334 p.
780 4270 822 4320 95.
835 4270 875 4331 II,
894 4272 916 4320 l.
930 4285 993 4335 pag.
1007 4269 1050 4318 47.

347 4340 377 4406 1)
396 4343 450 4392 Zur
464 4339 620 4391 Geschicbt.
637 4339 743 4389 Hellen.
755 4340 968 4392 Stastsreriass.
983 4337 1161 4405 (Heidelberg
1178 4336 1255 4401 1821)
1271 4354 1296 4402 p.
1310 4338 1409 4402 buseq.

280 4409 357 4461 (loni.
373 4413 456 4460 etiam
472 4409 592 4461 Boeckh.
609 4409 844 4461 Stsatshsushalt.
859 4410 884 4460 ιΙ.
898 4409 997 4460 Athen.
1013 4408 1050 4458 11.
1066 4424 1092 4472 p.
1105 4408 1156 4458 662
1168 4423 1224 4473 seq.
1436 4414 1439 4422 '

349 4481 399 4544 ††)
414 4481 475 4531 vid.
491 4481 612 4544 Gotting.
625 4479 683 4532 Gel.
701 4481 785 4533 Anzn.
803 4479 879 4530 1822.
896 4495 957 4545 pag.
975 4480 1032 4532 117.
1046 4479 1135 4528 Dorer
1147 4477 1168 4527 1.
1181 4493 1209 4543 p.
1225 4477 1284 4529 186.
