3100 5175
440 416 715 511 POLYAMNIA.
738 418 810 480 VII.
835 427 895 482 τεο.
920 426 979 482 τεν.
1175 456 1181 467 .
1214 411 1275 477 683

71 631 78 644 ·
140 593 325 684 ρηιιούσας,
348 591 507 673 ἐλθόντες
525 588 616 685 αύτῷ
638 595 671 672 ἐς
686 591 823 680 λόγους,
846 597 965 679 ἔλεγον
976 590 1074 661 τάδε·
1100 586 1278 681 Ἕπεμύαν

139 696 245 790 ήμέας
259 697 523 786 Λακεδαιμόνιοί
540 721 576 765 τε
596 698 653 766 καὶ
667 701 700 766 οἱ
718 693 908 783 Ἀθηναῖοι,
933 696 989 764 καὶ
1004 700 1038 765 οἱ
1049 694 1177 765 τούτων
1192 694 1276 784 σύμ-

140 830 257 892 μαχοι,
273 802 600 890 παραλαμψομένους
612 823 651 870 σε
664 797 747 890 πρὸς
761 798 821 868 τόν
834 796 1024 888 βάρβαρον·
1047 796 1107 884 τὸν
1121 798 1186 887 γάρ
1203 803 1275 869 ἐπι-

139 907 221 978 όντα
235 906 290 975 ἐπὶ
304 903 366 993 τήν
376 899 517 974 Ἑλλάδα
531 902 665 985 πάντας
678 931 741 974 που
756 902 966 988 πυνθάνεαι,
982 900 1033 972 ότι
1046 905 1180 991 Πέρσης
1191 899 1277 992 άνήρ

140 1014 274 1099 μέλλει,
289 1008 403 1093 ζεύξας
416 1006 475 1078 τὸν
489 1002 752 1097 Ἑλλήσποντον,
767 1007 823 1077 καὶ
838 1006 972 1093 ἐπάγων
988 1005 1096 1077 πάντα
1108 1006 1168 1076 τόν
1183 1004 1278 1095 ήολον

141 1110 288 1203 στρατόν
300 1115 338 1181 ἐκ
351 1117 409 1200 τῆς
422 1109 549 1202 Ἀσίης,
568 1109 850 1199 στρατηλατήσειν
864 1113 919 1180 ἐπὶ
933 1110 995 1200 τήν
1013 1107 1170 1195 Ἐλλάδα,
1195 1110 1276 1196 πρό-

142 1239 252 1307 σχημα
265 1216 328 1305 μὲν
339 1215 547 1302 ποιεύμενος,
563 1211 606 1295 ὡς
621 1212 672 1284 ἐπ’
689 1213 834 1303 Ἀθήνας
848 1212 991 1302 ἐλαύνει,
1007 1217 1044 1283 ἐν
1058 1214 1126 1308 νόῳ
1141 1214 1179 1284 dl
1192 1219 1279 1301 ἔχων
1368 1217 1371 1224 ’

143 1326 256 1391 πάσαν
271 1318 333 1414 τήν
348 1314 489 1389 Ἑλλάδα
509 1315 570 1388 ὑπ’
594 1320 709 1413 ἑωυτῷ
725 1315 942 1407 ποιήσασθαι.
989 1316 1043 1387 Σύ
1058 1319 1095 1388 δὲ
1118 1317 1280 1407 δυνάμιός

37 1539 43 1549 ,
144 1491 606 1558 ritste(lviouuster.1857)pug.⁴23.
625 1493 687 1544 vid.

145 1578 255 1629 quoque
275 1567 345 1613 nott.
365 1562 400 1612 sd
416 1562 517 1612 Herod.
535 1563 604 1622 VII,
627 1563 685 1615 161).

141 1636 186 1686 De
204 1633 369 1684 Graecorum
386 1632 487 1698 legetis
504 1631 540 1681 ed
558 1632 687 1684 Gelonem

143 1703 236 1755 missis
254 1703 308 1753 vid.
326 1703 429 1752 Brnnet
453 1702 487 1753 de
507 1702 613 1754 Presle:
636 1704 689 1754 Re·

76 1814 80 1820 .
144 1771 275 1824 cherches
289 1776 343 1826 ete.
360 1787 424 1837 μσς.
440 1773 484 1823 131
501 1786 576 1837 seqq.

179 1835 230 1892 τὸν
242 1835 295 1906 γάρ
309 1834 427 1890 ἐπιόντα
441 1831 487 1890 ἐπὶ
498 1833 552 1904 τήν
568 1834 689 1892 Ἑλλάδα

141 1906 320 1969 πάντωςκου
331 1904 505 1969 πυνθάνεαι,
522 1905 567 1962 ότι
577 1925 602 1959 ιι.
615 1927 638 1961 τ.
651 1907 687 1976 1.]

142 1983 190 2033 ltu
202 1981 267 2032 libri
282 1981 389 2046 scripti,
406 1996 423 2030 s
436 1982 534 2047 quibus
547 1982 689 2036 discedere

141 2050 218 2102 nolui
238 2066 300 2102 cum
313 2055 429 2104 reeentt.
445 2051 525 2115 edd,
547 2051 600 2103 nisi
616 2049 689 2116 quod

143 2127 208 2187 post
221 2114 387 2169 πυνθάνεαι
404 2137 463 2171 euni
474 2121 610 2184 Bekkero,
623 2122 691 2171 Din-

143 2190 215 2242 dori.
237 2195 265 2240 et
277 2189 422 2241 Dietsehio
440 2191 572 2243 minorem
581 2191 691 2242 'substi-

143 2262 184 2312 tui
198 2259 416 2323 distinctionem,
428 2276 482 2326 quo
495 2260 592 2312 melius
606 2260 690 2312 verbs

737 1492 880 1557 XXXVII)
892 1492 965 1543 edidi
978 1483 1077 1557 ήοῖον,
1096 1493 1168 1560 quod
1180 1495 1280 1545 Noster

737 1563 792 1624 IV,
809 1562 866 1614 100.
883 1562 932 1613 100
949 1563 1068 1615 exhibet.
1098 1564 1208 1629 Reliqui
1224 1565 1279 1615 edi-

738 1637 812 1683 tores
823 1648 916 1683 omnes
929 1634 1048 1684 retinent
1057 1624 1143 1700 ήρὶον.
1171 1634 1212 1685 Ad
1226 1636 1280 1685 lor-

739 1717 810 1752 mum
827 1691 857 1749 ἕν
877 1698 935 1768 νόῳ
954 1702 1044 1769 (ouius
1065 1703 1125 1755 loeo
1142 1703 1281 1755 Seueroiti
1338 1749 1342 1756 .

737 1771 807 1822 liber
819 1764 848 1820 ἐν
863 1768 915 1838 νῷ)
928 1773 964 1824 ο1.
980 1772 1065 1824 ellsts
1078 1773 1113 1824 sd
1129 1774 1155 1834 1,
1168 1776 1219 1836 27,
1233 1774 1280 1825 ubi

738 1856 787 1905 pro
812 1832 842 1890 ἐν
865 1839 906 1907 νῷ
929 1846 1074 1895 restituere
1097 1843 1229 1901 debebam
1250 1837 1280 1893 ἐν

739 1902 806 1977 νόῳ.
850 1911 892 1961 Ad
917 1910 1083 1963 locutionem
1107 1905 1163 1963 ὑπ’
1185 1905 1280 1979 ἑωυτῷ

739 1975 918 2044 ποιήσασθαι
930 1983 1004 2036 conf.
1018 1983 1105 2033 eliste
1118 1983 1153 2034 ud
1166 1984 1189 2044 I,
1202 1984 1238 2035 94
1252 1986 1281 2034 et

738 2051 799 2111 111,
820 2051 862 2102 45.
901 2051 946 2104 Sic
972 2068 1034 2103 mox
1055 2069 1116 2119 esp.
1140 2055 1189 2104 158
1213 2045 1280 2102 τάδε

738 2110 854 2171 άπαντα
866 2111 935 2170 άπὸ
949 2118 1117 2189 βαρβάροισι
1131 2119 1252 2186 νέμεται.

775 2183 818 2238 Σά
829 2184 861 2239 el
870 2186 1010 2257 δυνάμιός
1023 2208 1052 2242 τε
1062 2183 1140 2257 ἥκεις
1147 2185 1279 2258 μεγάλης]

739 2263 759 2314 i.
780 2275 805 2310 e.
828 2259 865 2310 Τα
880 2277 941 2312 nero
961 2267 998 2314 ad
1017 2279 1129 2329 παγπαπι
1147 2265 1282 2327 potentiam

144 2346 223 2396 seqq.
248 2344 309 2380 oum
340 2331 565 2383 antecedentibus
591 2330 691 2382 cohee-
737 2332 884 2393 pervenisti.
898 2332 986 2385 Verbo
996 2323 1146 2398 ήκεινστττο
1156 2334 1281 2384 sdstrus·

143 2405 235 2451 reent.
264 2399 430 2451 Senseierus
449 2401 477 2450 in
497 2406 600 2452 textum
616 2416 690 2452 reee-

144 2474 225 2535 perst
235 2469 621 2523 Vslelrensriiconiecturcm:
638 2485 691 2518 πα-

144 2533 386 2604 ραλαμψομένους
396 2552 426 2589 σε
438 2535 512 2599 πρός
524 2535 575 2591 τὸν
587 2532 691 2607 βάρβα-

144 2624 199 2673 ρον
215 2603 268 2659 τὸν
287 2602 404 2658 ἐπιόντα
424 2599 471 2660 ἐπὶ
488 2607 542 2677 τήν
553 2604 689 2661 Ἑλλάδα·

143 2672 322 2742 πάντωςγάρ
335 2670 514 2744 πυνθάνεαι,
529 2670 574 2731 ὅτι
585 2681 689 2739 τι.τ.λ.;

146 2765 202 2816 qus
212 2763 319 2799 omnem
329 2750 464 2800 orationis
476 2752 592 2803 colorem
605 2752 691 2803 everti

145 2824 221 2870 rente
233 2817 302 2868 mihi
313 2824 450 2870 sunotere
461 2821 572 2873 videtur
585 2823 693 2871 Wesse·

146 2889 261 2955 lingius‚
276 2887 392 2939 oliorum
403 2905 477 2941 more
491 2893 642 2942 orationem
652 2890 692 2942 sic

148 2958 326 3010 decursurum
340 2959 399 3010 iore
413 2960 559 3013 adiiciens:
578 2953 693 3016 πάντας

146 3042 202 3077 νου
222 3023 404 3090 πυνθάνεαι,
425 3017 470 3078 ότι
489 3026 602 3096 Πέρσης
618 3024 692 3095 άνὴρ

148 3089 239 3148 luscis
256 3088 305 3146 ἐπὶ
324 3090 378 3163 τὴν
394 3090 530 3158 Ἑλλάδα,
554 3098 646 3164 μέλλει
666 3114 691 3148 ιι.

147 3183 172 3217 τ.
186 3167 212 3216 λ.
249 3167 324 3217 idem
345 3169 464 3218 conferri
481 3170 543 3221 vult
560 3170 691 3222 Abreseh.

147 3235 440 3302 Dilucidd.'1'hueydd.
452 3256 477 3305 p.
489 3241 539 3291 104
549 3245 576 3292 et
588 3241 623 3291 sd
632 3241 695 3290 Ari·

148 3311 266 3359 stseuet.
280 3305 307 3368 1,
326 3310 351 3359 5.
386 3309 497 3372 Repetit
515 3311 615 3362 Noster
629 3311 693 3371 VII,

149 3377 200 3427 177
212 3390 295 3429 voees
313 3370 365 3426 τὸν
378 3370 495 3429 ἐπιόντα
508 3373 554 3430 ἐπὶ
568 3372 621 3444 τήν
633 3372 694 3428 Ἑλ·

148 3439 231 3508 λάθα,
242 3446 361 3510 itemque
370 3447 432 3511 Vll,
446 3449 494 3501 130
503 3449 548 3501 fin.
557 3450 618 3503 coll.
631 3448 691 3500 173.

150 3515 202 3567 138
216 3515 265 3567 fin.
282 3516 347 3576 2033
368 3509 419 3565 τὸν
437 3508 555 3568 ἐπιόντα
568 3515 693 3582 πόλεμον

149 3577 314 3645 άμύνισθαι
327 3586 398 3636 dixit
410 3588 586 3655 Thucydides
599 3591 637 3650 11,
648 3589 692 3647 so,

148 3656 196 3706 ubi
216 3655 273 3708 vid.
289 3655 463 3721 interpretes.
497 3660 587 3724 Atque
610 3657 694 3709 simili

150 3725 209 3777 lere
218 3722 298 3774 modo
307 3726 627 3780 'thesseliPhoeensibus
637 3728 696 3794 pol·

150 3795 269 3845 licentur
286 3788 321 3844 τά
336 3785 452 3846 ἐπιόντα
468 3789 515 3847 ἐπὶ
529 3791 694 3863 crispeium

149 3857 327 3927 ἀποτρέψειν
341 3865 414 3929 spnd
428 3868 529 3919 Herod.
546 3869 629 3927 Vlll,
644 3869 693 3918 29:

149 3935 198 3985 ubi
213 3928 275 3982 τὸν
290 3924 409 3984 ἐπιόντα
421 3936 514 4002 refingi
529 3938 695 3991 vult'Nsber

150 4005 179 4054 in
192 4006 363 4070 Mnemosyn.
377 4006 425 4059 IV.
442 4023 468 4072 p.
484 4009 528 4058 28.
566 4009 619 4060 Sed
638 4007 694 4059 vid.

149 4074 190 4123 ibi
203 4077 274 4125 nott.
299 4074 342 4123 Ad
355 4090 430 4140 seqq.
440 4078 524 4128 verbe
534 4069 632 4138 ζεύξας
643 4069 696 4125 τόν

145 4134 360 4206 Ἑλλήσποντον
371 4146 444 4198 conf.
456 4152 526 4199 nott.
539 4147 574 4197 sd
587 4148 634 4208 IV,
645 4146 695 4205 83;

150 4213 187 4264 ed
199 4212 287 4264 verbs
300 4205 451 4278 πρόσχημα
461 4209 512 4279 μὲν
524 4210 697 4280 ποιούμενος

151 4282 189 4333 cf.
203 4285 274 4332 nott.
285 4281 321 4332 od
335 4283 384 4346 lV,
396 4283 445 4335 167
458 4290 485 4337 et
497 4286 531 4337 de
542 4286 695 4337 indicetivo

150 4341 262 4401 άλαύνει
277 4357 346 4402 nott.
362 4354 398 4404 od
412 4354 479 4417 Vll,
495 4354 553 4408 138.
578 4358 631 4407 Ρτο
644 4346 696 4404 τόν

151 4411 200 4487 ήῷ
207 4435 246 4470 ον
258 4420 379 4478 στρατὸν
388 4439 448 4473 cum
459 4425 696 4492 Dindorlio(Com·

151 4494 268 4543 mentst.
294 4491 328 4544 de
351 4493 608 4547 τ11ιι1εο1.11οτο(1ο1.
631 4511 694 4563 μσς.

740 2405 786 2450 tur
797 2400 951 2465 genitivus,
970 2404 1127 2470 plerumque
1143 2404 1281 2455 adiectum

740 2476 784 2520 est
806 2469 963 2522 adverbium
985 2461 1016 2523 εὖ
1035 2473 1079 2524 vel
1097 2473 1186 2524 simile
1207 2473 1281 2539 qnid,

741 2545 773 2590 ut
785 2540 807 2599 1,
820 2539 869 2604 30,
884 2541 932 2592 ubi
945 2544 1001 2599 vid.
1016 2548 1085 2595 nott.
1102 2544 1126 2606 1,
1144 2543 1203 2596 lou.
1222 2545 1280 2597 140.

740 2610 824 2672 Vlll,
840 2611 899 2663 111.
915 2616 953 2674 V,
967 2615 1016 2677 62,
1034 2616 1079 2665 ubi
1093 2615 1149 2664 vid.
1167 2618 1237 2665 nott.
1254 2618 1284 2665 et

741 2678 803 2730 sdd.
824 2679 939 2732 eliorum
959 2687 1123 2749 scriptorum
1140 2683 1208 2735 locis
1229 2685 1283 2733 Lu-

742 2748 814 2800 cisni
828 2750 932 2815 lmagg.
946 2754 976 2804 11
994 2753 1054 2817 (ubi
1069 2752 1217 2806 viduasti
1235 2768 1283 2805 sn-

742 2820 871 2881 αριστι),
895 2823 1044 2888 Hyperidis
1071 2823 1144 2888 epod
1166 2824 1281 2887 Dionys.

742 2886 833 2940 Hslic.
846 2893 878 2941 T.
892 2891 932 2943 11.
945 2908 969 2956 p.
988 2894 1045 2954 170,
1059 2894 1107 2953 10,
1120 2891 1283 2943 Philostrst.

742 2958 799 3007 vit.
815 2960 903 3025 Apoll.
923 2962 1006 3026 VlIl,
1029 2963 1076 3024 18,
1097 2962 1197 3012 Suidue
1217 2977 1239 3012 s.
1255 2978 1283 3014 τ.

743 3019 902 3091 Εύτόκιος,
925 3046 994 3096 quse
1017 3032 1098 3083 effert
1117 3031 1282 3082 Valckensr.

743 3097 778 3147 sd
789 3096 814 3147 h.
826 3097 844 3149 1,
854 3117 860 3161 ;
880 3101 976 3166 itaque
987 3102 1117 3153 Reiskius
1129 3102 1213 3153 scribi
1224 3101 1284 3154 vult

742 3161 867 3230 μεγάλως
893 3186 941 3235 pro
969 3167 1104 3236 μεγάλης,
1132 3187 1187 3237 qus
1216 3187 1284 3223 voce

742 3252 854 3317 μήσεται
864 3241 951 3293 eiecta
962 3241 1161 3293 Valckenarius
1178 3242 1286 3307 refingit

743 3320 774 3355 ευ
795 3300 881 3372 ήκεις.
921 3311 1053 3376 Equidem
1070 3328 1132 3363 cum
1148 3312 1286 3378 Schweig-

742 3375 877 3430 hseusero
890 3396 907 3430 s
919 3380 996 3432 libris
1008 3384 1126 3434 uetustis
1140 3387 1214 3434 sture
1229 3398 1286 3433 ms-

743 3444 783 3495 lni
804 3466 884 3515 quem
908 3452 1027 3504 incertas
1047 3453 1125 3518 sequi
1139 3454 1287 3505 correctio-

743 3531 802 3567 nes.
830 3521 954 3585 Etenim,
971 3527 1001 3572 nt
1014 3523 1048 3574 sd
1063 3522 1089 3575 h.
1105 3522 1124 3574 1.
1139 3524 1287 3588 sdsoripsit

742 3585 815 3638 idem
847 3590 1141 3657 Schweighaeuserus,
1175 3593 1288 3654 „mults

744 3660 869 3722 „passim
889 3662 918 3711 in
936 3667 1058 3713 veterum
1083 3665 1193 3728 scriptis
1212 3680 1288 3727 repe·

744 3730 872 3788 „riantur
896 3722 972 3791 ἅπαξ
999 3728 1151 3797 λεγόμενα,
1184 3732 1287 3783 multoe

746 3801 832 3859 „item
847 3800 979 3851 iormnlse
991 3802 1196 3865 insolentiores,
1216 3818 1288 3868 quse

745 3870 877 3930 ‚,turbsre
899 3871 1007 3934 quidem
1030 3887 1080 3922 nos
1103 3878 1218 3937 possunt
1236 3888 1287 3923 nec

746 3940 824 3999 „viro
835 3939 938 3989 ideireo
950 3940 1085 3991 eliminari
1100 3943 1231 3992 continuo
1243 3941 1288 3992 de·

747 4009 841 4070 „bent
870 4008 955 4059 immo
966 4027 1043 4073 vero,
1058 4026 1117 4061 cum
1131 4013 1159 4065 1.
1174 4010 1224 4063 140
1235 4002 1289 4076 χιό-

746 4071 1291 4155 „pquigeritlderodotusopime›inov-

748 4160 820 4208 ,σαν
837 4162 890 4197 ουκ
907 4140 1027 4213 ὁμοίως,
1040 4166 1094 4201 non
1106 4152 1225 4215 adiectu,
1240 4148 1289 4201 sed

747 4216 959 4278 „subintellecta
987 4206 1019 4270 εὖ
1043 4221 1191 4286 perticuld,
1217 4236 1290 4272 eum·

747 4303 820 4353 „qne
829 4287 906 4350 Vlll,
919 4288 965 4340 111
978 4286 1057 4339 θεάν
1067 4288 1197 4353 χρηστῶν
1222 4288 1289 4355 (uon
1378 4330 1380 4335 ,

747 4356 840 4418 „nude
862 4356 953 4424 θεαῖν)
978 4348 1078 4424 ἥκοιεν
1094 4347 1131 4409 εύ
1139 4361 1289 4426 scripserit,

747 4428 864 4494 „quidni
881 4427 951 4479 idem
968 4429 995 4479 ls.
1012 4431 1029 4480 l.
1051 4421 1191 4493 δυνάμιος
1209 4420 1290 4494 ἥκεις

746 4488 887 4564 ,μεγάλης
906 4496 990 4564 (quod
1002 4499 1144 4569 eliquanto
1159 4501 1289 4557 muloreur
