3100 5175
1221 369 1283 435 473

463 372 736 435 POLYMNIA.
759 374 831 435 VII.
857 383 896 438 16.
918 387 937 429 2.
950 387 970 430 a.

148 547 344 637 δευόμενον.
381 552 528 644 φανήναι
551 548 589 616 δέ
609 547 711 618 οὐδέν
728 548 857 635 μᾶλλόν
876 574 931 636 μοι
952 544 1081 636 ὀφείλει
1101 552 1208 634 ἔχοντι
1223 543 1285 634 τήν

148 652 213 742 σήν
227 656 353 741 ἐσθῆτα
368 646 389 740 ή
403 647 443 719 οὐ
465 651 520 721 καὶ
540 648 603 738 τήν
621 650 721 740 ἐμήν,
747 649 830 722 οὐδέ
841 680 872 720 τι
887 657 1014 739 μᾶλλον
1029 654 1065 720 ἐν
1079 657 1173 740 κοίτη
1186 655 1227 742 τή
1241 655 1283 738 σή

147 754 395 846 ἀναπαυομένῳ
410 749 431 842 ἢ
453 751 494 822 οὐ
508 756 563 823 καί
580 757 617 823 ἐν
630 761 670 844 τή
691 759 754 844 ἐμῇ
762 808 770 840 ,
789 756 830 825 ἐἴ
847 758 909 842 πέρ
924 783 962 842 γε
977 758 1032 826 καὶ
1046 752 1153 834 ἄλλως
1172 758 1284 825 ἐθέλει

148 864 309 948 φανήναι.
341 856 382 928 οὐ
397 856 460 946 γὰρ
475 856 518 946 δή
533 860 565 938 ἐς
579 858 718 929 τοσοῦτό
732 887 770 945 γε
786 858 943 947 εὐηθείης
958 856 1074 948 ἀνήκει
1088 863 1203 942 τοῦτο,
1221 856 1239 928 ό
1253 886 1283 926 τι

148 963 192 1053 δή
205 965 283 1034 κοτέ
299 964 368 1031 ἐστι
382 960 419 1030 τό
435 960 696 1050 ἐπιφαινόμενόν
710 990 759 1032 τοι
775 966 812 1032 ἐν
825 969 871 1055 τῷ
886 960 999 1056 ὕπνῳ,
1014 959 1108 1056 ἶιόστε
1124 961 1212 1043 δόξει
1227 960 1284 1048 ἐμὲ

147 1063 239 1155 ὁρῶν
254 1065 290 1135 σέ
309 1064 412 1149 εἶναι,
435 1069 474 1153 τή
495 1071 536 1154 σή
559 1067 676 1153 ἐσθήτι
692 1067 964 1155 τεκμαιρόμενον.
1003 1073 1034 1137 εί
1049 1066 1086 1135 δέ
1100 1065 1157 1154 ἐμὲ
1172 1064 1234 1153 μέν
1247 1068 1284 1134 ἐν

147 1167 266 1240 οὐδενὶ
280 1169 369 1261 λόγῳ
384 1168 575 1256 ποιήσεται,
589 1166 669 1239 οὐδὲ
684 1166 819 1252 ιῖξιοόσει
837 1175 1059 1259 ἐπιφανῆναι,
1075 1166 1152 1240 οὔτε
1167 1164 1209 1257 ήν
1222 1166 1284 1257 τήν

147 1272 232 1361 ἐμήν
247 1275 372 1360 έσθήτα
394 1278 474 1359 ἔχω,
499 1268 575 1341 οὔτε
596 1268 713 1360 ήντήν
726 1273 806 1362 σήν,
828 1273 866 1343 σέ
887 1274 923 1343 δέ
940 1274 1162 1363 ἐπιφοιτήσει,
1187 1277 1284 1342 τοῦτο

146 1375 213 1465 ήδη
228 1379 399 1464 μαθητέον
412 1378 491 1444 ἐστί.
519 1381 550 1443 εί
563 1373 626 1463 γὰρ
642 1375 683 1464 δή
696 1377 923 1466 ἐπιφοιτήσειέ
932 1405 969 1464 γε
980 1379 1162 1466 συνεχέως,
1178 1383 1289 1477 φαίην

146 1477 191 1548 ἂν
205 1481 260 1549 καὶ
275 1477 375 1559 αὐτὸς
393 1489 491 1547 θεῖον
505 1478 602 1547 εἶναι.
644 1486 687 1549 nt
701 1484 741 1549 δέ
758 1510 808 1550 τοι.
823 1479 910 1549 οὕτω
926 1481 1102 1569 δεδόκηται
1116 1488 1284 1569 γίνεσθαι,

147 1586 206 1653 καὶ
220 1580 282 1652 οὐκ
296 1577 351 1651 οἷό
372 1610 407 1652 τε
422 1579 505 1651 αὐτὸ
527 1586 754 1671 παρατρέψαι,
774 1581 849 1654 ἀλλ’
868 1584 931 1673 ήδη
948 1591 1001 1655 δεῖ
1014 1585 1069 1672 ἐμὲ
1084 1589 1122 1654 έν
1135 1590 1230 1671 κοίτη
1244 1589 1284 1670 τή

148 1805 199 1854 pra
215 1788 271 1849 111,
287 1788 335 1839 82:
356 1777 398 1837 iot
412 1779 475 1837 ἐπεῖ
487 1780 581 1837 πάντα
595 1790 693 1839 oolia—
742 1791 866 1857 equidem
876 1792 1061 1844 Gaisiordiunr
1077 1792 1157 1859 plane
1173 1795 1284 1843 secutus

72 1885 80 1895 .
146 1854 237 1925 βόντα
255 1851 355 1907 εἰπεῖν.
394 1859 470 1920 Quae
493 1874 554 1908 cum
571 1860 692 1922 itaaint,
743 1862 868 1925 exhibui,
890 1862 1007 1914 lectione
1020 1862 1211 1914 constituenda
1224 1878 1284 1927 pro·

146 1930 311 1994 scripturam
330 1928 470 1979 Sanoroiti
494 1927 556 1978 libri
580 1922 614 1978 σὺ
634 1932 692 1979 πᾶν
743 1930 1284 1997 iertStegerus,eumeritoexplositoen·

743 2019 789 2052 sor
799 2003 950 2085 Iripsienais
963 2002 1092 2069 (Ergituz.
1106 2002 1191 2056 Bliitt.
1207 2001 1282 2053 1833.

743 2069 1286 2213 Ρ’όέῡδέἐπιφοιτήσει,τοτῖτο1βο1ινιοίρ·

146 1990 251 2055 αὐτὸς
270 1993 415 2064 συλλαβών
434 1994 549 2059 εἴρηκας
561 1998 636 2049 baud
650 2015 693 2051 re-

146 2067 692 2133 cepitioeteamtueaturEItz.(Juhrbb.

147 2140 166 2191 f.
179 2136 277 2188 PhiIoI.
294 2152 320 2187 u.
332 2138 453 2202 Paedag.
464 2138 559 2203 Suppl.
570 2140 631 2192 Vol.
643 2141 691 2190 IX.

148 2226 177 2274 p.
192 2208 254 2271 315)
264 2244 271 2269 ,
283 2209 325 2257 ita
340 2206 495 2273 explicans:
521 2215 566 2271 „tu
577 2210 633 2272 ipre
642 2224 693 2260 om·

145 2280 191 2328 nio
208 2278 290 2328 uerbis
306 2281 355 2327 tuis
372 2278 591 2341 comprehendisti,
612 2282 648 2329 ito
667 2287 694 2329 ut

146 2364 199 2398 non
219 2362 282 2410 opna
301 2350 335 2397 ait
354 2350 391 2398 eia
412 2349 545 2415 quidquam
566 2349 692 2399 addere.“

147 2420 201 2468 Pro
218 2416 291 2482 vulg.
309 2409 481 2481 φανήσεται,
507 2418 578 2482 quod
599 2425 692 2469 tenuo·

147 2492 213 2538 runt
225 2486 354 2538 Sahaeier
368 2491 395 2537 et
407 2487 521 2551 Matri„
541 2503 574 2538 ex
589 2490 691 2553 optimo

146 2558 307 2609 Florentino
323 2572 393 2607 uuna
405 2556 506 2608 editum
520 2549 647 2622 φανήτω.

183 2615 250 2691 ήού
267 2623 314 2676 καὶ
328 2621 382 2691 τήν
403 2616 486 2693 ἐμήν]
508 2628 552 2677 Itu
568 2645 628 2679 curu
649 2645 694 2680 re-

147 2702 234 2749 oeutt.
242 2697 302 2748 edd.
311 2696 419 2760 reposui
431 2713 444 2746 e
454 2697 594 2747 Schaeieri
605 2714 694 2749 emen-

42 2775 53 2799 ·
147 2768 260 2819 datione
277 2768 311 2816 ad
326 2766 439 2831 Gregor.
456 2767 579 2818 Corinth.
593 2785 619 2833 p.
633 2768 690 2818 102.

148 2837 230 2888 Cani.
243 2836 345 2887 Herod.
359 2837 412 2897 IV,
427 2837 475 2887 118
494 2837 584 2900 ibique
596 2837 691 2887 allata.

147 2907 238 2967 Vulgo
252 2895 272 2969 ή
286 2897 350 2954 οὐκὶ
366 2902 419 2968 τήν
429 2897 510 2970 ἐμήν.
538 2908 579 2956 De
590 2907 618 2955 vi
632 2917 694 2971 μαι*-

147 2976 252 3026 tieuiue
269 2976 417 3041 negativae
434 2979 462 3026 in
482 2976 533 3027 hau
555 2992 694 3041 eompara-

146 3047 199 3096 tivi
219 3049 357 3095 structura
378 3048 486 3109 positae
504 3047 610 3096 monuit
629 3061 694 3109 quo-

148 3132 202 3182 que
218 3115 345 3166 Knehner
360 3115 406 3166 Gr.
419 3115 464 3165 Gr.
483 3119 507 3179 5,
524 3117 589 3177 117,
605 3118 620 3164 5
642 3115 692 3165 hoc

147 3188 209 3250 ipso
231 3186 290 3237 Ioco
307 3184 407 3240 allato,
430 3202 507 3250 quem
528 3189 567 3234 ita
586 3185 694 3235 Latinis

145 3256 239 3306 verbis
264 3255 384 3306 reddidit
407 3255 693 3321 Schweighaeuserus:

147 3325 242 3388 „debet
259 3333 342 3374 aurem
357 3324 414 3375 midi
424 3325 499 3376 nitito
518 3327 597 3390 raupta
610 3340 693 3388 oppo-

145 3411 206 3446 rere
223 3403 266 3444 tua
284 3401 354 3444 ueste
368 3395 453 3445 induto
465 3412 539 3460 quom
554 3412 625 3452 meru
648 3407 694 3444 neo

145 3468 228 3530 mepta
236 3473 276 3514 ίαο
285 3468 308 3515 iu
321 3467 384 3517 tecto
396 3465 498 3515 cubanti
508 3482 580 3530 quam
589 3469 613 3515 iu
625 3482 693 3516 meo:

144 3538 171 3586 si
183 3538 253 3585 modo
265 3535 360 3584 omniuo
372 3537 549 3597 opportunum
562 3536 630 3586 eat.“

182 3602 212 3654 εί
224 3601 276 3665 πέρ
290 3600 380 3668 γεκαὶ
393 3598 482 3662 ἄλλως
496 3596 586 3654 ἐθέλει
598 3600 691 3668 φανή-

145 3672 207 3739 ναι]
224 3673 334 3725 'Werfer
350 3673 377 3724 in
393 3677 465 3726 seu.
479 3673 555 3740 phiIl.
566 3676 690 3724 Menace.

145 3745 171 3797 Ι.
183 3761 210 3809 p.
220 3743 272 3795 236
282 3732 372 3800 didos
387 3750 517 3795 mutatum
532 3744 593 3795 vult
607 3748 634 3793 in
644 3735 691 3793 rii-

145 3814 221 3871 dorc:
243 3816 268 3864 α’
281 3813 378 3879 quidem
396 3818 468 3865 etiam
484 3817 542 3864 aliia
560 3813 625 3879 (non
641 3814 692 3864 tibi

145 3882 212 3944 soii)
224 3898 355 3946 apparere
364 3886 429 3935 vetis.
448 3884 527 3946 Quod
538 3886 691 3949 speciosum

145 3953 255 4019 quidem
269 3952 393 4016 videtur,
415 3970 582 4018 requerere
597 3968 691 4003 necea-

145 4023 267 4082 aarium,
296 4024 373 4073 modo
397 4022 537 4087 inteiligas
557 4015 618 4085 ἐμοδ
637 4038 692 4085 φα·

145 4091 248 4157 νήναι,
278 4095 392 4143 altatare
422 4092 691 4154 Schweighaeusero.

145 4166 246 4228 ltaque
261 4163 284 4211 is
299 4162 353 4212 loni
365 4178 475 4214 seusus:
498 4166 540 4225 „ei
552 4164 648 4228 quidem
662 4163 692 4212 ii-

144 4235 192 4282 Iud
203 4235 299 4282 omuino
312 4231 400 4296 (mihi)
416 4247 543 4295 apparere
555 4232 644 4285 oetit.“
659 4259 691 4268 —-

144 4301 188 4352 Ad
201 4302 285 4354 verba
300 4293 329 4349 έν
343 4293 440 4352 οὐδενὶ
454 4294 526 4365 λόγῳ
541 4296 691 4366 ποιήσεται

146 4373 176 4421 in
195 4388 272 4437 seqq.
292 4372 386 4423 oonfer
406 4371 491 4421 alluta
508 4372 542 4420 ad
560 4372 629 4430 VII,
648 4372 689 4423 lt.

145 4443 224 4504 Quae
243 4446 335 4492 antem
357 4442 389 4493 de
411 4442 491 4494 huiua
514 4440 581 4505 loci,
612 4456 691 4507 quem

742 2211 891 2262 haeuserus
904 2211 937 2261 de
947 2226 996 2261 suo
1008 2210 1139 2271 ediderat,
1152 2210 1285 2275 probante

742 2282 826 2331 Miot:
850 2275 877 2329 εί
888 2272 919 2329 δέ
933 2277 979 2329 καὶ
993 2272 1170 2345 ἐπιφοιτήσει
1189 2281 1284 2343 τοῦτο,
1313 2315 1318 2324 .

742 2351 840 2401 maiori
859 2349 1034 2401 distinctione
1054 2356 1118 2401 ante
1138 2351 1188 2400 has
1203 2366 1284 2401 voces

742 2422 843 2486 posita.
858 2421 906 2469 Vir
917 2421 1012 2470 doetus
1026 2421 1052 2468 in
1062 2421 1124 2471 Jen.
1136 2419 1204 2473 Litt.
1214 2420 1282 2471 Zeit.

745 2491 819 2542 1828.
837 2505 877 2541 nr.
895 2490 952 2540 180.
970 2506 997 2554 p.
1012 2491 1045 2541 47
1065 2485 1147 2540 scribi
1166 2490 1285 2540 mavultr

742 2552 934 2624 ἐπιφοιτήσει·
958 2551 1096 2610 τοῦτοδὲ
1115 2548 1172 2625 ήδη
1194 2559 1284 2624 μαθη-

741 2625 807 2681 τέον
820 2624 905 2680 ἐσται.
930 2630 962 2680 In
975 2631 1098 2695 proxime
1110 2630 1285 2694 sequentibus

741 2701 834 2752 verbis
861 2693 888 2748 εί
909 2691 962 2763 γὰρ
984 2694 1020 2763 δή
1046 2690 1239 2763 ἐπιφοιτήσειέ
1256 2713 1286 2762 γε

742 2772 814 2820 Eitz.
834 2770 853 2820 I.
875 2768 892 2823 1.
914 2770 998 2833 recipi
1019 2768 1079 2819 vnit
1095 2763 1284 2831 ἐπιφοιτήσει,

744 2840 815 2904 quod
827 2839 1002 2889 Florentinus
1017 2843 1044 2887 et
1058 2838 1197 2889 Sanerofti
1217 2838 1286 2888 liber

743 2909 838 2968 affert,
856 2908 1008 2973 optativum
1022 2899 1212 2971 ἐπιφοιτήσειι
1227 2925 1244 2957 a
1255 2907 1286 2957 li-

742 2980 841 3028 brariis
856 2977 995 3027 inductum
1010 2992 1070 3027 ease
1083 2983 1159 3027 ratur
1175 2982 1285 3042 propter

744 3052 902 3113 sequentem
925 3048 1078 3112 optativum
1105 3045 1208 3112 (φαίην
1226 3039 1286 3110 ἄν),

743 3120 771 3169 id
782 3119 854 3183 quod
864 3118 1044 3169 necessarium
1055 3132 1115 3168 esse
1123 3122 1214 3182 negat,
1226 3133 1285 3167 euru

746 3189 845 3240 Graeci
864 3189 974 3252 saepius
993 3189 1032 3237 sie
1051 3188 1192 3252 posuerint
1206 3181 1231 3236 εί
1245 3203 1287 3236 se·

745 3265 846 3323 queute
857 3257 942 3307 futuri
957 3257 1115 3317 indicativo,
1126 3258 1174 3307 ubi
1183 3258 1209 3306 iu
1221 3273 1288 3322 apo-

745 3329 804 3379 doai
818 3328 957 3393 optativus
973 3344 1033 3378 cunr
1047 3318 1231 3391 particulatio
1245 3344 1286 3378 re·

744 3398 878 3462 periatur.
903 3399 980 3448 utin
1001 3397 1102 3448 Herod.
1120 3397 1203 3452 VIII.
1226 3398 1286 3448 108.

742 3469 805 3526 Vll,
820 3468 845 3521 9.
861 3467 925 3528 161,
939 3468 1000 3518 ooli.
1017 3466 1160 3518 Heindorf.
1174 3469 1208 3518 ad
1221 3467 1286 3518 Pla-

743 3544 799 3589 ton.
822 3537 960 3589 Phaedon.
979 3554 1041 3602 pag.
1061 3538 1112 3588 ‘218
1135 3541 1162 3586 et
1177 3538 1284 3588 Iacobo.

743 3609 899 3658 Emendatt.
912 3608 938 3657 in
949 3608 1046 3661 Athen.
1058 3625 1084 3672 p.
1093 3607 1136 3656 20.
1165 3607 1243 3669 Quod
1257 3613 1287 3655 nt

742 3679 811 3728 bene
825 3679 1000 3728 concedimus
1013 3678 1072 3728 fieri
1087 3692 1179 3741 posse.
1195 3677 1236 3726 ita
1250 3676 1285 3725 ad

743 3748 814 3799 hune
827 3747 915 3799 locum
936 3749 1023 3798 miuus
1040 3751 1132 3811 aptum
1154 3745 1179 3795 id
1200 3746 1286 3796 videri

743 3819 854 3883 poterit,
865 3819 893 3867 in
905 3832 956 3882 quo
966 3817 1090 3867 consulto
1100 3816 1199 3866 Noster
1209 3820 1287 3880 opta·

743 3888 830 3937 tivum
844 3887 885 3938 vei
907 3888 934 3936 iu
949 3888 1051 3944 protasi
1073 3886 1198 3950 posuisse
1213 3885 1286 3935 vide-

743 3963 795 4007 tur.
809 3984 840 3992 -
854 3958 906 4006 Pro
921 3949 970 4004 oid
980 3970 1008 4010 τε
1022 3947 1091 4005 αὐτὸ
1107 3947 1285 4016 παρατρέψαι

743 4026 970 4092 NengamavuIt:
995 4016 1042 4073 old
1061 4038 1095 4073 σε
1121 4015 1211 4072 αὐτοῦ
1235 4038 1287 4071 πα-

744 4091 893 4159 ρατρέψαι.
925 4094 965 4145 Ad
979 4095 1091 4144 verbum
1105 4088 1286 4155 παρατρέψαι

743 4166 857 4228 eiusque
878 4164 1105 4231 significationem
1124 4163 1196 4214 conf.
1216 4170 1286 4220 nott.

744 4236 780 4286 ad
795 4236 848 4290 111.
864 4237 891 4285 2.

777 4298 841 4353 ἄλλ’
851 4297 907 4369 ἤδη
920 4300 968 4351 δεῖ
974 4292 1032 4369 ini]
1048 4304 1079 4354 In
1090 4303 1166 4352 libris
1176 4304 1228 4354 ueri
1250 4305 1285 4354 tte

742 4374 877 4439 plerisque
888 4373 1038 4424 invenitur:
1054 4366 1118 4436 ἀλλ’
1130 4362 1185 4437 ήδη
1201 4366 1220 4438 ἢ
1229 4319 1286 4437 ἐμὲ,

742 4445 813 4495 uude
827 4443 989 4496 Schaeierus
1005 4444 1163 4495 coniectura
1179 4445 1286 4497 refinxit
