3100 5175
494 349 559 411 ΑΙ)
584 348 837 411 HERODOT.
863 351 898 423 V,
923 359 965 414 67.
1233 351 1293 412 807

155 515 270 584 τούτοις
289 515 470 592 ἠγωνίζοντο,
490 514 562 593 ὅπερ
582 522 631 577 καὶ
651 518 924 592 saeveritatem.
945 516 1107 591 ὕστερονδὲ
1126 520 1293 599 μεταβάντες

155 604 200 669 εἰς
214 602 246 661 τὸ
265 609 418 681 τραγῳδίας
435 603 567 678 γράφειν,
592 603 662 662 κατὰ
677 603 778 677 μικρὸν
792 606 830 670 εἰς
851 604 961 678 μύθους
976 608 1025 663 καὶ
1043 607 1162 679 ἱστορίας
1176 607 1292 683 ἐτράπη-

129 735 131 739 .
155 710 221 762 σαν,
243 691 338 762 μηκέτι
361 696 411 747 τοῦ
428 689 568 749 Διονύσου
584 695 646 763 (τοῦ
668 696 739 748 θεοῦ
756 694 851 759 Phot.)
866 690 1086 763 μνημονεύοντες
1102 716 1126 755 κ,
1138 717 1162 751 τ.
1171 701 1201 752 ·1..
1235 700 1288 752 Ubi

155 779 272 831 attende
296 778 330 830 ad
351 779 411 831 illa:
432 780 533 832 Postea
557 798 622 833 vero
642 779 801 847 tragoedias
822 781 944 832 scribere
964 784 1090 848 aggressi
1107 783 1234 851 paulatim
1256 785 1289 837 ad

152 867 265 929 [obulus
281 871 309 916 et
324 866 446 918 historiar
460 869 631 933 deflexerunt,
647 869 750 919 nullum
766 868 864 919 Bacchi
882 868 1038 920 mentionem
1062 871 1175 938 amplius
1187 873 1289 932 socien-

155 960 205 1002 tcr.
251 950 321 1003 Eius
344 950 381 1003 rei
404 951 485 1002 testis
505 951 632 1003 landatur
648 950 827 1004 Chamaeleon
849 951 875 1003 iu
893 951 961 1003 libro
983 952 1017 1003 de
1031 952 1180 1022 Thespide.
1226 956 1288 1008 Non

154 1034 280 1102 neglexit
291 1052 348 1086 eam
361 1053 425 1101 rem,
444 1036 593 1111 quinnper
605 1036 638 1088 de
651 1037 692 1087 his
707 1036 814 1088 artibus
828 1036 971 1104 ingeniose
983 1037 1136 1105 disputavit
1147 1039 1168 1090 l.
1183 1039 1286 1092 Hanss.

153 1120 193 1172 ad
207 1114 366 1172 Aristotelis
393 1120 524 1188 poeticam
551 1122 585 1172 ab
609 1140 640 1173 co
664 1120 761 1173 editam
784 1121 909 1190 append.
932 1140 958 1190 p.
986 1125 1111 1175 67-73
1136 1129 1163 1176 ct
1189 1124 1287 1176 iterato

152 1204 411 1274 Boeckhiu5‚'crrm
433 1205 459 1256 in
478 1205 570 1258 Princ.
587 1209 685 1260 Graec.
701 1205 826 1273 tragoed.
848 1225 875 1274 p.
893 1210 944 1258 250
959 1224 1053 1277 seqq,
1076 1214 1130 1261 tum
1154 1209 1181 1260 in
1202 1209 1288 1262 libro:

154 1290 209 1342 Die
232 1289 512 1358 Staatshuushaltuug
532 1291 581 1342 der
601 1291 723 1343 Athener
742 1290 803 1343 Vol.
819 1291 856 1343 ll.
876 1310 902 1360 p.
925 1294 973 1344 3111
997 1310 1076 1362 seqq.
1100 1294 1184 1363 [dh-ll,
1210 1296 1287 1347 ubia

154 1374 275 1427 Bentleii
302 1376 464 1427 auctoritate
491 1393 566 1427 saram
592 1376 757 1428 seutentiam
790 1376 912 1443 seiungit
937 1376 1019 1446 [Add.
1046 1378 1130 1446 Corp.
1157 1374 1286 1449 luscript.

152 1461 256 1514 Graec.
272 1460 293 1511 l.
311 1478 373 1529 pag.
385 1463 435 1514 765
448 1469 484 1525 et,
497 1460 543 1530 qui
555 1461 693 1513 Boeckhio
705 1459 866 1523 assentitur,
882 1461 1014 1513 Kreuser.
1026 1463 1134 1516 Homer.
1148 1463 1286 1533 Rhapsod.

151 1563 182 1614 p.
199 1547 251 1598 2118
272 1562 348 1614 seqq.
367 1546 427 1599 Vid.
443 1561 553 1616 quoqne
567 1546 660 1598 Bode:
675 1546 832 1598 Geschicht.
847 1546 874 1596 d.
891 1545 989 1598 hellen.
1007 1546 1183 1600 Dichtkunat.
1202 1549 1242 1615 ll,
1259 1554 1285 1602 ’2.

150 1646 219 1698 pag.
238 1632 296 1682 165.
310 1632 359 1683 377
381 1638 408 1683 et
425 1630 481 1697 lll,
500 1635 521 1684 l.
545 1648 608 1699 pag.
623 1636 672 1697 24,
695 1630 743 1700 qui
763 1631 883 1697 tragicos
898 1631 1088 1698 Sicyoniorum
1109 1632 1207 1685 choros
1230 1652 1284 1687 non

151 1713 223 1766 alios
239 1722 322 1784 atque
337 1716 549 1783 dithyrambioos
565 1716 715 1783 s.cyclicos
730 1715 820 1768 luisse
834 1714 909 1767 volt:
924 1716 998 1785 quod
1010 1716 1078 1769 idern
1095 1720 1286 1786 pronuntiavit

151 1801 178 1850 G
184 1799 272 1852 odolr.
292 1800 440 1853 Hermann.
454 1800 574 1868 (lpuscc.
588 1801 649 1855 Vll.
667 1820 694 1870 p.
711 1804 772 1854 ala.
790 1800 849 1867 Ba]
860 1796 898 1865 *).
936 1803 1101 1855 Comoedinm
1116 1820 1132 1854 a
1145 1802 1284 1869 Sicyoniis

151 1884 292 1937 inventam
315 1886 407 1953 prodit
429 1886 545 1937 Orestes
566 1886 648 1953 piritu
668 1886 694 1937 iu
712 1885 858 1953 Antholog.
880 1886 930 1937 Gr.
949 1886 984 1951 ll,
1001 1891 1026 1938 ’1.
1043 1890 1104 1939 331.
1121 1888 1282 1957 (antholog.

150 1968 241 2021 Palat.
258 1968 368 2024 Valli.
385 1988 448 2040 pag.
463 1973 515 2025 3⁴28
533 1988 592 2039 seq.
610 1988 651 2022 nr.
668 1973 740 2037 32),
766 1979 839 2022 recte
855 1971 1008 2039 explicante
1031 1971 1155 2023 lacobsio
1172 1973 1198 2024 in
1218 1973 1283 2025 Ani·

150 2055 304 2107 madversa.
317 2055 354 2121 Il,
368 2061 393 2108 ⁶2.
409 2073 472 2124 pag.
485 2053 583 2121 332*).
600 2054 744 2108 Caeterum
756 2073 834 2107 nemo
851 2072 952 2121 eorum,
970 2056 1017 2124 qni
1033 2056 1120 2108 adhuc
1131 2056 1164 2110 de
1180 2057 1283 2110 utrius-

150 2156 207 2209 que
224 2141 291 2191 artis
307 2140 462 2208 primordiis
479 2141 666 2209 disputarunt,
683 2147 828 2210 reputasse
844 2139 963 2204 videtur,
980 2157 1059 2209 qnam
1075 2142 1127 2192 vim
1145 2142 1172 2193 in
1190 2143 1238 2194 hac
1254 2161 1283 2195 re

150 2225 300 2278 habuerint
310 2228 452 2297 religiones
467 2226 547 2278 etiam
561 2228 725 2278 orientolium
740 2225 883 2291 hominum,
900 2232 928 2277 et
943 2226 1049 2279 Osireue
1061 2226 1201 2294 imprimis.
1227 2228 1282 2296 [Tu
1310 2290 1314 2302 Ι

149 2309 208 2361 vid.
227 2310 261 2377 ll,
281 2313 326 2362 171
342 2320 370 2363 et
386 2328 456 2381 quaa
471 2310 510 2362 ibi
525 2328 587 2380 pag.
601 2312 661 2364 813.
677 2310 738 2362 Vol.
753 2310 774 2361 l.
791 2309 930 2379 adscripta
941 2317 1015 2366 sunt.
1032 2313 1091 2380 ua]
1111 2312 1186 2363 Satis
1197 2312 1284 2380 igitur

149 2396 218 2446 haec
232 2395 341 2464 quidem
357 2402 479 2463 arguunt
492 2395 625 2447 Herodoti
642 2396 738 2447 verba:
757 2413 773 2447 a
793 2394 925 2447 comminui
945 2396 1145 2448 cousuetudine
1162 2398 1282 2449 Graeco-

150 2497 211 2532 rum
231 2479 383 2533 descirisse
397 2480 558 2548 Sicyonios,
581 2480 628 2550 qui
644 2498 698 2533 non
713 2481 848 2533 Bacchum
868 2497 1011 2532 scenarum
1029 2482 1185 2549 lugubrium
1199 2499 1283 2550 argu-

148 2571 269 2618 mentum
285 2566 408 2619 lacerent
423 2568 472 2620 sed
490 2566 621 2619 hominem
637 2572 728 2618 naham
743 2584 775 2619 ac
792 2565 894 2619 meritis
910 2565 969 2617 suia
989 2566 1016 2618 iu
1035 2567 1133 2619 heroas
1158 2566 1282 2620 relatum.

115 2659 119 2667 ’
150 2651 276 2704 Bocchus
292 2652 362 2704 enim
380 2653 440 2705 sire
456 2653 525 2706 detra
542 2652 602 2704 sive
619 2653 698 2704 heros
714 2652 837 2716 dicatur,
854 2652 971 2703 debebat
987 2651 1036 2703 hoc
1053 2652 1121 2721 ipsis
1144 2649 1282 2705 natalibus

149 2736 212 2789 suis
228 2742 255 2788 et
270 2737 306 2788 iis
321 2739 438 2807 eventis,
454 2754 525 2807 quac
537 2737 602 2789 inde
617 2743 765 2788 consecuta
787 2743 874 2802 erant,
892 2741 922 2787 ut
938 2736 1030 2787 scenis
1045 2736 1147 2800 sacris,
1164 2736 1282 2803 hymnis,

79 2851 90 2860 -
149 2816 344 2890 dithyrambis,
370 2823 494 2891 phallicis
522 2821 688 2874 carminibus
711 2821 866 2890 antiquitus
889 2820 1085 2873 celebraretur.
1129 2820 1283 2874 Pausanias

149 2913 240 2959 nartem
256 2924 308 2958 nos
325 2908 414 2976 docet,
431 2908 513 2974 Argis
529 2906 648 2958 locorum
667 2906 807 2958 vicinitate
821 2906 931 2957 iunctos
946 2905 1035 2957 fuisse
1049 2905 1184 2958 Bacchum
1199 2913 1282 2976 atque

147 2991 297 3045 Adrastum
312 2991 437 3044 Corinth.
462 2995 495 3045 23
517 2992 579 3043 init.
595 2990 719 3058 Vestigia
738 2992 798 3044 eius
818 2990 856 3042 rei
879 2989 990 3041 residua
1005 2990 1136 3043 videntur
1155 2991 1182 3043 iu
1206 2991 1282 3044 vasis

147 3079 318 3129 Graecorum
348 3077 439 3146 pictis,
477 3094 547 3147 quae
576 3075 656 3146 plura
689 3076 801 3129 Adrasti
832 3083 975 3146 utramque
1004 3076 1141 3128 fortunam
1171 3076 1281 3129 habent.

149 3162 191 3213 De
226 3178 281 3214 uuo
313 3162 424 3214 vasculo
456 3161 637 3231 disceptatum
669 3169 712 3214 est
744 3179 759 3213 a
788 3160 877 3212 doctis
898 3158 992 3226 Italis,
1013 3161 1152 3213 referente
1174 3160 1281 3213 Millino

148 3247 177 3298 in
196 3246 256 3299 libr.
274 3247 380 3314 Magus.
400 3247 540 3317 encyclop.
558 3249 625 3300 1804
639 3265 665 3315 p.
681 3251 732 3300 2211
746 3265 825 3317 seqq.
849 3245 909 3296 Nec
925 3244 978 3296 alia
993 3246 1095 3297 desunt
1109 3252 1283 3299 monumenta

148 3332 218 3383 artis
240 3332 273 3383 ad
292 3333 438 3386 Adrastum
458 3331 638 3402 pertinentia,
654 3330 744 3396 velut,
769 3340 800 3383 ut
819 3330 869 3381 boc
892 3335 969 3398 utar,
994 3347 1096 3397 gemma
1117 3332 1281 3401 perantiqua

149 3417 276 3469 Thebani
297 3416 361 3469 belli
382 3418 466 3470 draces
487 3417 597 3469 iunctos
620 3417 767 3480 exhibens,
793 3414 948 3467 nominibus
966 3415 1129 3484 adscriptis,
1146 3416 1172 3467 in
1191 3418 1283 3470 tanati

149 3502 233 3556 libro:
251 3502 353 3570 Saggio
369 3503 396 3555 di
413 3502 506 3571 lingua
521 3502 634 3557 Etrusc.
650 3501 686 3567 ll,
702 3502 759 3554 tab.
776 3500 853 3565 Vlll,
870 3518 911 3555 nr.
928 3504 943 3552 7
959 3508 987 3552 et
1009 3500 1081 3552 aliud
1104 3519 1188 3570 opus,
1207 3501 1280 3570 quod

217 3738 244 3803 *)
258 3739 335 3790 Adde
347 3739 423 3788 hisce
439 3754 480 3802 aa,
499 3754 568 3803 quae
582 3738 633 3789 hac
647 3738 680 3789 de
692 3754 720 3787 re
736 3737 819 3788 lrabet
831 3734 951 3788 Schultz.
985 3738 1086 3801 Appar.
1106 3735 1194 3786 critic.
1208 3751 1233 3800 p.
1247 3735 1278 3786 8:

148 3811 210 3873 „De
225 3809 316 3860 choris
334 3808 465 3872 tragicis,
490 3823 556 3874 quoa
579 3808 646 3859 dicit
661 3807 818 3858 Herodotus
830 3833 864 3842 -
879 3821 921 3856 rea
941 3807 1010 3857 satir
1031 3807 1154 3857 obscura.
1186 3805 1281 3870 Neque

147 3886 241 3931 tamen
251 3879 362 3930 dubium
374 3878 491 3943 videtur,
509 3879 575 3944 quin
585 3894 643 3929 eam
655 3878 740 3941 ipsam
754 3877 787 3927 ob
798 3891 908 3927 cansam
921 3875 1041 3941 Sicyonii
1052 3876 1105 3925 sibi
1114 3875 1281 3924 vindicarint

146 3948 306 4016 tragoediae
324 3949 509 3998 inventionem
526 3949 600 4013 iique
619 3947 788 4013 intelligendi
801 3948 856 3996 sint
870 3938 941 3994 ἔνιοι
954 3943 1011 3994 coin
1023 3935 1054 3994 ἐν
1069 3936 1280 4009 Πελοπονήνσῳ

148 4023 176 4070 iu
189 4018 331 4072 Aristotel.
349 4019 381 4068 Α.
399 4018 429 4067 Ρ.
446 4034 505 4082 cap.
522 4019 547 4071 3.
559 4021 584 4081 ξ.
598 4020 622 4071 5,
638 4018 729 4067 Herm.
742 4017 804 4069 coll.
819 4015 952 4066 Themist.
970 4016 1047 4069 Orat.
1060 4015 1175 4066 XXVII.
1189 4030 1214 4079 p.
1229 4014 1280 4065 337

146 4092 177 4141 Β.
191 4089 251 4156 [nbi
262 4087 421 4155 τραγῳδίας
431 4080 602 4151 εὑρεταὶμὲν
610 4080 774 4149 Σικυώνιοι,
782 4082 969 4149 τελεσιουργοὶ
982 4081 1013 4134 δὲ
1020 4078 1136 4134 Ἀττικοὶ
1149 4083 1266 4148 ποιηταί
1272 4100 1278 4133 :

148 4160 181 4211 de
203 4175 256 4225 qno
280 4159 340 4209 loco
362 4163 577 4223 argumentoque
599 4158 748 4208 consensis
768 4159 799 4207 G.
822 4156 980 4208 Schneider.
1007 4157 1049 4206 Da
1066 4156 1134 4218 orig.
1153 4154 1278 4220 tragoed.

148 4245 208 4295 cap.
228 4229 254 4282 3.
274 4245 300 4294 p.
321 4229 355 4277 22
373 4227 461 4293 seqq]
491 4226 601 4278 anthol.
618 4227 664 4278 Gr.
679 4229 774 4292 Epigr.
794 4218 893 4275 ιὶδὲοπ,
911 4225 958 4276 171
972 4227 1000 4275 in
1019 4225 1144 4276 Analect.
1165 4225 1211 4275 Br.
1226 4223 1278 4274 111.

146 4316 173 4365 p.
190 4300 240 4350 184
252 4298 347 4362 (Anah.
368 4298 444 4363 Lips.
461 4298 500 4348 IV
518 4313 543 4362 p.
561 4298 618 4348 151.
633 4297 714 4347 nath.
729 4294 818 4348 Palat.
834 4296 870 4346 11.
883 4311 909 4360 p.
926 4297 975 4346 797
992 4312 1031 4345 nr.
1048 4293 1108 4358 llb)
1122 4299 1149 4343 et
1164 4294 1279 4345 Orestae

147 4371 243 4433 Epigr.
259 4369 297 4419 11.
314 4370 343 4418 in
354 4367 442 4418 Anall.
457 4369 503 4421 Br.
516 4367 552 4416 11.
567 4382 629 4432 pag.
646 4367 697 4419 289
710 4366 804 4432 (noth.
819 4366 894 4431 Lipa.
908 4365 950 4415 111
966 4382 1028 4431 pag.
1045 4366 1068 4419 l.
1082 4362 1141 4415 Pal.
1158 4363 1196 4414 11.
1217 4380 1280 4430 pag.
1371 4355 1377 4364 ’

148 4436 419 4504 saanr.aa.)⁴‘sr.]
