<?xml version="1.0" encoding="UTF-8"?>
<!DOCTYPE html PUBLIC "-//W3C//DTD XHTML 1.0 Transitional//EN"
    "http://www.w3.org/TR/xhtml1/DTD/xhtml1-transitional.dtd">
<html xmlns="http://www.w3.org/1999/xhtml" xml:lang="en" lang="en">
 <head>
  <title>
</title>
<meta http-equiv="Content-Type" content="text/html;charset=utf-8" />
  <meta name='ocr-system' content='tesseract 3.04.00' />
  <meta name='ocr-capabilities' content='ocr_page ocr_carea ocr_par ocr_line ocrx_word'/>
</head>
<body>
  <div class='ocr_page' id='page_1' title='image "./herodotihalicar01unkngoog/herodotihalicar01unkngoog_0195.png"; bbox 0 0 3100 5175; ppageno 0'>
   <div class='ocr_carea' id='block_1_1' title="bbox 428 401 998 469">
    <p class='ocr_par' dir='ltr' id='par_1_1' title="bbox 428 401 998 469">
     <span class='ocr_line' id='line_1_1' title="bbox 428 401 998 469; baseline -0.016 -6"><span class='ocrx_word' id='word_1_1' title='bbox 428 401 801 464; x_wconf 81' lang='lat' dir='ltr'><strong>TERPSIOHORE.</strong></span> <span class='ocrx_word' id='word_1_2' title='bbox 823 404 861 465; x_wconf 87' lang='lat' dir='ltr'>V.</span> <span class='ocrx_word' id='word_1_3' title='bbox 883 412 927 469; x_wconf 77' lang='lat'>92.</span> <span class='ocrx_word' id='word_1_4' title='bbox 949 416 998 456; x_wconf 69' lang='lat' dir='ltr'>as.</span> 
     </span>
    </p>
   </div>
   <div class='ocr_carea' id='block_1_2' title="bbox 1225 404 1283 467">
    <p class='ocr_par' dir='ltr' id='par_1_2' title="bbox 1225 404 1283 467">
     <span class='ocr_line' id='line_1_2' title="bbox 1225 404 1283 467; baseline 0.034 -2"><span class='ocrx_word' id='word_1_5' title='bbox 1225 404 1283 467; x_wconf 84' lang='grc'>183</span> 
     </span>
    </p>
   </div>
   <div class='ocr_carea' id='block_1_3' title="bbox 286 556 1096 756">
    <p class='ocr_par' dir='ltr' id='par_1_3' title="bbox 286 556 1096 756">
     <span class='ocr_line' id='line_1_3' title="bbox 286 556 1096 653; baseline 0.001 -22"><span class='ocrx_word' id='word_1_6' title='bbox 286 564 408 651; x_wconf 82' lang='grc' dir='ltr'><strong><em>Ὄλβιος</em></strong></span> <span class='ocrx_word' id='word_1_7' title='bbox 424 556 510 645; x_wconf 75' lang='grc' dir='ltr'><strong><em>οὗτος</em></strong></span> <span class='ocrx_word' id='word_1_8' title='bbox 525 562 620 651; x_wconf 75' lang='grc' dir='ltr'><strong><em>ανὴρ,</em></strong></span> <span class='ocrx_word' id='word_1_9' title='bbox 636 563 668 646; x_wconf 78' lang='grc' dir='ltr'>ὃς</span> <span class='ocrx_word' id='word_1_10' title='bbox 683 562 755 650; x_wconf 82' lang='grc' dir='ltr'>ίμὸν</span> <span class='ocrx_word' id='word_1_11' title='bbox 770 565 861 651; x_wconf 80' lang='grc' dir='ltr'>δόμον</span> <span class='ocrx_word' id='word_1_12' title='bbox 877 570 1096 653; x_wconf 78' lang='grc' dir='ltr'><strong><em>ἐσκαταβαίνει,</em></strong></span> 
     </span>
     <span class='ocr_line' id='line_1_4' title="bbox 295 663 1073 756; baseline 0.004 -23"><span class='ocrx_word' id='word_1_13' title='bbox 295 665 433 752; x_wconf 71' lang='grc' dir='ltr'><strong><em>Κύψελος</em></strong></span> <span class='ocrx_word' id='word_1_14' title='bbox 445 663 593 752; x_wconf 75' lang='grc' dir='ltr'><strong><em>Ἠετίδης,</em></strong></span> <span class='ocrx_word' id='word_1_15' title='bbox 609 664 746 754; x_wconf 78' lang='grc' dir='ltr'><strong><em>βασιλεδς</em></strong></span> <span class='ocrx_word' id='word_1_16' title='bbox 759 678 886 735; x_wconf 77' lang='grc' dir='ltr'><strong><em>κλειτοῖο</em></strong></span> <span class='ocrx_word' id='word_1_17' title='bbox 900 677 1073 756; x_wconf 80' lang='grc' dir='ltr'><em>Κορίνθου·</em></span> 
     </span>
    </p>
   </div>
   <div class='ocr_carea' id='block_1_4' title="bbox 127 876 685 3025">
    <p class='ocr_par' dir='ltr' id='par_1_4' title="bbox 127 876 685 3025">
     <span class='ocr_line' id='line_1_5' title="bbox 140 876 683 944; baseline 0.009 -17"><span class='ocrx_word' id='word_1_18' title='bbox 140 876 274 944; x_wconf 76' lang='lat' dir='ltr'>Cypselus</span> <span class='ocrx_word' id='word_1_19' title='bbox 286 878 413 944; x_wconf 78' lang='lat' dir='ltr'>quamvis</span> <span class='ocrx_word' id='word_1_20' title='bbox 426 878 562 931; x_wconf 85' lang='lat' dir='ltr'>a&#39;Sosicle</span> <span class='ocrx_word' id='word_1_21' title='bbox 574 878 683 932; x_wconf 85' lang='lat' dir='ltr'>liberta·</span> 
     </span>
     <span class='ocr_line' id='line_1_6' title="bbox 139 948 685 1014; baseline 0.011 -18"><span class='ocrx_word' id='word_1_22' title='bbox 139 949 176 999; x_wconf 89' lang='lat' dir='ltr'>tis</span> <span class='ocrx_word' id='word_1_23' title='bbox 199 948 326 999; x_wconf 89' lang='lat' dir='ltr'>studioso</span> <span class='ocrx_word' id='word_1_24' title='bbox 343 964 393 1014; x_wconf 90' lang='lat' dir='ltr'>pro</span> <span class='ocrx_word' id='word_1_25' title='bbox 412 953 529 1013; x_wconf 82' lang='lat' dir='ltr'><strong>tyranno</strong></span> <span class='ocrx_word' id='word_1_26' title='bbox 551 948 685 1002; x_wconf 85' lang='lat' dir='ltr'>habeatur</span> 
     </span>
     <span class='ocr_line' id='line_1_7' title="bbox 137 1018 680 1083; baseline 0.006 -17"><span class='ocrx_word' id='word_1_27' title='bbox 137 1018 366 1083; x_wconf 66' lang='lat' dir='ltr'>vehemetierqus</span> <span class='ocrx_word' id='word_1_28' title='bbox 380 1025 534 1082; x_wconf 73' lang='lat' dir='ltr'>accusetur,</span> <span class='ocrx_word' id='word_1_29' title='bbox 549 1020 618 1070; x_wconf 88' lang='lat' dir='ltr'>alios</span> <span class='ocrx_word' id='word_1_30' title='bbox 633 1019 680 1071; x_wconf 85' lang='lat' dir='ltr'>ali·</span> 
     </span>
     <span class='ocr_line' id='line_1_8' title="bbox 139 1088 683 1141; baseline 0.002 -2"><span class='ocrx_word' id='word_1_31' title='bbox 139 1093 179 1139; x_wconf 86' lang='lat' dir='ltr'>ter</span> <span class='ocrx_word' id='word_1_32' title='bbox 204 1092 297 1138; x_wconf 87' lang='lat' dir='ltr'>tamon</span> <span class='ocrx_word' id='word_1_33' title='bbox 318 1089 352 1138; x_wconf 89' lang='lat' dir='ltr'>de</span> <span class='ocrx_word' id='word_1_34' title='bbox 374 1104 406 1139; x_wconf 90' lang='lat' dir='ltr'>eo</span> <span class='ocrx_word' id='word_1_35' title='bbox 430 1088 566 1139; x_wconf 86' lang='lat' dir='ltr'>iudicasse</span> <span class='ocrx_word' id='word_1_36' title='bbox 591 1097 683 1141; x_wconf 89' lang='lat' dir='ltr'>monet</span> 
     </span>
     <span class='ocr_line' id='line_1_9' title="bbox 138 1156 680 1223; baseline 0.011 -18"><span class='ocrx_word' id='word_1_37' title='bbox 138 1157 207 1208; x_wconf 88' lang='lat' dir='ltr'>idem</span> <span class='ocrx_word' id='word_1_38' title='bbox 220 1156 346 1209; x_wconf 83' lang='lat' dir='ltr'>Mueller.</span> <span class='ocrx_word' id='word_1_39' title='bbox 358 1156 378 1209; x_wconf 84' lang='lat' dir='ltr'>l.</span> <span class='ocrx_word' id='word_1_40' title='bbox 390 1157 408 1206; x_wconf 92' lang='grc'>1.</span> <span class='ocrx_word' id='word_1_41' title='bbox 424 1174 487 1223; x_wconf 85' lang='lat' dir='ltr'>pag.</span> <span class='ocrx_word' id='word_1_42' title='bbox 508 1161 556 1210; x_wconf 81' lang='grc'><strong>165</strong></span> <span class='ocrx_word' id='word_1_43' title='bbox 573 1160 634 1210; x_wconf 83' lang='grc' dir='ltr'><strong><em>οοΙ1.</em></strong></span> <span class='ocrx_word' id='word_1_44' title='bbox 649 1160 680 1214; x_wconf 85' lang='lat' dir='ltr'>O.</span> 
     </span>
     <span class='ocr_line' id='line_1_10' title="bbox 137 1228 682 1295; baseline 0.011 -19"><span class='ocrx_word' id='word_1_45' title='bbox 137 1228 266 1292; x_wconf 78' lang='lat' dir='ltr'>Wagner.</span> <span class='ocrx_word' id='word_1_46' title='bbox 279 1228 324 1278; x_wconf 92' lang='lat' dir='ltr'>De</span> <span class='ocrx_word' id='word_1_47' title='bbox 337 1228 487 1279; x_wconf 78' lang='lat' dir='ltr'><strong>Periandro</strong></span> <span class='ocrx_word' id='word_1_48' title='bbox 500 1245 526 1295; x_wconf 89' lang='lat' dir='ltr'>p.</span> <span class='ocrx_word' id='word_1_49' title='bbox 539 1232 564 1280; x_wconf 80' lang='lat'>4.</span> <span class='ocrx_word' id='word_1_50' title='bbox 577 1230 602 1281; x_wconf 78' lang='lat'>5.</span> <span class='ocrx_word' id='word_1_51' title='bbox 626 1232 682 1282; x_wconf 88' lang='lat' dir='ltr'>Pa·</span> 
     </span>
     <span class='ocr_line' id='line_1_11' title="bbox 136 1297 681 1362; baseline 0.009 -16"><span class='ocrx_word' id='word_1_52' title='bbox 136 1297 177 1347; x_wconf 92' lang='lat' dir='ltr'>cis</span> <span class='ocrx_word' id='word_1_53' title='bbox 191 1299 263 1347; x_wconf 90' lang='lat' dir='ltr'>enirn</span> <span class='ocrx_word' id='word_1_54' title='bbox 278 1298 333 1347; x_wconf 85' lang='lat' dir='ltr'>fuit</span> <span class='ocrx_word' id='word_1_55' title='bbox 343 1299 494 1362; x_wconf 87' lang='lat' dir='ltr'>studiosus,</span> <span class='ocrx_word' id='word_1_56' title='bbox 506 1315 556 1350; x_wconf 86' lang='lat' dir='ltr'>nec</span> <span class='ocrx_word' id='word_1_57' title='bbox 567 1300 624 1351; x_wconf 90' lang='lat' dir='ltr'>ulla</span> <span class='ocrx_word' id='word_1_58' title='bbox 637 1316 681 1351; x_wconf 88' lang='lat' dir='ltr'>sa·</span> 
     </span>
     <span class='ocr_line' id='line_1_12' title="bbox 136 1366 683 1435; baseline 0.011 -20"><span class='ocrx_word' id='word_1_59' title='bbox 136 1366 254 1418; x_wconf 88' lang='lat' dir='ltr'>tellitum</span> <span class='ocrx_word' id='word_1_60' title='bbox 280 1382 363 1417; x_wconf 89' lang='lat' dir='ltr'>manu</span> <span class='ocrx_word' id='word_1_61' title='bbox 390 1368 514 1419; x_wconf 88' lang='lat' dir='ltr'>firmatus</span> <span class='ocrx_word' id='word_1_62' title='bbox 552 1385 608 1420; x_wconf 89' lang='lat' dir='ltr'>rem</span> <span class='ocrx_word' id='word_1_63' title='bbox 634 1387 683 1435; x_wconf 92' lang='lat' dir='ltr'>pu-</span> 
     </span>
     <span class='ocr_line' id='line_1_13' title="bbox 135 1436 681 1504; baseline 0.009 -18"><span class='ocrx_word' id='word_1_64' title='bbox 135 1436 234 1486; x_wconf 89' lang='lat' dir='ltr'>blicam</span> <span class='ocrx_word' id='word_1_65' title='bbox 265 1437 470 1487; x_wconf 83' lang='lat' dir='ltr'>administrarit</span> <span class='ocrx_word' id='word_1_66' title='bbox 495 1439 681 1504; x_wconf 77' lang='lat' dir='ltr'>populumque</span> 
     </span>
     <span class='ocr_line' id='line_1_14' title="bbox 134 1506 679 1572; baseline 0.011 -16"><span class='ocrx_word' id='word_1_67' title='bbox 134 1506 223 1572; x_wconf 87' lang='lat' dir='ltr'>ipsum</span> <span class='ocrx_word' id='word_1_68' title='bbox 236 1507 355 1558; x_wconf 79' lang='lat' dir='ltr'>maxime</span> <span class='ocrx_word' id='word_1_69' title='bbox 372 1508 458 1557; x_wconf 86' lang='lat' dir='ltr'>tuitus</span> <span class='ocrx_word' id='word_1_70' title='bbox 473 1512 529 1566; x_wconf 84' lang='lat' dir='ltr'>est,</span> <span class='ocrx_word' id='word_1_71' title='bbox 549 1509 617 1560; x_wconf 89' lang='lat' dir='ltr'>bene</span> <span class='ocrx_word' id='word_1_72' title='bbox 633 1509 679 1562; x_wconf 87' lang='lat' dir='ltr'>ille</span> 
     </span>
     <span class='ocr_line' id='line_1_15' title="bbox 134 1577 678 1643; baseline 0.007 -17"><span class='ocrx_word' id='word_1_73' title='bbox 134 1577 243 1641; x_wconf 85' lang='lat' dir='ltr'>quidam</span> <span class='ocrx_word' id='word_1_74' title='bbox 254 1591 371 1640; x_wconf 88' lang='lat' dir='ltr'>memor,</span> <span class='ocrx_word' id='word_1_75' title='bbox 389 1592 406 1626; x_wconf 85' lang='lat' dir='ltr'>a</span> <span class='ocrx_word' id='word_1_76' title='bbox 425 1578 524 1642; x_wconf 84' lang='lat' dir='ltr'>quibus</span> <span class='ocrx_word' id='word_1_77' title='bbox 537 1578 572 1629; x_wconf 81' lang='lat' dir='ltr'>ad</span> <span class='ocrx_word' id='word_1_78' title='bbox 590 1579 618 1628; x_wconf 88' lang='lat' dir='ltr'>id</span> <span class='ocrx_word' id='word_1_79' title='bbox 632 1594 678 1643; x_wconf 91' lang='lat' dir='ltr'>po-</span> 
     </span>
     <span class='ocr_line' id='line_1_16' title="bbox 135 1646 679 1711; baseline 0.009 -17"><span class='ocrx_word' id='word_1_80' title='bbox 135 1647 240 1697; x_wconf 88' lang='lat' dir='ltr'>tentiae</span> <span class='ocrx_word' id='word_1_81' title='bbox 258 1646 400 1711; x_wconf 71' lang='lat' dir='ltr'><strong>fastigium</strong></span> <span class='ocrx_word' id='word_1_82' title='bbox 418 1646 455 1695; x_wconf 89' lang='lat' dir='ltr'>sit</span> <span class='ocrx_word' id='word_1_83' title='bbox 472 1653 593 1700; x_wconf 74' lang='lat' dir='ltr'>evectus,</span> <span class='ocrx_word' id='word_1_84' title='bbox 625 1650 679 1711; x_wconf 80' lang='lat' dir='ltr'>Qui</span> 
     </span>
     <span class='ocr_line' id='line_1_17' title="bbox 133 1715 677 1770; baseline 0.009 -5"><span class='ocrx_word' id='word_1_85' title='bbox 133 1716 203 1766; x_wconf 83' lang='lat' dir='ltr'>idem</span> <span class='ocrx_word' id='word_1_86' title='bbox 224 1717 280 1765; x_wconf 85' lang='lat' dir='ltr'>iam</span> <span class='ocrx_word' id='word_1_87' title='bbox 304 1720 361 1766; x_wconf 90' lang='lat' dir='ltr'>tum</span> <span class='ocrx_word' id='word_1_88' title='bbox 386 1715 571 1768; x_wconf 79' lang='lat' dir='ltr'>aedificiorum</span> <span class='ocrx_word' id='word_1_89' title='bbox 592 1717 677 1770; x_wconf 90' lang='lat' dir='ltr'>moles</span> 
     </span>
     <span class='ocr_line' id='line_1_18' title="bbox 133 1785 676 1852; baseline 0.007 -17"><span class='ocrx_word' id='word_1_90' title='bbox 133 1785 315 1837; x_wconf 74' lang='lat' dir='ltr'>exstruendas</span> <span class='ocrx_word' id='word_1_91' title='bbox 327 1785 481 1851; x_wconf 84' lang='lat' dir='ltr'>suscepisse</span> <span class='ocrx_word' id='word_1_92' title='bbox 498 1787 599 1852; x_wconf 86' lang='lat' dir='ltr'>fertur,</span> <span class='ocrx_word' id='word_1_93' title='bbox 618 1789 676 1840; x_wconf 85' lang='lat' dir='ltr'>sive</span> 
     </span>
     <span class='ocr_line' id='line_1_19' title="bbox 132 1854 675 1921; baseline 0.004 -16"><span class='ocrx_word' id='word_1_94' title='bbox 132 1857 234 1906; x_wconf 78' lang='lat' dir='ltr'>artium</span> <span class='ocrx_word' id='word_1_95' title='bbox 249 1854 343 1906; x_wconf 90' lang='lat' dir='ltr'>studio</span> <span class='ocrx_word' id='word_1_96' title='bbox 356 1856 471 1921; x_wconf 88' lang='lat' dir='ltr'>quodam</span> <span class='ocrx_word' id='word_1_97' title='bbox 486 1857 675 1921; x_wconf 85' lang='lat' dir='ltr'>ductus,s1ve,</span> 
     </span>
     <span class='ocr_line' id='line_1_20' title="bbox 132 1925 676 1991; baseline 0.006 -15"><span class='ocrx_word' id='word_1_98' title='bbox 132 1932 162 1976; x_wconf 91' lang='lat' dir='ltr'>ut</span> <span class='ocrx_word' id='word_1_99' title='bbox 174 1925 339 1977; x_wconf 79' lang='lat' dir='ltr'>Aristoteles</span> <span class='ocrx_word' id='word_1_100' title='bbox 356 1926 442 1976; x_wconf 82' lang='lat' dir='ltr'>tradit</span> <span class='ocrx_word' id='word_1_101' title='bbox 453 1926 533 1979; x_wconf 88' lang='lat' dir='ltr'>Polit.</span> <span class='ocrx_word' id='word_1_102' title='bbox 547 1928 585 1988; x_wconf 91' lang='lat' dir='ltr'>V,</span> <span class='ocrx_word' id='word_1_103' title='bbox 605 1928 638 1991; x_wconf 82' lang='lat' dir='ltr'>o,</span> <span class='ocrx_word' id='word_1_104' title='bbox 659 1931 676 1979; x_wconf 82' lang='grc'>4</span> 
     </span>
     <span class='ocr_line' id='line_1_21' title="bbox 133 1994 675 2063; baseline 0.006 -18"><span class='ocrx_word' id='word_1_105' title='bbox 133 2011 203 2063; x_wconf 89' lang='lat' dir='ltr'>seq.,</span> <span class='ocrx_word' id='word_1_106' title='bbox 214 2012 268 2062; x_wconf 91' lang='lat' dir='ltr'>quo</span> <span class='ocrx_word' id='word_1_107' title='bbox 278 1994 368 2061; x_wconf 90' lang='lat' dir='ltr'>plebis</span> <span class='ocrx_word' id='word_1_108' title='bbox 377 1997 484 2046; x_wconf 81' lang='lat' dir='ltr'>animos</span> <span class='ocrx_word' id='word_1_109' title='bbox 496 2012 512 2045; x_wconf 88' lang='lat' dir='ltr'>s</span> <span class='ocrx_word' id='word_1_110' title='bbox 524 2012 613 2047; x_wconf 89' lang='lat' dir='ltr'>rerum</span> <span class='ocrx_word' id='word_1_111' title='bbox 624 2014 675 2063; x_wconf 91' lang='lat' dir='ltr'>pu-</span> 
     </span>
     <span class='ocr_line' id='line_1_22' title="bbox 132 2065 675 2132; baseline 0.002 -16"><span class='ocrx_word' id='word_1_112' title='bbox 132 2065 340 2117; x_wconf 83' lang='lat' dir='ltr'>blicarumcura</span> <span class='ocrx_word' id='word_1_113' title='bbox 348 2069 485 2116; x_wconf 86' lang='lat' dir='ltr'>averteret</span> <span class='ocrx_word' id='word_1_114' title='bbox 494 2065 675 2132; x_wconf 87' lang='lat' dir='ltr'>simulquevi-</span> 
     </span>
     <span class='ocr_line' id='line_1_23' title="bbox 132 2135 674 2201; baseline 0.002 -15"><span class='ocrx_word' id='word_1_115' title='bbox 132 2142 205 2186; x_wconf 90' lang='lat' dir='ltr'>ctum</span> <span class='ocrx_word' id='word_1_116' title='bbox 219 2135 312 2200; x_wconf 76' lang='lat' dir='ltr'>egenis</span> <span class='ocrx_word' id='word_1_117' title='bbox 325 2135 479 2199; x_wconf 89' lang='lat' dir='ltr'>praeberet.</span> <span class='ocrx_word' id='word_1_118' title='bbox 504 2137 544 2185; x_wconf 80' lang='lat' dir='ltr'>Ac</span> <span class='ocrx_word' id='word_1_119' title='bbox 556 2139 589 2198; x_wconf 89' lang='lat' dir='ltr'>si,</span> <span class='ocrx_word' id='word_1_120' title='bbox 602 2137 674 2201; x_wconf 88' lang='lat' dir='ltr'>quod</span> 
     </span>
     <span class='ocr_line' id='line_1_24' title="bbox 131 2203 674 2269; baseline 0.006 -15"><span class='ocrx_word' id='word_1_121' title='bbox 131 2206 156 2255; x_wconf 89' lang='lat' dir='ltr'>h.</span> <span class='ocrx_word' id='word_1_122' title='bbox 174 2206 193 2255; x_wconf 93' lang='grc'>1.</span> <span class='ocrx_word' id='word_1_123' title='bbox 214 2211 295 2269; x_wconf 82' lang='lat' dir='ltr'>urget</span> <span class='ocrx_word' id='word_1_124' title='bbox 309 2203 446 2269; x_wconf 78' lang='lat' dir='ltr'>Sosicles,</span> <span class='ocrx_word' id='word_1_125' title='bbox 462 2220 558 2255; x_wconf 89' lang='lat' dir='ltr'>revera</span> <span class='ocrx_word' id='word_1_126' title='bbox 574 2204 620 2257; x_wconf 90' lang='lat' dir='ltr'>ille</span> <span class='ocrx_word' id='word_1_127' title='bbox 635 2207 674 2257; x_wconf 90' lang='lat' dir='ltr'>ci·</span> 
     </span>
     <span class='ocr_line' id='line_1_25' title="bbox 131 2274 673 2336; baseline -0.004 -9"><span class='ocrx_word' id='word_1_128' title='bbox 131 2292 177 2327; x_wconf 84' lang='lat' dir='ltr'>res</span> <span class='ocrx_word' id='word_1_129' title='bbox 192 2274 295 2325; x_wconf 88' lang='lat' dir='ltr'>multos</span> <span class='ocrx_word' id='word_1_130' title='bbox 307 2275 398 2336; x_wconf 82' lang='lat' dir='ltr'>eiecit,</span> <span class='ocrx_word' id='word_1_131' title='bbox 410 2274 509 2325; x_wconf 89' lang='lat' dir='ltr'>multos</span> <span class='ocrx_word' id='word_1_132' title='bbox 523 2277 590 2336; x_wconf 78' lang='lat' dir='ltr'>vita,</span> <span class='ocrx_word' id='word_1_133' title='bbox 605 2274 673 2326; x_wconf 87' lang='lat' dir='ltr'>mul-</span> 
     </span>
     <span class='ocr_line' id='line_1_26' title="bbox 131 2343 672 2410; baseline 0.002 -15"><span class='ocrx_word' id='word_1_134' title='bbox 131 2350 173 2396; x_wconf 90' lang='lat' dir='ltr'>tos</span> <span class='ocrx_word' id='word_1_135' title='bbox 186 2344 288 2410; x_wconf 89' lang='lat' dir='ltr'>opibus</span> <span class='ocrx_word' id='word_1_136' title='bbox 301 2345 432 2408; x_wconf 84' lang='lat' dir='ltr'>privavit,</span> <span class='ocrx_word' id='word_1_137' title='bbox 446 2343 498 2394; x_wconf 87' lang='lat' dir='ltr'>hoc</span> <span class='ocrx_word' id='word_1_138' title='bbox 509 2344 625 2396; x_wconf 83' lang='lat' dir='ltr'>fortasse</span> <span class='ocrx_word' id='word_1_139' title='bbox 637 2345 672 2396; x_wconf 84' lang='lat' dir='ltr'>ad</span> 
     </span>
     <span class='ocr_line' id='line_1_27' title="bbox 131 2413 672 2466; baseline 0 -1"><span class='ocrx_word' id='word_1_140' title='bbox 131 2415 224 2466; x_wconf 86' lang='lat' dir='ltr'>turbas</span> <span class='ocrx_word' id='word_1_141' title='bbox 244 2413 416 2465; x_wconf 77' lang='lat' dir='ltr'>referendum</span> <span class='ocrx_word' id='word_1_142' title='bbox 437 2429 470 2464; x_wconf 91' lang='lat' dir='ltr'>ac</span> <span class='ocrx_word' id='word_1_143' title='bbox 489 2415 638 2466; x_wconf 82' lang='lat' dir='ltr'>seditiones</span> <span class='ocrx_word' id='word_1_144' title='bbox 655 2432 672 2465; x_wconf 85' lang='lat' dir='ltr'>a</span> 
     </span>
     <span class='ocr_line' id='line_1_28' title="bbox 130 2483 670 2548; baseline 0.002 -13"><span class='ocrx_word' id='word_1_145' title='bbox 130 2483 294 2535; x_wconf 79' lang='lat' dir='ltr'>Bacchisdis</span> <span class='ocrx_word' id='word_1_146' title='bbox 321 2485 435 2548; x_wconf 91' lang='lat' dir='ltr'>imperio</span> <span class='ocrx_word' id='word_1_147' title='bbox 456 2484 547 2534; x_wconf 82' lang='lat' dir='ltr'>exutis</span> <span class='ocrx_word' id='word_1_148' title='bbox 568 2489 670 2544; x_wconf 82' lang='lat' dir='ltr'>motas3</span> 
     </span>
     <span class='ocr_line' id='line_1_29' title="bbox 130 2554 672 2621; baseline -0.004 -15"><span class='ocrx_word' id='word_1_149' title='bbox 130 2555 226 2621; x_wconf 89' lang='lat' dir='ltr'>quibus</span> <span class='ocrx_word' id='word_1_150' title='bbox 247 2569 282 2605; x_wconf 88' lang='lat' dir='ltr'>ne</span> <span class='ocrx_word' id='word_1_151' title='bbox 301 2554 426 2620; x_wconf 82' lang='lat' dir='ltr'>tyrannis</span> <span class='ocrx_word' id='word_1_152' title='bbox 444 2568 537 2606; x_wconf 92' lang='lat' dir='ltr'>recens</span> <span class='ocrx_word' id='word_1_153' title='bbox 559 2554 672 2605; x_wconf 87' lang='lat' dir='ltr'>condita</span> 
     </span>
     <span class='ocr_line' id='line_1_30' title="bbox 130 2626 671 2689; baseline 0 -14"><span class='ocrx_word' id='word_1_154' title='bbox 130 2629 311 2686; x_wconf 74' lang='lat' dir='ltr'>everteretur,</span> <span class='ocrx_word' id='word_1_155' title='bbox 340 2629 457 2689; x_wconf 83' lang='lat' dir='ltr'>tyranno</span> <span class='ocrx_word' id='word_1_156' title='bbox 485 2626 671 2677; x_wconf 86' lang='lat' dir='ltr'>necessarium</span> 
     </span>
     <span class='ocr_line' id='line_1_31' title="bbox 129 2693 671 2758; baseline 0.002 -14"><span class='ocrx_word' id='word_1_157' title='bbox 129 2695 212 2746; x_wconf 82' lang='lat' dir='ltr'>fuisse</span> <span class='ocrx_word' id='word_1_158' title='bbox 226 2695 351 2758; x_wconf 84' lang='lat' dir='ltr'>videtur,</span> <span class='ocrx_word' id='word_1_159' title='bbox 370 2699 401 2744; x_wconf 90' lang='lat' dir='ltr'>ut</span> <span class='ocrx_word' id='word_1_160' title='bbox 413 2693 581 2744; x_wconf 74' lang='lat' dir='ltr'>Bacchiadas</span> <span class='ocrx_word' id='word_1_161' title='bbox 600 2694 671 2745; x_wconf 90' lang='lat' dir='ltr'>sedi·</span> 
     </span>
     <span class='ocr_line' id='line_1_32' title="bbox 128 2761 670 2830; baseline 0 -15"><span class='ocrx_word' id='word_1_162' title='bbox 128 2766 231 2815; x_wconf 90' lang='lat' dir='ltr'>tionum</span> <span class='ocrx_word' id='word_1_163' title='bbox 244 2768 373 2815; x_wconf 86' lang='lat' dir='ltr'>suctores</span> <span class='ocrx_word' id='word_1_164' title='bbox 390 2761 501 2814; x_wconf 87' lang='lat' dir='ltr'>tolleret</span> <span class='ocrx_word' id='word_1_165' title='bbox 516 2768 564 2814; x_wconf 89' lang='lat' dir='ltr'>ant</span> <span class='ocrx_word' id='word_1_166' title='bbox 578 2766 670 2830; x_wconf 72' lang='lat' dir='ltr'>patria</span> 
     </span>
     <span class='ocr_line' id='line_1_33' title="bbox 129 2832 667 2900; baseline -0.004 -14"><span class='ocrx_word' id='word_1_167' title='bbox 129 2835 284 2900; x_wconf 85' lang='lat' dir='ltr'>expelleret.</span> <span class='ocrx_word' id='word_1_168' title='bbox 298 2834 340 2884; x_wconf 83' lang='lat' dir='ltr'>Cf.</span> <span class='ocrx_word' id='word_1_169' title='bbox 349 2834 476 2898; x_wconf 80' lang='lat' dir='ltr'>Wagner.</span> <span class='ocrx_word' id='word_1_170' title='bbox 487 2832 529 2885; x_wconf 92' lang='grc'><strong>1.1.</strong></span> <span class='ocrx_word' id='word_1_171' title='bbox 537 2851 562 2899; x_wconf 91' lang='lat' dir='ltr'>p.</span> <span class='ocrx_word' id='word_1_172' title='bbox 574 2836 589 2885; x_wconf 84' lang='lat'><strong>5</strong></span> <span class='ocrx_word' id='word_1_173' title='bbox 602 2835 667 2900; x_wconf 90' lang='lat' dir='ltr'>ibiq.</span> 
     </span>
     <span class='ocr_line' id='line_1_34' title="bbox 127 2902 669 2969; baseline 0 -15"><span class='ocrx_word' id='word_1_174' title='bbox 127 2904 288 2956; x_wconf 76' lang='lat' dir='ltr'>strauvnl</span> <span class='ocrx_word' id='word_1_175' title='bbox 297 2920 324 2968; x_wconf 90' lang='lat' dir='ltr'>p.</span> <span class='ocrx_word' id='word_1_176' title='bbox 332 2903 384 2954; x_wconf 80' lang='lat'>378</span> <span class='ocrx_word' id='word_1_177' title='bbox 392 2921 418 2969; x_wconf 93' lang='lat' dir='ltr'>p.</span> <span class='ocrx_word' id='word_1_178' title='bbox 426 2902 486 2954; x_wconf 79' lang='lat'><strong>580.</strong></span> <span class='ocrx_word' id='word_1_179' title='bbox 503 2902 669 2954; x_wconf 79' lang='lat' dir='ltr'>Confirman-</span> 
     </span>
     <span class='ocr_line' id='line_1_35' title="bbox 128 2972 668 3025; baseline 0.004 -2"><span class='ocrx_word' id='word_1_180' title='bbox 128 2979 169 3025; x_wconf 89' lang='lat' dir='ltr'>tur</span> <span class='ocrx_word' id='word_1_181' title='bbox 178 2975 247 3025; x_wconf 88' lang='lat' dir='ltr'>haec</span> <span class='ocrx_word' id='word_1_182' title='bbox 258 2974 415 3025; x_wconf 74' lang='lat' dir='ltr'>narratione</span> <span class='ocrx_word' id='word_1_183' title='bbox 424 2972 668 3025; x_wconf 82' lang='lat' dir='ltr'>NicolDamasce-</span> 
     </span>
    </p>
   </div>
   <div class='ocr_carea' id='block_1_5' title="bbox 21 3042 666 3109">
    <p class='ocr_par' dir='ltr' id='par_1_5' title="bbox 21 3042 666 3109">
     <span class='ocr_line' id='line_1_36' title="bbox 21 3042 666 3109; baseline 0.002 -16"><span class='ocrx_word' id='word_1_184' title='bbox 21 3066 22 3073; x_wconf 46' lang='lat'><em>*</em></span> <span class='ocrx_word' id='word_1_185' title='bbox 127 3042 666 3109; x_wconf 85' lang='lat' dir='ltr'>ni,quitestatureos,qnosBaochiadae</span> 
     </span>
    </p>
   </div>
   <div class='ocr_carea' id='block_1_6' title="bbox 82 3113 668 3174">
    <p class='ocr_par' dir='ltr' id='par_1_6' title="bbox 82 3113 668 3174">
     <span class='ocr_line' id='line_1_37' title="bbox 82 3113 668 3174; baseline 0.002 -11"><span class='ocrx_word' id='word_1_186' title='bbox 82 3127 87 3135; x_wconf 94' lang='lat'>·</span> <span class='ocrx_word' id='word_1_187' title='bbox 126 3114 240 3164; x_wconf 73' lang='lat' dir='ltr'>infamia</span> <span class='ocrx_word' id='word_1_188' title='bbox 264 3113 451 3174; x_wconf 69' lang='lat' dir='ltr'>notavissent,</span> <span class='ocrx_word' id='word_1_189' title='bbox 475 3118 618 3163; x_wconf 87' lang='lat' dir='ltr'>revocatos</span> <span class='ocrx_word' id='word_1_190' title='bbox 639 3118 668 3164; x_wconf 88' lang='lat' dir='ltr'>et</span> 
     </span>
    </p>
   </div>
   <div class='ocr_carea' id='block_1_7' title="bbox 21 3180 665 3246">
    <p class='ocr_par' dir='ltr' id='par_1_7' title="bbox 21 3180 665 3246">
     <span class='ocr_line' id='line_1_38' title="bbox 21 3180 665 3246; baseline -0.002 -14"><span class='ocrx_word' id='word_1_191' title='bbox 21 3182 22 3193; x_wconf 59' lang='lat'>¹</span> <span class='ocrx_word' id='word_1_192' title='bbox 125 3187 269 3235; x_wconf 88' lang='lat' dir='ltr'>restitutos</span> <span class='ocrx_word' id='word_1_193' title='bbox 285 3199 346 3234; x_wconf 90' lang='lat' dir='ltr'>esse</span> <span class='ocrx_word' id='word_1_194' title='bbox 358 3199 374 3233; x_wconf 93' lang='lat' dir='ltr'>a</span> <span class='ocrx_word' id='word_1_195' title='bbox 387 3180 517 3246; x_wconf 78' lang='lat' dir='ltr'>Cypsclo,</span> <span class='ocrx_word' id='word_1_196' title='bbox 530 3198 577 3234; x_wconf 90' lang='lat' dir='ltr'>eos</span> <span class='ocrx_word' id='word_1_197' title='bbox 590 3199 665 3246; x_wconf 84' lang='lat' dir='ltr'>vero,</span> 
     </span>
    </p>
   </div>
   <div class='ocr_carea' id='block_1_8' title="bbox 120 3252 666 4017">
    <p class='ocr_par' dir='ltr' id='par_1_8' title="bbox 120 3252 666 4017">
     <span class='ocr_line' id='line_1_39' title="bbox 123 3252 666 3375; baseline 0 -2"><span class='ocrx_word' id='word_1_198' title='bbox 123 3221 666 3375; x_wconf 60' lang='lat' dir='ltr'>ttttttttittittnitti}</span> 
     </span>
     <span class='ocr_line' id='line_1_40' title="bbox 124 3390 666 3475; baseline 0 -32"><span class='ocrx_word' id='word_1_199' title='bbox 124 3393 308 3444; x_wconf 86' lang='lat' dir='ltr'>cssedncibns</span> <span class='ocrx_word' id='word_1_200' title='bbox 318 3392 405 3475; x_wconf 88' lang='lat' dir='ltr'>ipsius</span> <span class='ocrx_word' id='word_1_201' title='bbox 415 3390 479 3441; x_wconf 89' lang='lat' dir='ltr'>filiis</span> <span class='ocrx_word' id='word_1_202' title='bbox 488 3390 590 3454; x_wconf 87' lang='lat' dir='ltr'>nothis,</span> <span class='ocrx_word' id='word_1_203' title='bbox 597 3393 666 3443; x_wconf 87' lang='lat' dir='ltr'>Bac</span> 
     </span>
     <span class='ocr_line' id='line_1_41' title="bbox 123 3461 666 3514; baseline 0 -2"><span class='ocrx_word' id='word_1_204' title='bbox 123 3463 234 3514; x_wconf 78' lang='lat' dir='ltr'>chindas</span> <span class='ocrx_word' id='word_1_205' title='bbox 251 3478 319 3513; x_wconf 82' lang='lat' dir='ltr'>vero</span> <span class='ocrx_word' id='word_1_206' title='bbox 333 3462 360 3510; x_wconf 89' lang='lat' dir='ltr'>in</span> <span class='ocrx_word' id='word_1_207' title='bbox 376 3461 486 3513; x_wconf 84' lang='lat' dir='ltr'>exilium</span> <span class='ocrx_word' id='word_1_208' title='bbox 500 3461 598 3513; x_wconf 92' lang='lat' dir='ltr'>missos</span> <span class='ocrx_word' id='word_1_209' title='bbox 619 3462 666 3512; x_wconf 90' lang='lat' dir='ltr'>bo·</span> 
     </span>
     <span class='ocr_line' id='line_1_42' title="bbox 122 3530 664 3598; baseline 0 -17"><span class='ocrx_word' id='word_1_210' title='bbox 122 3534 216 3598; x_wconf 88' lang='lat' dir='ltr'>nisque</span> <span class='ocrx_word' id='word_1_211' title='bbox 228 3538 327 3582; x_wconf 81' lang='lat' dir='ltr'>exutos</span> <span class='ocrx_word' id='word_1_212' title='bbox 341 3547 410 3582; x_wconf 85' lang='lat' dir='ltr'>esse</span> <span class='ocrx_word' id='word_1_213' title='bbox 434 3530 486 3580; x_wconf 90' lang='lat' dir='ltr'>His</span> <span class='ocrx_word' id='word_1_214' title='bbox 500 3530 576 3580; x_wconf 80' lang='lat' dir='ltr'>addit</span> <span class='ocrx_word' id='word_1_215' title='bbox 582 3531 664 3581; x_wconf 80' lang='lat' dir='ltr'>Nico</span> 
     </span>
     <span class='ocr_line' id='line_1_43' title="bbox 121 3591 665 3684; baseline -0.002 -34"><span class='ocrx_word' id='word_1_216' title='bbox 121 3601 194 3653; x_wconf 80' lang='lat' dir='ltr'>laus·</span> <span class='ocrx_word' id='word_1_217' title='bbox 214 3594 351 3658; x_wconf 66' lang='lat' dir='ltr'>Kourion</span> <span class='ocrx_word' id='word_1_218' title='bbox 362 3595 393 3650; x_wconf 77' lang='grc' dir='ltr'>δὲ</span> <span class='ocrx_word' id='word_1_219' title='bbox 404 3596 554 3681; x_wconf 77' lang='grc' dir='ltr'><strong><em>Κορίνθου</em></strong></span> <span class='ocrx_word' id='word_1_220' title='bbox 567 3591 665 3684; x_wconf 80' lang='grc' dir='ltr'><strong><em>ποοὶως</em></strong></span> 
     </span>
     <span class='ocr_line' id='line_1_44' title="bbox 121 3658 663 3749; baseline -0.008 -27"><span class='ocrx_word' id='word_1_221' title='bbox 121 3660 224 3736; x_wconf 71' lang='grc' dir='ltr'><strong><em>ἦρχεν,</em></strong></span> <span class='ocrx_word' id='word_1_222' title='bbox 237 3665 306 3721; x_wconf 70' lang='grc' dir='ltr'><strong><em>οὔτε</em></strong></span> <span class='ocrx_word' id='word_1_223' title='bbox 319 3661 530 3749; x_wconf 75' lang='grc' dir='ltr'><strong><em>δοροφόρους”</em></strong></span> <span class='ocrx_word' id='word_1_224' title='bbox 514 3683 585 3734; x_wconf 80' lang='grc' dir='ltr'><strong><em>εχοιν</em></strong></span> <span class='ocrx_word' id='word_1_225' title='bbox 599 3658 663 3718; x_wconf 73' lang='grc' dir='ltr'><strong><em>οὔτ’</em></strong></span> 
     </span>
     <span class='ocr_line' id='line_1_45' title="bbox 121 3732 663 3804; baseline -0.004 -14"><span class='ocrx_word' id='word_1_226' title='bbox 121 3732 333 3801; x_wconf 75' lang='grc' dir='ltr'><strong><em>ἀποθύμιος</em></strong></span> <span class='ocrx_word' id='word_1_227' title='bbox 309 3755 350 3788; x_wconf 87' lang='grc' dir='ltr'><strong><em>ων</em></strong></span> <span class='ocrx_word' id='word_1_228' title='bbox 375 3737 562 3801; x_wconf 78' lang='grc' dir='ltr'><strong><em>Κορινθίοιςτ</em></strong></span> <span class='ocrx_word' id='word_1_229' title='bbox 591 3739 663 3804; x_wconf 90' lang='lat' dir='ltr'>quod</span> 
     </span>
     <span class='ocr_line' id='line_1_46' title="bbox 120 3808 663 3862; baseline -0.004 -1"><span class='ocrx_word' id='word_1_230' title='bbox 120 3811 229 3862; x_wconf 79' lang='lat' dir='ltr'>Nicolai</span> <span class='ocrx_word' id='word_1_231' title='bbox 241 3810 392 3861; x_wconf 89' lang='lat' dir='ltr'>iudicium&#39;</span> <span class='ocrx_word' id='word_1_232' title='bbox 384 3825 412 3858; x_wconf 89' lang='grc' dir='ltr'>ιιι</span> <span class='ocrx_word' id='word_1_233' title='bbox 422 3808 579 3860; x_wconf 86' lang='lat' dir='ltr'>universum</span> <span class='ocrx_word' id='word_1_234' title='bbox 590 3826 663 3859; x_wconf 87' lang='lat' dir='ltr'>corn-</span> 
     </span>
     <span class='ocr_line' id='line_1_47' title="bbox 120 3877 661 3945; baseline -0.002 -15"><span class='ocrx_word' id='word_1_235' title='bbox 120 3882 218 3945; x_wconf 89' lang='lat' dir='ltr'>probat</span> <span class='ocrx_word' id='word_1_236' title='bbox 233 3881 365 3931; x_wconf 87' lang='lat' dir='ltr'>Kortiim:</span> <span class='ocrx_word' id='word_1_237' title='bbox 390 3877 497 3930; x_wconf 83' lang='lat' dir='ltr'>Griech.</span> <span class='ocrx_word' id='word_1_238' title='bbox 515 3879 614 3931; x_wconf 84' lang='lat' dir='ltr'>Gesch.</span> <span class='ocrx_word' id='word_1_239' title='bbox 640 3881 661 3930; x_wconf 92' lang='lat' dir='ltr'>l.</span> 
     </span>
     <span class='ocr_line' id='line_1_48' title="bbox 120 3948 660 4017; baseline -0.002 -17"><span class='ocrx_word' id='word_1_240' title='bbox 120 3966 181 4017; x_wconf 79' lang='lat' dir='ltr'>pag.</span> <span class='ocrx_word' id='word_1_241' title='bbox 194 3951 257 4002; x_wconf 81' lang='lat'>215.</span> <span class='ocrx_word' id='word_1_242' title='bbox 287 3948 357 4001; x_wconf 79' lang='lat' dir='ltr'>Add.</span> <span class='ocrx_word' id='word_1_243' title='bbox 371 3948 511 3999; x_wconf 85' lang='lat' dir='ltr'>Duncker.</span> <span class='ocrx_word' id='word_1_244' title='bbox 530 3948 580 3999; x_wconf 91' lang='grc'><strong>1.1.</strong></span> <span class='ocrx_word' id='word_1_245' title='bbox 596 3965 660 4016; x_wconf 81' lang='lat' dir='ltr'>pag.</span> 
     </span>
    </p>
   </div>
   <div class='ocr_carea' id='block_1_9' title="bbox 119 4105 661 4524">
    <p class='ocr_par' dir='ltr' id='par_1_9' title="bbox 119 4105 661 4524">
     <span class='ocr_line' id='line_1_49' title="bbox 146 4105 661 4191; baseline -0.006 -18"><span class='ocrx_word' id='word_1_246' title='bbox 146 4112 261 4191; x_wconf 79' lang='grc' dir='ltr'><strong><em>Ὄλβιος</em></strong></span> <span class='ocrx_word' id='word_1_247' title='bbox 278 4105 363 4178; x_wconf 78' lang='grc' dir='ltr'><strong><em>οὗτος</em></strong></span> <span class='ocrx_word' id='word_1_248' title='bbox 377 4111 462 4185; x_wconf 73' lang='grc' dir='ltr'><strong><em>ἀνὴρ]</em></strong></span> <span class='ocrx_word' id='word_1_249' title='bbox 485 4120 587 4171; x_wconf 87' lang='lat' dir='ltr'>lisdem</span> <span class='ocrx_word' id='word_1_250' title='bbox 602 4136 661 4170; x_wconf 81' lang='lat' dir='ltr'>rer·</span> 
     </span>
     <span class='ocr_line' id='line_1_50' title="bbox 119 4190 660 4256; baseline -0.006 -12"><span class='ocrx_word' id='word_1_251' title='bbox 119 4192 176 4256; x_wconf 89' lang='lat' dir='ltr'>bis,</span> <span class='ocrx_word' id='word_1_252' title='bbox 200 4196 330 4243; x_wconf 91' lang='lat' dir='ltr'>monente</span> <span class='ocrx_word' id='word_1_253' title='bbox 342 4190 539 4256; x_wconf 77' lang='lat' dir='ltr'>Wcsselingio,</span> <span class='ocrx_word' id='word_1_254' title='bbox 560 4190 660 4255; x_wconf 82' lang='lat' dir='ltr'>Pythia</span> 
     </span>
     <span class='ocr_line' id='line_1_51' title="bbox 120 4259 660 4315; baseline -0.006 -3"><span class='ocrx_word' id='word_1_255' title='bbox 120 4262 309 4315; x_wconf 81' lang='lat' dir='ltr'>advenientem</span> <span class='ocrx_word' id='word_1_256' title='bbox 316 4259 469 4311; x_wconf 88' lang='lat' dir='ltr'>Hesiodum</span> <span class='ocrx_word' id='word_1_257' title='bbox 478 4260 611 4311; x_wconf 83' lang='lat' dir='ltr'>salutavit</span> <span class='ocrx_word' id='word_1_258' title='bbox 621 4267 660 4310; x_wconf 92' lang='lat' dir='ltr'>at-</span> 
     </span>
     <span class='ocr_line' id='line_1_52' title="bbox 119 4330 660 4396; baseline -0.009 -12"><span class='ocrx_word' id='word_1_259' title='bbox 119 4348 168 4396; x_wconf 85' lang='lat' dir='ltr'>que</span> <span class='ocrx_word' id='word_1_260' title='bbox 180 4334 266 4383; x_wconf 85' lang='lat' dir='ltr'>etism</span> <span class='ocrx_word' id='word_1_261' title='bbox 277 4331 426 4392; x_wconf 73' lang='lat' dir='ltr'>Theseum,</span> <span class='ocrx_word' id='word_1_262' title='bbox 443 4335 475 4380; x_wconf 91' lang='lat' dir='ltr'>ut</span> <span class='ocrx_word' id='word_1_263' title='bbox 485 4346 551 4380; x_wconf 87' lang='lat' dir='ltr'>sane</span> <span class='ocrx_word' id='word_1_264' title='bbox 564 4330 660 4380; x_wconf 88' lang='lat' dir='ltr'>solem-</span> 
     </span>
     <span class='ocr_line' id='line_1_53' title="bbox 120 4399 659 4454; baseline -0.004 -3"><span class='ocrx_word' id='word_1_265' title='bbox 120 4417 152 4452; x_wconf 90' lang='lat' dir='ltr'>ne</span> <span class='ocrx_word' id='word_1_266' title='bbox 160 4401 214 4454; x_wconf 89' lang='lat' dir='ltr'>hoc</span> <span class='ocrx_word' id='word_1_267' title='bbox 225 4402 314 4453; x_wconf 80' lang='lat' dir='ltr'>inisse</span> <span class='ocrx_word' id='word_1_268' title='bbox 324 4399 450 4450; x_wconf 88' lang='lat' dir='ltr'>videatur</span> <span class='ocrx_word' id='word_1_269' title='bbox 459 4401 607 4451; x_wconf 81' lang='lat' dir='ltr'>exordium.</span> <span class='ocrx_word' id='word_1_270' title='bbox 627 4400 659 4449; x_wconf 93' lang='lat' dir='ltr'>In</span> 
     </span>
     <span class='ocr_line' id='line_1_54' title="bbox 120 4469 660 4524; baseline -0.004 -2"><span class='ocrx_word' id='word_1_271' title='bbox 120 4472 221 4524; x_wconf 86' lang='lat' dir='ltr'>oraculi</span> <span class='ocrx_word' id='word_1_272' title='bbox 237 4471 363 4523; x_wconf 85' lang='lat' dir='ltr'>versibus</span> <span class='ocrx_word' id='word_1_273' title='bbox 380 4469 590 4521; x_wconf 86' lang='lat' dir='ltr'>slliterstlouem</span> <span class='ocrx_word' id='word_1_274' title='bbox 607 4469 660 4520; x_wconf 85' lang='lat' dir='ltr'>ire·</span> 
     </span>
    </p>
   </div>
   <div class='ocr_carea' id='block_1_10' title="bbox 339 4654 359 4689">
    <p class='ocr_par' dir='ltr' id='par_1_10' title="bbox 339 4654 359 4689">
     <span class='ocr_line' id='line_1_55' title="bbox 339 4654 359 4689; baseline 0.2 -4"><span class='ocrx_word' id='word_1_275' title='bbox 339 4654 359 4689; x_wconf 66' lang='lat' dir='ltr'>O.</span> 
     </span>
    </p>
   </div>
   <div class='ocr_carea' id='block_1_11' title="bbox 726 879 1276 1983">
    <p class='ocr_par' dir='ltr' id='par_1_11' title="bbox 726 879 1276 1983">
     <span class='ocr_line' id='line_1_56' title="bbox 736 879 1276 947; baseline -0.002 -15"><span class='ocrx_word' id='word_1_276' title='bbox 736 885 862 947; x_wconf 87' lang='lat' dir='ltr'>quentom</span> <span class='ocrx_word' id='word_1_277' title='bbox 878 879 1036 931; x_wconf 85' lang='lat' dir='ltr'>observavit</span> <span class='ocrx_word' id='word_1_278' title='bbox 1050 881 1183 945; x_wconf 73' lang='lat' dir='ltr'>Gottling.</span> <span class='ocrx_word' id='word_1_279' title='bbox 1196 882 1276 932; x_wconf 87' lang='lat' dir='ltr'>Prae-</span> 
     </span>
     <span class='ocr_line' id='line_1_57' title="bbox 734 950 1276 1015; baseline 0.002 -15"><span class='ocrx_word' id='word_1_280' title='bbox 734 951 785 1001; x_wconf 82' lang='lat' dir='ltr'>iat.</span> <span class='ocrx_word' id='word_1_281' title='bbox 805 952 835 1000; x_wconf 93' lang='lat' dir='ltr'>in</span> <span class='ocrx_word' id='word_1_282' title='bbox 847 950 961 1001; x_wconf 88' lang='lat' dir='ltr'>Hesiod.</span> <span class='ocrx_word' id='word_1_283' title='bbox 977 967 1003 1015; x_wconf 86' lang='lat' dir='ltr'>p.</span> <span class='ocrx_word' id='word_1_284' title='bbox 1016 951 1133 1003; x_wconf 81' lang='lat' dir='ltr'>xxxiv</span> <span class='ocrx_word' id='word_1_285' title='bbox 1152 950 1194 1002; x_wconf 88' lang='lat' dir='ltr'>cd.</span> <span class='ocrx_word' id='word_1_286' title='bbox 1211 967 1276 1013; x_wconf 76' lang='lat' dir='ltr'>sec,</span> 
     </span>
     <span class='ocr_line' id='line_1_58' title="bbox 735 1021 1276 1086; baseline 0.004 -15"><span class='ocrx_word' id='word_1_287' title='bbox 735 1021 782 1086; x_wconf 88' lang='lat' dir='ltr'>qni</span> <span class='ocrx_word' id='word_1_288' title='bbox 802 1021 872 1070; x_wconf 87' lang='lat' dir='ltr'>idem</span> <span class='ocrx_word' id='word_1_289' title='bbox 899 1021 926 1070; x_wconf 92' lang='lat' dir='ltr'>in</span> <span class='ocrx_word' id='word_1_290' title='bbox 943 1021 1051 1071; x_wconf 89' lang='lat' dir='ltr'>lenensi</span> <span class='ocrx_word' id='word_1_291' title='bbox 1077 1029 1276 1086; x_wconf 77' lang='lat' dir='ltr'>programmate</span> 
     </span>
     <span class='ocr_line' id='line_1_59' title="bbox 733 1090 1276 1141; baseline 0 0"><span class='ocrx_word' id='word_1_292' title='bbox 733 1094 799 1141; x_wconf 89' lang='lat' dir='ltr'>anni</span> <span class='ocrx_word' id='word_1_293' title='bbox 812 1091 988 1141; x_wconf 72' lang='lat' dir='ltr'>raon-1856</span> <span class='ocrx_word' id='word_1_294' title='bbox 1004 1090 1054 1141; x_wconf 91' lang='lat' dir='ltr'>hoc</span> <span class='ocrx_word' id='word_1_295' title='bbox 1067 1090 1206 1141; x_wconf 89' lang='lat' dir='ltr'>oraculum</span> <span class='ocrx_word' id='word_1_296' title='bbox 1222 1095 1276 1141; x_wconf 87' lang='lat' dir='ltr'>tra</span> 
     </span>
     <span class='ocr_line' id='line_1_60' title="bbox 731 1160 1275 1223; baseline 0.002 -13"><span class='ocrx_word' id='word_1_297' title='bbox 731 1165 812 1210; x_wconf 90' lang='lat' dir='ltr'>ctans</span> <span class='ocrx_word' id='word_1_298' title='bbox 829 1160 983 1223; x_wconf 86' lang='lat' dir='ltr'>suspicatur</span> <span class='ocrx_word' id='word_1_299' title='bbox 1000 1161 1087 1210; x_wconf 89' lang='lat' dir='ltr'>altero</span> <span class='ocrx_word' id='word_1_300' title='bbox 1110 1175 1190 1210; x_wconf 83' lang='lat' dir='ltr'>versu</span> <span class='ocrx_word' id='word_1_301' title='bbox 1209 1165 1275 1211; x_wconf 88' lang='lat' dir='ltr'>scri·</span> 
     </span>
     <span class='ocr_line' id='line_1_61' title="bbox 732 1221 1272 1291; baseline -0.002 -11"><span class='ocrx_word' id='word_1_302' title='bbox 732 1230 849 1280; x_wconf 89' lang='lat' dir='ltr'>bendum</span> <span class='ocrx_word' id='word_1_303' title='bbox 873 1245 948 1280; x_wconf 88' lang='lat' dir='ltr'>esse:</span> <span class='ocrx_word' id='word_1_304' title='bbox 980 1223 1113 1291; x_wconf 73' lang='grc' dir='ltr'><strong><em>Κύψελος</em></strong></span> <span class='ocrx_word' id='word_1_305' title='bbox 1135 1221 1272 1279; x_wconf 75' lang='grc' dir='ltr'><strong><em>’-Ηετίω</em></strong></span> 
     </span>
     <span class='ocr_line' id='line_1_62' title="bbox 733 1290 1273 1363; baseline 0.004 -15"><span class='ocrx_word' id='word_1_306' title='bbox 733 1313 794 1356; x_wconf 84' lang='grc' dir='ltr'><strong><em>νος</em></strong></span> <span class='ocrx_word' id='word_1_307' title='bbox 807 1290 895 1360; x_wconf 79' lang='grc' dir='ltr'><strong><em>ἅναξ</em></strong></span> <span class='ocrx_word' id='word_1_308' title='bbox 908 1298 1029 1347; x_wconf 86' lang='grc' dir='ltr'><strong><em>κλειτοιο</em></strong></span> <span class='ocrx_word' id='word_1_309' title='bbox 1043 1298 1204 1363; x_wconf 77' lang='grc' dir='ltr'><strong><em>Κορίνθου</em></strong></span> <span class='ocrx_word' id='word_1_310' title='bbox 1221 1302 1273 1351; x_wconf 84' lang='grc' dir='ltr'>Ριο</span> 
     </span>
     <span class='ocr_line' id='line_1_63' title="bbox 731 1358 1272 1448; baseline 0.006 -30"><span class='ocrx_word' id='word_1_311' title='bbox 731 1358 926 1448; x_wconf 75' lang='grc' dir='ltr'><strong><em>ίσκαταβαίνει</em></strong></span> <span class='ocrx_word' id='word_1_312' title='bbox 939 1368 1070 1419; x_wconf 85' lang='lat' dir='ltr'>Valcken.</span> <span class='ocrx_word' id='word_1_313' title='bbox 1084 1373 1172 1434; x_wconf 83' lang='lat' dir='ltr'>magis</span> <span class='ocrx_word' id='word_1_314' title='bbox 1182 1368 1272 1433; x_wconf 90' lang='lat' dir='ltr'>placc-</span> 
     </span>
     <span class='ocr_line' id='line_1_64' title="bbox 730 1432 1272 1502; baseline 0.002 -14"><span class='ocrx_word' id='word_1_315' title='bbox 730 1443 774 1490; x_wconf 90' lang='lat' dir='ltr'>ret</span> <span class='ocrx_word' id='word_1_316' title='bbox 787 1432 975 1502; x_wconf 79' lang='grc' dir='ltr'><strong><em>είσαφικάνει,</em></strong></span> <span class='ocrx_word' id='word_1_317' title='bbox 995 1439 1075 1487; x_wconf 89' lang='lat' dir='ltr'>modo</span> <span class='ocrx_word' id='word_1_318' title='bbox 1094 1438 1157 1488; x_wconf 88' lang='lat' dir='ltr'>libri</span> <span class='ocrx_word' id='word_1_319' title='bbox 1170 1442 1272 1491; x_wconf 87' lang='lat' dir='ltr'>vetusti</span> 
     </span>
     <span class='ocr_line' id='line_1_65' title="bbox 730 1507 1272 1572; baseline 0.006 -15"><span class='ocrx_word' id='word_1_320' title='bbox 730 1507 781 1559; x_wconf 91' lang='lat' dir='ltr'>hoc</span> <span class='ocrx_word' id='word_1_321' title='bbox 797 1508 934 1559; x_wconf 86' lang='lat' dir='ltr'>afferrent</span> <span class='ocrx_word' id='word_1_322' title='bbox 962 1509 1001 1558; x_wconf 80' lang='lat' dir='ltr'>Ac</span> <span class='ocrx_word' id='word_1_323' title='bbox 1020 1507 1121 1572; x_wconf 80' lang='lat' dir='ltr'>legitur</span> <span class='ocrx_word' id='word_1_324' title='bbox 1139 1525 1204 1558; x_wconf 84' lang='lat' dir='ltr'>sane</span> <span class='ocrx_word' id='word_1_325' title='bbox 1221 1511 1272 1560; x_wconf 91' lang='lat' dir='ltr'>hoc</span> 
     </span>
     <span class='ocr_line' id='line_1_66' title="bbox 729 1578 1271 1642; baseline 0.004 -14"><span class='ocrx_word' id='word_1_326' title='bbox 729 1579 758 1628; x_wconf 92' lang='lat' dir='ltr'>in</span> <span class='ocrx_word' id='word_1_327' title='bbox 769 1578 854 1629; x_wconf 90' lang='lat' dir='ltr'>Dion.</span> <span class='ocrx_word' id='word_1_328' title='bbox 867 1578 1078 1642; x_wconf 75' lang='lat' dir='ltr'>chrysost.,qu1</span> <span class='ocrx_word' id='word_1_329' title='bbox 1071 1578 1174 1642; x_wconf 81' lang='lat' dir='ltr'>vulgo</span> <span class='ocrx_word' id='word_1_330' title='bbox 1190 1578 1271 1630; x_wconf 85' lang='lat' dir='ltr'>habe·</span> 
     </span>
     <span class='ocr_line' id='line_1_67' title="bbox 730 1646 1269 1712; baseline 0.002 -15"><span class='ocrx_word' id='word_1_331' title='bbox 730 1651 784 1710; x_wconf 88' lang='lat' dir='ltr'>tur,</span> <span class='ocrx_word' id='word_1_332' title='bbox 801 1646 1105 1698; x_wconf 78' lang='lat' dir='ltr'>orationecorinthncs</span> <span class='ocrx_word' id='word_1_333' title='bbox 1117 1647 1269 1712; x_wconf 82' lang='lat' dir='ltr'>(XXXVII)</span> 
     </span>
     <span class='ocr_line' id='line_1_68' title="bbox 728 1717 1270 1783; baseline 0.002 -15"><span class='ocrx_word' id='word_1_334' title='bbox 728 1733 790 1783; x_wconf 81' lang='lat' dir='ltr'>pag</span> <span class='ocrx_word' id='word_1_335' title='bbox 805 1719 871 1781; x_wconf 80' lang='lat' dir='ltr'>too,</span> <span class='ocrx_word' id='word_1_336' title='bbox 892 1717 938 1767; x_wconf 88' lang='lat' dir='ltr'>ubi</span> <span class='ocrx_word' id='word_1_337' title='bbox 959 1717 1041 1766; x_wconf 82' lang='lat' dir='ltr'>iidem</span> <span class='ocrx_word' id='word_1_338' title='bbox 1055 1717 1158 1766; x_wconf 89' lang='lat' dir='ltr'>oraculi</span> <span class='ocrx_word' id='word_1_339' title='bbox 1174 1733 1270 1769; x_wconf 82' lang='lat' dir='ltr'>versus</span> 
     </span>
     <span class='ocr_line' id='line_1_69' title="bbox 727 1755 1269 1852; baseline -0.002 -15"><span class='ocrx_word' id='word_1_340' title='bbox 727 1755 917 1852; x_wconf 67' lang='lat' dir='ltr'>proferendus,</span> <span class='ocrx_word' id='word_1_341' title='bbox 929 1789 1052 1851; x_wconf 85' lang='lat' dir='ltr'>exceptis</span> <span class='ocrx_word' id='word_1_342' title='bbox 1064 1787 1179 1837; x_wconf 88' lang='lat' dir='ltr'>vocibus</span> <span class='ocrx_word' id='word_1_343' title='bbox 1194 1788 1269 1838; x_wconf 89' lang='lat' dir='ltr'>tertii</span> 
     </span>
     <span class='ocr_line' id='line_1_70' title="bbox 726 1850 1269 1920; baseline -0.006 -11"><span class='ocrx_word' id='word_1_344' title='bbox 726 1855 876 1909; x_wconf 86' lang='lat' dir='ltr'>versiculi:</span> <span class='ocrx_word' id='word_1_345' title='bbox 904 1852 1017 1905; x_wconf 80' lang='grc' dir='ltr'><strong><em>παίδων</em></strong></span> <span class='ocrx_word' id='word_1_346' title='bbox 1042 1868 1073 1920; x_wconf 81' lang='grc' dir='ltr'>ηε</span> <span class='ocrx_word' id='word_1_347' title='bbox 1094 1870 1146 1919; x_wconf 87' lang='grc' dir='ltr'>μεν</span> <span class='ocrx_word' id='word_1_348' title='bbox 1174 1850 1269 1906; x_wconf 73' lang='grc' dir='ltr'><strong><em>οὐκέτι</em></strong></span> 
     </span>
     <span class='ocr_line' id='line_1_71' title="bbox 726 1923 837 1983; baseline 0.01 -9"><span class='ocrx_word' id='word_1_349' title='bbox 726 1923 837 1983; x_wconf 83' lang='grc' dir='ltr'><strong><em>παιδες.</em></strong></span> 
     </span>
    </p>
   </div>
   <div class='ocr_carea' id='block_1_12' title="bbox 708 2016 1267 4533">
    <p class='ocr_par' dir='ltr' id='par_1_12' title="bbox 709 2016 1267 4533">
     <span class='ocr_line' id='line_1_72' title="bbox 762 2016 1267 2095; baseline -0.004 -16"><span class='ocrx_word' id='word_1_350' title='bbox 762 2020 895 2091; x_wconf 73' lang='grc' dir='ltr'><strong><em>Κύψελος</em></strong></span> <span class='ocrx_word' id='word_1_351' title='bbox 909 2016 1048 2094; x_wconf 85' lang='grc' dir='ltr'><strong><em>Ἠετίδης]</em></strong></span> <span class='ocrx_word' id='word_1_352' title='bbox 1073 2031 1125 2080; x_wconf 85' lang='grc' dir='ltr'>Ριο</span> <span class='ocrx_word' id='word_1_353' title='bbox 1139 2020 1267 2095; x_wconf 76' lang='grc' dir='ltr'><strong><em>Ἠετίδης</em></strong></span> 
     </span>
     <span class='ocr_line' id='line_1_73' title="bbox 725 2093 1265 2165; baseline -0.002 -16"><span class='ocrx_word' id='word_1_354' title='bbox 725 2100 798 2164; x_wconf 88' lang='lat' dir='ltr'>apud</span> <span class='ocrx_word' id='word_1_355' title='bbox 811 2098 913 2150; x_wconf 83' lang='lat' dir='ltr'>Enseb.</span> <span class='ocrx_word' id='word_1_356' title='bbox 929 2100 960 2153; x_wconf 87' lang='lat' dir='ltr'>P.</span> <span class='ocrx_word' id='word_1_357' title='bbox 977 2101 1009 2152; x_wconf 85' lang='lat' dir='ltr'>E.</span> <span class='ocrx_word' id='word_1_358' title='bbox 1023 2100 1056 2162; x_wconf 85' lang='lat' dir='ltr'>V,</span> <span class='ocrx_word' id='word_1_359' title='bbox 1070 2099 1104 2150; x_wconf 74' lang='lat'>35</span> <span class='ocrx_word' id='word_1_360' title='bbox 1120 2093 1265 2165; x_wconf 76' lang='grc' dir='ltr'><strong><em>Αἰακίδης,</em></strong></span> 
     </span>
     <span class='ocr_line' id='line_1_74' title="bbox 725 2169 1265 2235; baseline 0.007 -18"><span class='ocrx_word' id='word_1_361' title='bbox 725 2169 869 2228; x_wconf 87' lang='lat' dir='ltr'>mendose,</span> <span class='ocrx_word' id='word_1_362' title='bbox 886 2169 980 2219; x_wconf 87' lang='lat' dir='ltr'>sedex</span> <span class='ocrx_word' id='word_1_363' title='bbox 1001 2185 1070 2235; x_wconf 89' lang='lat' dir='ltr'>quo,</span> <span class='ocrx_word' id='word_1_364' title='bbox 1083 2169 1265 2221; x_wconf 84' lang='lat' dir='ltr'>Valckenario</span> 
     </span>
     <span class='ocr_line' id='line_1_75' title="bbox 725 2207 1264 2303; baseline 0.006 -16"><span class='ocrx_word' id='word_1_365' title='bbox 725 2238 829 2300; x_wconf 84' lang='lat' dir='ltr'>iudice,</span> <span class='ocrx_word' id='word_1_366' title='bbox 853 2253 918 2288; x_wconf 89' lang='lat' dir='ltr'>vera</span> <span class='ocrx_word' id='word_1_367' title='bbox 944 2240 1025 2289; x_wconf 85' lang='lat' dir='ltr'>lectio</span> <span class='ocrx_word' id='word_1_368' title='bbox 1047 2207 1177 2303; x_wconf 73' lang='lat' dir='ltr'>rllsrt&#39;dpc</span> <span class='ocrx_word' id='word_1_369' title='bbox 1206 2242 1264 2290; x_wconf 88' lang='lat' dir='ltr'>erui</span> 
     </span>
     <span class='ocr_line' id='line_1_76' title="bbox 723 2309 1264 2392; baseline 0 -33"><span class='ocrx_word' id='word_1_370' title='bbox 723 2310 825 2392; x_wconf 87' lang='lat' dir='ltr'>possit</span> <span class='ocrx_word' id='word_1_371' title='bbox 841 2323 900 2359; x_wconf 86' lang='lat' dir='ltr'>curn</span> <span class='ocrx_word' id='word_1_372' title='bbox 921 2310 1007 2392; x_wconf 84' lang='lat' dir='ltr'>patris</span> <span class='ocrx_word' id='word_1_373' title='bbox 1020 2325 1117 2360; x_wconf 88' lang='lat' dir='ltr'>nomen</span> <span class='ocrx_word' id='word_1_374' title='bbox 1130 2309 1216 2360; x_wconf 82' lang='lat' dir='ltr'>fuerit</span> <span class='ocrx_word' id='word_1_375' title='bbox 1228 2311 1264 2359; x_wconf 85' lang='lat' dir='ltr'>ab</span> 
     </span>
     <span class='ocr_line' id='line_1_77' title="bbox 723 2370 1264 2443; baseline 0.002 -16"><span class='ocrx_word' id='word_1_376' title='bbox 723 2371 805 2435; x_wconf 80' lang='grc' dir='ltr'><strong><em>ολετός</em></strong></span> <span class='ocrx_word' id='word_1_377' title='bbox 819 2379 927 2429; x_wconf 89' lang='lat' dir='ltr'>ductum</span> <span class='ocrx_word' id='word_1_378' title='bbox 935 2373 1061 2442; x_wconf 89' lang='grc' dir='ltr'><strong><em>Ἠετίων,</em></strong></span> <span class='ocrx_word' id='word_1_379' title='bbox 1069 2379 1140 2429; x_wconf 89' lang='lat' dir='ltr'>sicut</span> <span class='ocrx_word' id='word_1_380' title='bbox 1151 2370 1212 2428; x_wconf 64' lang='lat' dir='ltr'>ab*</span> <span class='ocrx_word' id='word_1_381' title='bbox 1194 2396 1264 2443; x_wconf 86' lang='grc' dir='ltr'><strong><em>αμα-</em></strong></span> 
     </span>
     <span class='ocr_line' id='line_1_78' title="bbox 723 2439 1263 2529; baseline 0.002 -32"><span class='ocrx_word' id='word_1_382' title='bbox 723 2446 780 2505; x_wconf 78' lang='grc' dir='ltr'>θος</span> <span class='ocrx_word' id='word_1_383' title='bbox 802 2449 880 2498; x_wconf 85' lang='lat' dir='ltr'>fluxit</span> <span class='ocrx_word' id='word_1_384' title='bbox 896 2439 1029 2529; x_wconf 63' lang='grc' dir='ltr'>1Ἠμαίνια</span> <span class='ocrx_word' id='word_1_385' title='bbox 1044 2454 1127 2527; x_wconf 87' lang='lat' dir='ltr'>atque</span> <span class='ocrx_word' id='word_1_386' title='bbox 1141 2439 1263 2513; x_wconf 66' lang='grc' dir='ltr'><strong><em>’ἱΗμαθι</em></strong></span> 
     </span>
     <span class='ocr_line' id='line_1_79' title="bbox 723 2507 1262 2583; baseline 0.006 -17"><span class='ocrx_word' id='word_1_387' title='bbox 723 2533 772 2578; x_wconf 87' lang='grc' dir='ltr'>ων,</span> <span class='ocrx_word' id='word_1_388' title='bbox 787 2507 937 2582; x_wconf 82' lang='grc' dir='ltr'><strong><em>ιι1ιᾶνεμος</em></strong></span> <span class='ocrx_word' id='word_1_389' title='bbox 949 2534 1002 2568; x_wconf 78' lang='lat' dir='ltr'>vox</span> <span class='ocrx_word' id='word_1_390' title='bbox 1012 2508 1151 2583; x_wconf 80' lang='grc' dir='ltr'><strong><em>ἠνεμόεις,</em></strong></span> <span class='ocrx_word' id='word_1_391' title='bbox 1167 2520 1222 2569; x_wconf 84' lang='lat' dir='ltr'>alia</span> <span class='ocrx_word' id='word_1_392' title='bbox 1235 2519 1262 2569; x_wconf 90' lang='lat' dir='ltr'>id</span> 
     </span>
     <span class='ocr_line' id='line_1_80' title="bbox 721 2580 1260 2653; baseline 0 -15"><span class='ocrx_word' id='word_1_393' title='bbox 721 2603 824 2653; x_wconf 76' lang='lat' dir='ltr'>genus,</span> <span class='ocrx_word' id='word_1_394' title='bbox 837 2590 877 2639; x_wconf 87' lang='lat' dir='ltr'>ita</span> <span class='ocrx_word' id='word_1_395' title='bbox 888 2594 919 2638; x_wconf 90' lang='lat' dir='ltr'>nt</span> <span class='ocrx_word' id='word_1_396' title='bbox 933 2606 987 2639; x_wconf 92' lang='lat' dir='ltr'>non</span> <span class='ocrx_word' id='word_1_397' title='bbox 997 2580 1125 2651; x_wconf 82' lang='grc' dir='ltr'><strong><em>Ἠετίδης</em></strong></span> <span class='ocrx_word' id='word_1_398' title='bbox 1138 2590 1184 2639; x_wconf 87' lang='lat' dir='ltr'>sed</span> <span class='ocrx_word' id='word_1_399' title='bbox 1202 2585 1260 2638; x_wconf 78' lang='grc' dir='ltr'><strong><em>Αίε-</em></strong></span> 
     </span>
     <span class='ocr_line' id='line_1_81' title="bbox 720 2655 1263 2738; baseline 0.004 -31"><span class='ocrx_word' id='word_1_400' title='bbox 720 2655 802 2722; x_wconf 83' lang='grc' dir='ltr'><strong><em>τίδης</em></strong></span> <span class='ocrx_word' id='word_1_401' title='bbox 813 2660 1029 2738; x_wconf 84' lang='lat' dir='ltr'>patronymicum</span> <span class='ocrx_word' id='word_1_402' title='bbox 1041 2659 1153 2708; x_wconf 81' lang='lat' dir='ltr'>formari</span> <span class='ocrx_word' id='word_1_403' title='bbox 1162 2659 1263 2710; x_wconf 86' lang='lat' dir='ltr'>debue-</span> 
     </span>
     <span class='ocr_line' id='line_1_82' title="bbox 720 2720 1260 2811; baseline 0.004 -33"><span class='ocrx_word' id='word_1_404' title='bbox 720 2729 758 2779; x_wconf 89' lang='lat' dir='ltr'>rit</span> <span class='ocrx_word' id='word_1_405' title='bbox 770 2728 804 2776; x_wconf 85' lang='lat' dir='ltr'>ab</span> <span class='ocrx_word' id='word_1_406' title='bbox 816 2720 918 2786; x_wconf 77' lang='grc' dir='ltr'><strong><em>αἰετὸς,</em></strong></span> <span class='ocrx_word' id='word_1_407' title='bbox 931 2729 1051 2778; x_wconf 89' lang='lat' dir='ltr'>utIones</span> <span class='ocrx_word' id='word_1_408' title='bbox 1066 2732 1154 2811; x_wconf 86' lang='lat' dir='ltr'>atque</span> <span class='ocrx_word' id='word_1_409' title='bbox 1161 2732 1260 2793; x_wconf 84' lang='lat' dir='ltr'>poe&#39;tac</span> 
     </span>
     <span class='ocr_line' id='line_1_83' title="bbox 720 2790 1260 2863; baseline 0.004 -16"><span class='ocrx_word' id='word_1_410' title='bbox 720 2797 813 2847; x_wconf 80' lang='lat' dir='ltr'>dixere</span> <span class='ocrx_word' id='word_1_411' title='bbox 827 2799 943 2863; x_wconf 84' lang='grc' dir='ltr'><strong><em>αηαὶίανι,</em></strong></span> <span class='ocrx_word' id='word_1_412' title='bbox 953 2814 1014 2848; x_wconf 91' lang='lat' dir='ltr'>cum</span> <span class='ocrx_word' id='word_1_413' title='bbox 1028 2798 1064 2847; x_wconf 88' lang='lat' dir='ltr'>ab</span> <span class='ocrx_word' id='word_1_414' title='bbox 1077 2790 1193 2846; x_wconf 86' lang='grc' dir='ltr'><strong><em>Ἠετίων</em></strong></span> <span class='ocrx_word' id='word_1_415' title='bbox 1207 2815 1260 2849; x_wconf 91' lang='grc' dir='ltr'><strong><em>ιιοιι</em></strong></span> 
     </span>
     <span class='ocr_line' id='line_1_84' title="bbox 720 2857 1260 2932; baseline 0.004 -16"><span class='ocrx_word' id='word_1_416' title='bbox 720 2868 774 2917; x_wconf 85' lang='lat' dir='ltr'>nisi</span> <span class='ocrx_word' id='word_1_417' title='bbox 787 2857 968 2932; x_wconf 87' lang='grc' dir='ltr'><strong><em>Ηετιωνίδης</em></strong></span> <span class='ocrx_word' id='word_1_418' title='bbox 982 2868 1060 2917; x_wconf 90' lang='lat' dir='ltr'>nasci</span> <span class='ocrx_word' id='word_1_419' title='bbox 1075 2870 1205 2932; x_wconf 89' lang='lat' dir='ltr'>potuerit,</span> <span class='ocrx_word' id='word_1_420' title='bbox 1220 2874 1260 2918; x_wconf 91' lang='lat' dir='ltr'>te-</span> 
     </span>
     <span class='ocr_line' id='line_1_85' title="bbox 720 2936 1260 3001; baseline -0.002 -15"><span class='ocrx_word' id='word_1_421' title='bbox 720 2942 760 2988; x_wconf 90' lang='lat' dir='ltr'>ste</span> <span class='ocrx_word' id='word_1_422' title='bbox 781 2937 978 2987; x_wconf 84' lang='lat' dir='ltr'>Enststhioad</span> <span class='ocrx_word' id='word_1_423' title='bbox 998 2936 1042 2986; x_wconf 87' lang='lat' dir='ltr'>lli</span> <span class='ocrx_word' id='word_1_424' title='bbox 1065 2936 1103 2986; x_wconf 91' lang='lat'>11.</span> <span class='ocrx_word' id='word_1_425' title='bbox 1123 2952 1187 3001; x_wconf 78' lang='lat' dir='ltr'>pag</span> <span class='ocrx_word' id='word_1_426' title='bbox 1209 2938 1260 2987; x_wconf 74' lang='lat'>288</span> 
     </span>
     <span class='ocr_line' id='line_1_86' title="bbox 719 3006 1258 3071; baseline -0.002 -14"><span class='ocrx_word' id='word_1_427' title='bbox 719 3006 1144 3071; x_wconf 72' lang='lat' dir='ltr'>s.218‚13eottatym01.pag</span> <span class='ocrx_word' id='word_1_428' title='bbox 1160 3006 1217 3063; x_wconf 85' lang='grc'><strong>166,</strong></span> <span class='ocrx_word' id='word_1_429' title='bbox 1233 3007 1258 3056; x_wconf 86' lang='grc'><strong>8</strong></span> 
     </span>
     <span class='ocr_line' id='line_1_87' title="bbox 718 3045 1258 3157; baseline -0.002 -31"><span class='ocrx_word' id='word_1_430' title='bbox 718 3045 834 3126; x_wconf 83' lang='lat' dir='ltr'>Accedit</span> <span class='ocrx_word' id='word_1_431' title='bbox 861 3074 896 3124; x_wconf 91' lang='lat' dir='ltr'>ad</span> <span class='ocrx_word' id='word_1_432' title='bbox 916 3074 984 3124; x_wconf 87' lang='lat' dir='ltr'>haec</span> <span class='ocrx_word' id='word_1_433' title='bbox 1008 3074 1066 3157; x_wconf 81' lang='lat' dir='ltr'>(ita</span> <span class='ocrx_word' id='word_1_434' title='bbox 1087 3075 1174 3138; x_wconf 87' lang='lat' dir='ltr'>pergit</span> <span class='ocrx_word' id='word_1_435' title='bbox 1194 3075 1258 3125; x_wconf 88' lang='lat' dir='ltr'>Val-</span> 
     </span>
     <span class='ocr_line' id='line_1_88' title="bbox 717 3145 1259 3221; baseline -0.006 -24"><span class='ocrx_word' id='word_1_436' title='bbox 717 3146 797 3197; x_wconf 83' lang='grc' dir='ltr'><strong><em>ο1ιοιι</em></strong></span> <span class='ocrx_word' id='word_1_437' title='bbox 801 3145 849 3209; x_wconf 93' lang='grc'>)</span> <span class='ocrx_word' id='word_1_438' title='bbox 842 3161 870 3194; x_wconf 91' lang='grc' dir='ltr'>ιιι</span> <span class='ocrx_word' id='word_1_439' title='bbox 881 3145 992 3194; x_wconf 86' lang='lat' dir='ltr'>oraculo</span> <span class='ocrx_word' id='word_1_440' title='bbox 1005 3145 1120 3221; x_wconf 90' lang='lat' dir='ltr'>primum</span> <span class='ocrx_word' id='word_1_441' title='bbox 1133 3145 1207 3195; x_wconf 90' lang='lat' dir='ltr'>edito</span> <span class='ocrx_word' id='word_1_442' title='bbox 1221 3145 1259 3195; x_wconf 90' lang='lat' dir='ltr'>le-</span> 
     </span>
     <span class='ocr_line' id='line_1_89' title="bbox 716 3183 1257 3334; baseline -0.002 -1"><span class='ocrx_word' id='word_1_443' title='bbox 716 3183 1257 3334; x_wconf 62' lang='lat' dir='ltr'>ttttttttz‘tttt&#39;stutttlt</span> 
     </span>
     <span class='ocr_line' id='line_1_90' title="bbox 716 3352 1256 3417; baseline -0.006 -13"><span class='ocrx_word' id='word_1_444' title='bbox 716 3354 862 3405; x_wconf 85' lang='lat' dir='ltr'>difficulter</span> <span class='ocrx_word' id='word_1_445' title='bbox 872 3352 1064 3405; x_wconf 87' lang='lat' dir='ltr'>intellexeruut</span> <span class='ocrx_word' id='word_1_446' title='bbox 1073 3352 1256 3417; x_wconf 82' lang='lat' dir='ltr'>Bacchiadae,</span> 
     </span>
     <span class='ocr_line' id='line_1_91' title="bbox 716 3413 1255 3475; baseline -0.004 -2"><span class='ocrx_word' id='word_1_447' title='bbox 716 3416 816 3473; x_wconf 81' lang='grc' dir='ltr'><strong><em>Αίετόν</em></strong></span> <span class='ocrx_word' id='word_1_448' title='bbox 830 3438 890 3475; x_wconf 89' lang='lat' dir='ltr'>esse</span> <span class='ocrx_word' id='word_1_449' title='bbox 904 3417 957 3472; x_wconf 79' lang='grc' dir='ltr'>τὸν</span> <span class='ocrx_word' id='word_1_450' title='bbox 967 3413 1110 3473; x_wconf 85' lang='grc' dir='ltr'><strong><em>’,Ηετίωνα</em></strong></span> <span class='ocrx_word' id='word_1_451' title='bbox 1137 3423 1213 3472; x_wconf 88' lang='lat' dir='ltr'>Haec</span> <span class='ocrx_word' id='word_1_452' title='bbox 1224 3423 1255 3473; x_wconf 92' lang='lat' dir='ltr'>il-</span> 
     </span>
     <span class='ocr_line' id='line_1_92' title="bbox 708 3482 1256 3577; baseline 0.002 -35.013"><span class='ocrx_word' id='word_1_453' title='bbox 708 3493 756 3577; x_wconf 93' lang='lat' dir='ltr'>le,</span> <span class='ocrx_word' id='word_1_454' title='bbox 780 3494 828 3560; x_wconf 92' lang='lat' dir='ltr'>qui</span> <span class='ocrx_word' id='word_1_455' title='bbox 847 3492 918 3557; x_wconf 88' lang='lat' dir='ltr'>quod</span> <span class='ocrx_word' id='word_1_456' title='bbox 936 3493 970 3542; x_wconf 89' lang='lat' dir='ltr'>ab</span> <span class='ocrx_word' id='word_1_457' title='bbox 990 3482 1105 3541; x_wconf 88' lang='grc' dir='ltr'><strong><em>Ἠετίων</em></strong></span> <span class='ocrx_word' id='word_1_458' title='bbox 1125 3508 1180 3542; x_wconf 88' lang='grc' dir='ltr'><strong><em>ιιοιι</em></strong></span> <span class='ocrx_word' id='word_1_459' title='bbox 1201 3494 1256 3543; x_wconf 89' lang='lat' dir='ltr'>nisi</span> 
     </span>
     <span class='ocr_line' id='line_1_93' title="bbox 708 3556 1255 3645; baseline 0.002 -34.013"><span class='ocrx_word' id='word_1_460' title='bbox 708 3556 893 3627; x_wconf 87' lang='grc' dir='ltr'><strong><em>Ἠετιωνίδης</em></strong></span> <span class='ocrx_word' id='word_1_461' title='bbox 911 3562 1022 3613; x_wconf 78' lang='lat' dir='ltr'>formari</span> <span class='ocrx_word' id='word_1_462' title='bbox 1042 3578 1122 3645; x_wconf 83' lang='lat' dir='ltr'>posse</span> <span class='ocrx_word' id='word_1_463' title='bbox 1146 3564 1255 3624; x_wconf 86' lang='lat' dir='ltr'>statuit,</span> 
     </span>
     <span class='ocr_line' id='line_1_94' title="bbox 714 3632 1255 3715; baseline -0.006 -31"><span class='ocrx_word' id='word_1_464' title='bbox 714 3648 810 3684; x_wconf 84' lang='lat' dir='ltr'>vereor</span> <span class='ocrx_word' id='word_1_465' title='bbox 822 3639 853 3683; x_wconf 91' lang='lat' dir='ltr'>ut</span> <span class='ocrx_word' id='word_1_466' title='bbox 864 3633 992 3684; x_wconf 80' lang='lat' dir='ltr'>assentiri</span> <span class='ocrx_word' id='word_1_467' title='bbox 1003 3633 1121 3715; x_wconf 87' lang='lat' dir='ltr'>possim.</span> <span class='ocrx_word' id='word_1_468' title='bbox 1135 3632 1200 3682; x_wconf 83' lang='lat' dir='ltr'>brer</span> <span class='ocrx_word' id='word_1_469' title='bbox 1205 3634 1255 3682; x_wconf 88' lang='lat' dir='ltr'>its-</span> 
     </span>
     <span class='ocr_line' id='line_1_95' title="bbox 714 3702 1255 3786; baseline 0.002 -34"><span class='ocrx_word' id='word_1_470' title='bbox 714 3705 750 3754; x_wconf 93' lang='lat' dir='ltr'>tis</span> <span class='ocrx_word' id='word_1_471' title='bbox 762 3718 847 3753; x_wconf 89' lang='lat' dir='ltr'>causa</span> <span class='ocrx_word' id='word_1_472' title='bbox 860 3702 929 3753; x_wconf 84' lang='lat' dir='ltr'>talia</span> <span class='ocrx_word' id='word_1_473' title='bbox 941 3703 1051 3752; x_wconf 89' lang='lat' dir='ltr'>uomina</span> <span class='ocrx_word' id='word_1_474' title='bbox 1061 3703 1255 3786; x_wconf 88' lang='lat' dir='ltr'>patronymica</span> 
     </span>
     <span class='ocr_line' id='line_1_96' title="bbox 714 3768 1253 3837; baseline -0.002 -15"><span class='ocrx_word' id='word_1_475' title='bbox 714 3773 858 3824; x_wconf 88' lang='lat' dir='ltr'>decurtata</span> <span class='ocrx_word' id='word_1_476' title='bbox 874 3772 988 3836; x_wconf 87' lang='lat' dir='ltr'>reperiri</span> <span class='ocrx_word' id='word_1_477' title='bbox 1006 3770 1049 3836; x_wconf 92' lang='lat' dir='ltr'>(nt</span> <span class='ocrx_word' id='word_1_478' title='bbox 1061 3768 1191 3834; x_wconf 88' lang='grc' dir='ltr'><strong><em>Ἠετίδης</em></strong></span> <span class='ocrx_word' id='word_1_479' title='bbox 1205 3788 1253 3837; x_wconf 92' lang='lat' dir='ltr'>pro</span> 
     </span>
     <span class='ocr_line' id='line_1_97' title="bbox 711 3832 1253 3907; baseline 0.004 -17.011"><span class='ocrx_word' id='word_1_480' title='bbox 711 3832 917 3907; x_wconf 75' lang='grc' dir='ltr'><strong><em>Ἀετιωνιοίδης)</em></strong></span> <span class='ocrx_word' id='word_1_481' title='bbox 936 3846 1009 3892; x_wconf 90' lang='lat' dir='ltr'>recte</span> <span class='ocrx_word' id='word_1_482' title='bbox 1023 3841 1150 3891; x_wconf 82' lang='lat' dir='ltr'>observat</span> <span class='ocrx_word' id='word_1_483' title='bbox 1164 3842 1253 3892; x_wconf 84' lang='lat' dir='ltr'>Sinte-</span> 
     </span>
     <span class='ocr_line' id='line_1_98' title="bbox 714 3911 1250 3976; baseline -0.006 -14"><span class='ocrx_word' id='word_1_484' title='bbox 714 3913 756 3962; x_wconf 91' lang='lat' dir='ltr'>nis</span> <span class='ocrx_word' id='word_1_485' title='bbox 774 3913 812 3963; x_wconf 87' lang='lat' dir='ltr'>ad</span> <span class='ocrx_word' id='word_1_486' title='bbox 827 3912 966 3962; x_wconf 87' lang='lat' dir='ltr'>Plutarch</span> <span class='ocrx_word' id='word_1_487' title='bbox 986 3911 1161 3962; x_wconf 86' lang='lat' dir='ltr'>Themistocl.</span> <span class='ocrx_word' id='word_1_488' title='bbox 1183 3928 1209 3976; x_wconf 96' lang='lat' dir='ltr'>p</span> <span class='ocrx_word' id='word_1_489' title='bbox 1225 3912 1250 3965; x_wconf 85' lang='grc'><strong>6</strong></span> 
     </span>
     <span class='ocr_line' id='line_1_99' title="bbox 712 3976 1252 4047; baseline -0.01 -14"><span class='ocrx_word' id='word_1_490' title='bbox 712 3984 770 4033; x_wconf 88' lang='lat' dir='ltr'>Nec</span> <span class='ocrx_word' id='word_1_491' title='bbox 784 3982 871 4047; x_wconf 75' lang='lat' dir='ltr'>magis</span> <span class='ocrx_word' id='word_1_492' title='bbox 891 3982 988 4045; x_wconf 89' lang='lat' dir='ltr'>opinor</span> <span class='ocrx_word' id='word_1_493' title='bbox 1009 3981 1181 4031; x_wconf 83' lang='lat' dir='ltr'>scribendum</span> <span class='ocrx_word' id='word_1_494' title='bbox 1193 3976 1252 4029; x_wconf 82' lang='grc' dir='ltr'><strong><em>Αίε-</em></strong></span> 
     </span>
     <span class='ocr_line' id='line_1_100' title="bbox 711 4042 1252 4134; baseline 0 -35"><span class='ocrx_word' id='word_1_495' title='bbox 711 4049 809 4134; x_wconf 85' lang='grc' dir='ltr'><strong><em>τίδης,</em></strong></span> <span class='ocrx_word' id='word_1_496' title='bbox 828 4051 874 4101; x_wconf 91' lang='lat' dir='ltr'>ubi</span> <span class='ocrx_word' id='word_1_497' title='bbox 887 4051 956 4100; x_wconf 87' lang='lat' dir='ltr'>satis</span> <span class='ocrx_word' id='word_1_498' title='bbox 966 4042 1171 4112; x_wconf 81' lang='grc' dir='ltr'><strong><em>1ιοιιεἨετιδης</em></strong></span> <span class='ocrx_word' id='word_1_499' title='bbox 1188 4052 1252 4099; x_wconf 89' lang='lat' dir='ltr'>reti-</span> 
     </span>
     <span class='ocr_line' id='line_1_101' title="bbox 711 4118 1252 4184; baseline -0.006 -13"><span class='ocrx_word' id='word_1_500' title='bbox 711 4122 770 4173; x_wconf 85' lang='lat' dir='ltr'>neri</span> <span class='ocrx_word' id='word_1_501' title='bbox 786 4121 938 4184; x_wconf 79' lang='lat' dir='ltr'>potuit-</span> <span class='ocrx_word' id='word_1_502' title='bbox 904 4119 1009 4168; x_wconf 87' lang='lat' dir='ltr'>Pro</span> <span class='ocrx_word' id='word_1_503' title='bbox 1022 4118 1145 4166; x_wconf 87' lang='grc' dir='ltr'><strong><em>κλεινοιο</em></strong></span> <span class='ocrx_word' id='word_1_504' title='bbox 1153 4119 1252 4181; x_wconf 88' lang='lat' dir='ltr'>‚quod</span> 
     </span>
     <span class='ocr_line' id='line_1_102' title="bbox 711 4156 1252 4249; baseline -0.006 -8"><span class='ocrx_word' id='word_1_505' title='bbox 711 4190 852 4241; x_wconf 77' lang='lat' dir='ltr'>Schneier.</span> <span class='ocrx_word' id='word_1_506' title='bbox 865 4194 892 4239; x_wconf 91' lang='lat' dir='ltr'>et</span> <span class='ocrx_word' id='word_1_507' title='bbox 905 4188 1002 4239; x_wconf 87' lang='lat' dir='ltr'>ltlatth.</span> <span class='ocrx_word' id='word_1_508' title='bbox 1013 4156 1192 4249; x_wconf 69' lang='lat' dir='ltr'>retinuerunt,</span> <span class='ocrx_word' id='word_1_509' title='bbox 1207 4188 1252 4238; x_wconf 86' lang='lat' dir='ltr'>de·</span> 
     </span>
     <span class='ocr_line' id='line_1_103' title="bbox 711 4256 1251 4310; baseline -0.004 0"><span class='ocrx_word' id='word_1_510' title='bbox 711 4261 739 4310; x_wconf 90' lang='lat' dir='ltr'>di</span> <span class='ocrx_word' id='word_1_511' title='bbox 753 4259 875 4308; x_wconf 83' lang='grc' dir='ltr'><strong><em>κλειτοῐο</em></strong></span> <span class='ocrx_word' id='word_1_512' title='bbox 890 4273 950 4307; x_wconf 91' lang='lat' dir='ltr'>cum</span> <span class='ocrx_word' id='word_1_513' title='bbox 964 4260 1078 4308; x_wconf 89' lang='lat' dir='ltr'>recentt.</span> <span class='ocrx_word' id='word_1_514' title='bbox 1090 4256 1150 4309; x_wconf 87' lang='lat' dir='ltr'>edd.</span> <span class='ocrx_word' id='word_1_515' title='bbox 1165 4257 1251 4308; x_wconf 85' lang='lat' dir='ltr'>eFlo-</span> 
     </span>
     <span class='ocr_line' id='line_1_104' title="bbox 710 4326 1251 4392; baseline -0.004 -12"><span class='ocrx_word' id='word_1_516' title='bbox 710 4329 819 4382; x_wconf 89' lang='lat' dir='ltr'>rentino</span> <span class='ocrx_word' id='word_1_517' title='bbox 831 4327 955 4392; x_wconf 88' lang='lat' dir='ltr'>aliisque.</span> <span class='ocrx_word' id='word_1_518' title='bbox 973 4326 1095 4375; x_wconf 79' lang='grc' dir='ltr'><strong><em>κλεινοῖο</em></strong></span> <span class='ocrx_word' id='word_1_519' title='bbox 1109 4326 1251 4391; x_wconf 83' lang='lat' dir='ltr'>legebatur</span> 
     </span>
     <span class='ocr_line' id='line_1_105' title="bbox 710 4397 1250 4462; baseline -0.002 -13"><span class='ocrx_word' id='word_1_520' title='bbox 710 4398 836 4449; x_wconf 86' lang='lat' dir='ltr'>insimili</span> <span class='ocrx_word' id='word_1_521' title='bbox 852 4413 932 4448; x_wconf 91' lang='lat' dir='ltr'>versu</span> <span class='ocrx_word' id='word_1_522' title='bbox 948 4397 1021 4461; x_wconf 88' lang='lat' dir='ltr'>apud</span> <span class='ocrx_word' id='word_1_523' title='bbox 1037 4397 1168 4452; x_wconf 86' lang='lat' dir='ltr'>Herodot.</span> <span class='ocrx_word' id='word_1_524' title='bbox 1186 4399 1250 4462; x_wconf 91' lang='lat' dir='ltr'>Vll,</span> 
     </span>
     <span class='ocr_line' id='line_1_106' title="bbox 709 4467 1155 4533; baseline -0.002 -14"><span class='ocrx_word' id='word_1_525' title='bbox 709 4470 770 4533; x_wconf 77' lang='lat'>228,</span> <span class='ocrx_word' id='word_1_526' title='bbox 783 4468 830 4517; x_wconf 90' lang='lat' dir='ltr'>ubi</span> <span class='ocrx_word' id='word_1_527' title='bbox 842 4484 912 4519; x_wconf 87' lang='lat' dir='ltr'>nuuc</span> <span class='ocrx_word' id='word_1_528' title='bbox 926 4467 1009 4518; x_wconf 90' lang='lat' dir='ltr'>edunt</span> <span class='ocrx_word' id='word_1_529' title='bbox 1025 4467 1155 4519; x_wconf 77' lang='grc' dir='ltr'><strong><em>κλειτοῖο.</em></strong></span> 
     </span>
    </p>
   </div>
   <div class='ocr_carea' id='block_1_13' title="bbox 0 0 1554 5175">
    <p class='ocr_par' dir='ltr' id='par_1_13' title="bbox 0 0 1554 5175">
     <span class='ocr_line' id='line_1_107' title="bbox 0 0 1554 5175; baseline 0 9"><span class='ocrx_word' id='word_1_530' title='bbox 0 0 1554 5175; x_wconf 95' lang='lat' dir='ltr'> </span> 
     </span>
    </p>
   </div>
  </div>
 </body>
</html>
