3100 5175
267 392 329 452 542

691 392 969 455 'HERODOTI

176 590 182 599 ·
264 563 347 654 πρὸς
373 562 534 653 οὐδαμῶν
562 562 772 655 ἀνθρώπων·
812 566 1003 655 σύμπαντες
1029 566 1400 653 circumcursorem

265 782 350 831 supra
364 766 424 828 111,
438 766 471 815 su
485 781 560 831 seqq.
579 766 611 815 de
627 768 810 831 satrapiarum

265 837 450 900 descriptione
465 852 481 884 a
493 836 576 885 Dario
590 837 665 886 iacta
677 836 749 902 etde
764 839 811 885 tri·

265 906 339 955 butis
352 907 451 969 cuique
462 907 602 969 satrapiae
618 907 754 971 ¹impositis
766 921 810 955 re-

266 977 403 1025 seruntur:
431 983 460 1024 tu
475 976 546 1025 coni.
561 975 599 1025 ibi
611 982 680 1025 nott.
715 977 810 1041 Neque

266 1047 337 1095 enirn
352 1045 417 1094 mihi
435 1045 573 1108 persuasit
585 1044 669 1095 Grote
682 1046 811 1109 (History

266 1116 297 1165 oi
305 1116 407 1165 Greece
420 1116 451 1164 V.
469 1130 533 1180 pag.
547 1114 590 1164 su.
607 1114 667 1177 51),
689 1117 734 1179 qui
748 1131 809 1165 cunr

266 1186 371 1235 scribas
381 1182 471 1249 regios
481 1200 533 1234 non
544 1192 598 1233 tam
609 1185 687 1249 regui
696 1184 809 1233 annales

266 1254 431 1315 condidisse,
439 1253 486 1305 sed
496 1271 566 1320 quae
577 1254 611 1303 ad
623 1256 710 1320 ipsum
721 1270 811 1319 regern

267 1326 448 1389 pertinuerint
458 1324 633 1389 eiusdemque
642 1325 759 1373 animum
771 1330 810 1372 at·

266 1395 419 1457 tenderint,
438 1393 527 1443 literis
547 1394 739 1458 perscripsisse
753 1394 810 1443 exi-

268 1467 362 1514 stimet
381 1463 491 1526 („them
510 1478 582 1514 seem
607 1468 635 1512 to
656 1464 725 1513 have
742 1464 810 1512 been

268 1532 399 1598 especially
413 1533 541 1583 attached
561 1539 589 1581 to
605 1532 652 1582 tha
669 1548 766 1597 person
782 1532 812 1582 oi
837 1546 841 1553 ·

269 1605 314 1653 the
325 1604 428 1667 kingaa
438 1603 576 1653 ministers
585 1607 612 1650 tc
623 1601 665 1652 hia
676 1604 811 1666 curiosity

225 1708 229 1720 .
269 1673 322 1723 and
340 1677 524 1734 amusement,
547 1672 640 1721 rather
658 1672 724 1722 then
750 1672 813 1721 kee-

269 1759 331 1807 pers
344 1742 373 1791 os
379 1743 521 1792 authentic
531 1740 584 1791 and
593 1742 757 1791 continuone
770 1757 811 1790 re·

269 1812 396 1876 cords“),
418 1811 589 1862 Herodotum
604 1825 652 1871 ea,
673 1828 742 1877 quae
760 1811 812 1859 hoe

269 1883 330 1933 loeo
344 1881 442 1943 tradit,
466 1881 606 1944 accepisse
619 1880 678 1930 vult
695 1882 728 1931 ab
743 1881 811 1944 ipsis

270 1952 398 2013 Graecis,
420 1952 467 2016 qni
488 1951 530 2000 his
548 1951 628 2000 rebus
648 1952 757 1999 omnino
771 1951 813 1998 iu-

270 2022 414 2071 terfueriut
443 2028 471 2072 et
494 2036 511 2070 a
534 2020 642 2081 Persis,
670 2021 717 2085 qul
739 2020 812 2083 regis

271 2096 347 2141 iussu
357 2093 451 2156 copias
462 2090 659 2152 recensuerint,
673 2091 740 2140 haec
758 2096 814 2138 tra-

271 2161 331 2211 dita
343 2161 507 2225 acceperint.
529 2160 608 2221 Quod
627 2160 649 2208 si
666 2176 760 2211 revera
772 2159 813 2207 ia-

271 2241 345 2280 ctum
362 2237 449 2291 esset,
475 2231 522 2278 via
535 2227 659 2291 dubium,
680 2230 746 2294 quin
757 2231 813 2279 No-

272 2305 327 2350 ster
342 2298 369 2348 id
383 2314 435 2349 uno
451 2299 534 2349 verbo
555 2302 628 2349 certe
650 2300 812 2360 indicasset,

273 2385 321 2434 pro
340 2384 413 2419 more
436 2368 569 2418 adiicicus
583 2360 620 2423 eie
638 2368 750 2431 λέγουσι
769 2368 813 2418 vel

273 2437 361 2487 simile
374 2438 449 2502 quid.
485 2437 599 2486 Accedit
619 2438 678 2501 ipsa
691 2438 813 2502 gentium

272 2506 448 2571 singularum,
463 2522 533 2572 quae
546 2507 574 2554 iu
584 2506 681 2557 Xerxis
692 2509 813 2557 exercitu

274 2577 474 2637 militaverunt,
496 2574 645 2641 descriptio
663 2578 815 2628 accuratis-

274 2650 357 2710 sima,
376 2647 438 2698 inde
458 2663 475 2697 a
489 2646 594 2711 capili
618 2647 761 2697 instituta:
786 2650 814 2696 iu

274 2734 338 2784 qua,
354 2732 425 2783 quse
437 2716 606 2782 singularum
622 2719 742 2780 gentium
756 2718 828 2784 tues

275 2791 332 2839 rint
352 2802 445 2848 arma,
468 2793 559 2837 restes
575 2789 716 2850 omnisque
732 2802 817 2852 appa-

274 2866 368 2916 ratus,
389 2867 443 2907 tam
465 2861 592 2907 accurate
613 2855 763 2918 indicatur,
786 2861 816 2907 ut

274 2930 442 2978 haecomnia
450 2929 496 2977 vix
507 2926 617 2976 aliunde
629 2932 713 2991 atque
722 2942 738 2975 a
749 2928 816 2976 scri-

275 3001 330 3063 ptis
351 2998 533 3047 monumentis
556 3012 579 3048 s.
599 2996 742 3046 annalibus
766 2997 816 3045 tiu-

276 3071 349 3118 xisse
358 3067 487 3118 credibile
498 3068 545 3116 sit.
574 3067 705 3131 Equibus
719 3066 814 3114 iisdem

276 3154 338 3188 unm
362 3152 395 3187 ea
419 3136 561 3197 fluxerint,
586 3151 657 3200 quae
674 3135 816 3185 Choerilus

276 3209 385 3258 Samius
398 3210 426 3256 in
438 3207 606 3256 Persicorum
621 3205 748 3266 carmine,
762 3221 815 3269 quo

276 3278 374 3327 Xerxis
386 3277 586 3340 expeditionem
599 3274 816 3340 Graecorumque

275 3345 417 3395 victoriam
444 3345 647 3403 celebraverat,
671 3343 817 3408 protulerit

277 3415 310 3463 de
321 3413 435 3478 singulis
449 3413 576 3475 uentibus
590 3414 616 3461 in
628 3415 726 3463 Xerxis
740 3430 817 3464 exer·

278 3485 335 3533 citu
346 3483 538 3542 militantibus,
553 3496 665 3548 quarum
677 3499 817 3534 recensum

277 3553 407 3603 carminis
422 3552 499 3600 initio
514 3552 661 3602 exhibitum
676 3567 736 3601 esse
751 3569 818 3617 pau·

277 3621 819 3687 eaqueeadhuesuperstructi-aginensis

276 3693 423 3742 ostendunt
447 3692 494 3755 (cf.
523 3691 619 3740 Naehe
643 3691 678 3741 ad
700 3692 818 3742 Choerili

277 3765 412 3827 Frugmnr.
435 3778 460 3826 p.
474 3761 508 3810 80
522 3777 579 3826 seq.
597 3762 654 3811 129.
669 3761 718 3810 leti
732 3762 816 3827 seq.):

277 3833 304 3881 id
327 3833 434 3897 quidem
455 3834 482 3880 in
505 3835 584 3880 tanta
606 3831 817 3896 fragmentorum

277 3904 418 3967 paucitate
437 3907 511 3950 certo
532 3901 698 3951 constituere
721 3902 766 3950 vix
786 3899 818 3949 li-

276 3972 357 4021 cebit.
398 3970 517 4021 Choerili
539 3975 628 4019 autem
651 3986 759 4021 carmen
783 3971 817 4019 ab

276 4043 416 4092 Herodoto
439 4043 466 4091 et
490 4039 590 4091 lectum
613 4045 640 4089 et
665 4040 817 4089 adhibitum

276 4113 363 4162 tuisse
389 4118 419 4160 ut
440 4110 549 4160 credam
575 4109 659 4174 (coni.
679 4109 816 4159 Niebuhr:

275 4183 410 4241 Vortriige
422 4181 466 4229 iib.
474 4180 523 4228 alt.
532 4180 629 4230 Gesch.
639 4180 729 4229 Berlin
741 4181 821 4236 1847.

276 4252 299 4301 I.
310 4267 336 4314 p.
345 4250 395 4300 387
406 4249 467 4298 coll.
483 4249 552 4312 rus),
566 4264 704 4313 nunqnam
717 4251 815 4300 adduci

276 4336 395 4384 possum.
418 4321 510 4380 Ironge
521 4323 610 4368 autern
624 4320 762 4370 Herodoto
775 4320 816 4367 in-

276 4392 359 4439 terior
372 4391 398 4438 in
412 4388 452 4436 his
469 4388 565 4437 merito
582 4388 719 4438 iudicatur
730 4389 815 4438 Choe-

861 769 953 831 copius
973 768 1133 818 recensendi
1151 768 1274 831 modum,
1301 767 1347 833 qni
1366 767 1401 815 ab

860 838 999 887 Herodoto
1012 838 1038 887 h.
1048 837 1067 889 l.
1077 838 1204 899 traditur,
1219 853 1267 902 per
1278 837 1399 901 singulas

861 908 997 971 myriades
1017 908 1070 956 iam
1088 908 1232 971 attigimus
1246 908 1281 957 ad
1293 906 1400 965 lt',87,

861 992 947 1041 eoque
962 980 1044 1028 etiarn
1059 982 1169 1042 spectat
1184 976 1276 1026 Schol.
1288 978 1401 1026 Aristid.

861 1061 923 1111 pag.
937 1046 987 1096 ‘222
1005 1046 1047 1096 ed.
1065 1045 1211 1096 Prommel.
1229 1045 1289 1095 coll.
1307 1046 1400 1095 Curtio

861 1116 902 1165 De
919 1117 975 1166 reb.
995 1123 1065 1179 gest.
1085 1116 1234 1168 Alexandr.
1256 1115 1314 1177 111,
1334 1115 1400 1169 Η

861 1186 920 1248 (ubi
945 1186 1033 1236 simile
1054 1186 1119 1251 quid
1142 1184 1283 1249 narratur)
1304 1189 1333 1233 et
1352 1188 1401 1233 Ae-

861 1254 947 1319 schyl.
962 1257 1036 1305 Pers.
1048 1257 1110 1313 att,
1124 1256 1171 1305 ubi
1184 1256 1237 1303 vid.
1253 1254 1398 1304 Blomfield.

859 1326 887 1373 in
900 1325 1051 1376 Glossario.
1076 1327 1170 1390 Neque
1185 1326 1255 1373 enirn
1273 1323 1318 1373 ille
1331 1327 1401 1372 inso-

861 1393 903 1442 liti
919 1395 982 1459 quid
996 1394 1096 1455 habet,
1113 1410 1165 1460 quo
1180 1393 1336 1445 offendaris.
1368 1393 1401 1442 tt-

859 1464 905 1512 lud
922 1466 1007 1527 magis
1023 1464 1185 1529 qrribusdam
1202 1465 1297 1512 mirum
1313 1463 1400 1512 videri

861 1541 889 1582 et
900 1535 948 1583 vix
961 1533 1092 1583 credibile
1107 1535 1211 1593 sentio,
1234 1532 1323 1597 quod,
1343 1547 1400 1582 cum

862 1607 904 1652 tot
921 1604 1008 1668 copiis
1026 1605 1053 1653 in
1068 1603 1210 1653 Graeciam
1225 1603 1328 1652 Xerxes
1345 1602 1402 1651 irre·

862 1675 899 1721 rit
914 1672 1066 1738 proiectus,
1082 1673 1146 1737 quia
1158 1671 1327 1737 singularum
1341 1686 1402 1735 gen·

862 1743 929 1791 tium
948 1747 976 1792 et
990 1743 1127 1807 copiarum
1146 1742 1352 1805 computatione
1364 1742 1402 1790 ta-

861 1820 889 1861 et
900 1813 1015 1875 cingens
1025 1811 1087 1860 inde
1097 1812 1203 1861 exsistit
1215 1812 1401 1875 numerus,qui

862 1881 905 1931 vel
919 1884 1049 1947 quinquies
1068 1886 1095 1931 et
1111 1884 1186 1932 uicies
1206 1889 1311 1930 centena
1328 1883 1402 1929 mittis

863 1953 990 2001 excedat.
1025 1950 1088 2002 vid.
1104 1951 1172 2005 Vll.
1189 1952 1252 2000 tut:
1273 1965 1352 2015 quem
1367 1949 1402 1998 lo·

862 2036 923 2071 cum
937 2036 991 2071 nne
1001 2036 1061 2070 cunr
1073 2020 1185 2085 reliquis
1196 2021 1362 2069 testimoniis
1371 2019 1402 2068 de

863 2106 975 2141 numero
985 2090 1037 2139 hoc
1052 2090 1145 2140 retulit
1155 2091 1279 2140 Brisson.
1293 2090 1336 2139 De
1349 2104 1401 2151 reg.

862 2162 970 2211 Persar.
988 2161 1105 2225 princip.
1118 2160 1176 2221 111,
1195 2161 1238 2219 Τ).
1281 2160 1403 2224 Namque

863 2229 932 2280 alios
946 2237 977 2279 ut
997 2236 1101 2279 taceam
1119 2236 1259 2289 auctores,
1279 2228 1404 2278 dissentit

863 2300 1033 2364 potissimum
1049 2299 1084 2348 ab
1101 2299 1240 2348 Herodoto
1254 2297 1363 2348 Ctesias
1378 2300 1402 2347 in

863 2370 982 2419 Persice.
1008 2371 1151 2432 Excerptt.
1178 2372 1202 2431 i·
1226 2368 1259 2417 23
1280 2371 1402 2432 octopirrtu

863 2444 969 2489 tantum
979 2441 1105 2501 rirpriudes
1114 2438 1200 2488 tuisse
1213 2453 1340 2487 narrans:
1355 2438 1404 2487 uisi

863 2510 892 2557 in
904 2509 979 2574 ipsos
992 2509 1073 2557 hosce
1086 2523 1226 2566 uumerus,
1246 2508 1347 2569 utilit,
1365 2509 1406 2555 vi·

866 2580 934 2629 tium
961 2578 1110 2643 irrepserit.
1149 2578 1221 2640 Quin
1246 2579 1404 2641 septuupiatu

867 2648 946 2698 modo
963 2650 1090 2714 myriades
1107 2649 1185 2713 ponit
1200 2647 1308 2699 Aeliau.
1322 2649 1356 2699 V.
1371 2648 1404 2696 H.

865 2719 943 2776 Xlll,
958 2719 974 2765 :t
988 2720 1107 2782 itemque
1119 2717 1261 2767 Cornelius
1273 2719 1366 2782 Nepos
1379 2718 1405 2765 in

865 2790 915 2837 vit⁴
934 2786 1112 2837 Themistocl.
1130 2789 1146 2836 ‘2
1164 2786 1344 2850 (,‚terrestres
1362 2802 1406 2837 eu·

865 2863 918 2907 tem
938 2858 1072 2907 exercitus
1095 2858 1328 2922 septingentorum
1350 2857 1406 2906 mil-

864 2927 930 2977 lium
945 2928 1080 2990 peditum,
1092 2928 1213 2992 equiturn
1229 2926 1407 2992 quadringen-

865 3004 954 3046 torum
970 2995 1083 3047 millium
1095 2996 1249 3060 trrcrnut“):
1274 2996 1309 3046 ad
1330 3012 1405 3060 quern

865 3065 954 3115 locum
979 3066 1084 3131 reliqua
1108 3071 1230 3117 veterum
1250 3068 1407 3116 testimonia

867 3136 958 3185 attulit
973 3137 1078 3186 Bcaius.
1120 3137 1152 3186 In
1173 3137 1270 3200 quibus
1287 3137 1405 3185 numeris

866 3206 983 3257 diversis
1003 3221 1092 3256 seeum
1110 3206 1301 3270 comparandis
1324 3211 1405 3271 atque

866 3274 1045 3325 conciliandis
1057 3274 1138 3326 nolim
1153 3277 1306 3337 immorari,
1320 3277 1406 3340 utqui

867 3346 950 3409 probe
964 3346 1063 3406 sciam,
1088 3346 1116 3394 iu
1130 3344 1234 3395 talibus
1246 3345 1292 3394 vix
1306 3347 1353 3394 uni
1369 3346 1406 3394 sl·

870 3416 975 3480 terique
988 3416 1117 3480 scriptori
1133 3416 1278 3466 convenire
1295 3430 1355 3465 cum
1369 3414 1405 3463 at·
1498 3407 1503 3420 '

868 3491 936 3536 tero.
963 3485 1106 3535 Numerum
1123 3500 1188 3535 uero
1199 3483 1274 3534 illum
1287 3484 1406 3535 Herodo-

868 3560 940 3605 teum
954 3555 977 3602 si
989 3556 1098 3604 nimium
1112 3559 1140 3604 et
1154 3560 1347 3619 exaggeratum
1361 3570 1405 3619 po·

868 3639 977 3680 namus.
1001 3639 1054 3674 uon
1071 3623 1226 3685 Herodoto,
1244 3624 1293 3674 sed
1310 3625 1406 3674 Persa·

869 3709 926 3743 rum
940 3693 1052 3748 scribis.
1069 3709 1084 3744 e
1098 3709 1211 3760 quorum
1224 3692 1406 3744 uoluminibus

869 3764 1000 3827 inspectis
1021 3762 1066 3814 ille
1089 3763 1227 3825 retulerit,
1254 3762 1306 3813 hoc
1326 3764 1407 3813 tuerit

869 3832 1064 3897 imputandum.
1084 3834 1123 3883 Ac
1133 3834 1233 3882 dudum
1246 3834 1352 3898 quidem
1364 3835 1408 3883 uh-

869 3908 994 3952 servarat
1009 3901 1115 3952 Gibbon
1137 3902 1256 3968 (Hister.
1270 3903 1299 3962 I,
1318 3904 1356 3953 li.
1374 3904 1406 3952 T.

871 3973 916 4020 lV.
926 3987 952 4036 p.
967 3972 997 4022 lt
1011 3988 1067 4037 seq.
1081 3971 1312 4037 vers.German.)‚
1322 3972 1406 4022 videri

868 4041 1051 4091 Herodotenm
1068 4042 1171 4092 huncce
1183 4044 1322 4107 copiarum
1339 4042 1407 4091 indi-

868 4126 926 4162 cem
938 4113 1007 4164 satis
1021 4118 1148 4161 accurrate
1161 4112 1273 4172 iactum,
1289 4111 1336 4162 sed
1346 4113 1408 4161 Per-

865 4196 959 4243 sarum
973 4197 1059 4246 aeque
1071 4198 1102 4232 ac
1112 4183 1276 4232 Graecorum
1288 4181 1406 4230 vanitati

867 4252 982 4302 diversis
996 4253 1152 4317 quamvise
1174 4251 1326 4301 rationibus
1345 4266 1406 4300 con·

866 4322 991 4376 venisse,
1010 4326 1040 4370 ut
1062 4322 1196 4370 in'maius
1212 4336 1316 4371 omnem
1337 4319 1406 4369 hunc

865 4398 1027 4454 apparatum
1040 4390 1165 4440 bellicum
1179 4390 1335 4441 extulerint.
1361 4391 1407 4438 Sic

275 4459 358 4509 silus:
373 4458 428 4509 vid.
440 4458 533 4508 Neeke
544 4459 558 4512 t.
573 4458 628 4523 lp.
640 4459 699 4510 tuo.
722 4458 813 4524 ipsum
864 4475 970 4527 quoque
989 4460 1083 4511 Lcahe
1103 4460 1230 4526 (Trauels
1254 4463 1281 4510 in
1307 4460 1404 4510 North.
