3100 5175
272 323 334 385 520
706 321 978 383 HERODO'I'I

273 527 389 588 μενος,
415 499 470 566 ἐπὶ
491 502 611 566 τοῦτον
632 494 675 585 δὴ
695 494 753 565 τὸν
774 493 923 584 ποταμὸν
944 491 988 576 ὥς
1008 491 1145 564 ἀπίκετο
1159 498 1308 582 Ξέρξης,
1332 498 1373 573 ἐς
1395 490 1434 560 sd

259 602 431 691 ·llpsdpov
443 603 622 689 Πέργαμον
636 597 752 689 ἀνέβη,
763 606 884 688 ἵμερον
899 605 984 685 ἔχων
997 600 1201 688 θεήσασθαι.
1239 598 1423 685 θεησάμε-
1434 610 1480 660 ιιι

275 768 507 829 ιιιι·,ο(1(ιΙι1ιὶ1ιιι
521 782 759 829 sermonemesse,
771 767 819 817 vix
869 765 1283 818 Scamandrraevetenslocnm
1298 765 1432 814 obtinere

276 839 611 902 dubiumvideripoterit
645 835 686 885 Ad
703 804 819 887 locdtio-
869 842 958 904 putat
1000 836 1055 887 Sed
1077 837 1146 887 haec
1163 837 1275 900 longius
1294 835 1433 900 persequi

277 927 337 961 nem
352 902 464 957 ἐπέλιπε
481 908 540 963 (nbi
554 905 623 956 male
636 906 697 957 edd
711 914 820 957 veteres
870 908 905 959 ab
917 907 1049 958 Herodoti
1059 907 1292 975 interpretatione
1305 905 1433 954 alienum

276 974 407 1064 datisne)
428 970 688 1038 rddiedqovconi.
703 977 820 1027 Wert‘er
870 977 990 1027 videtur:
1009 964 1434 1041 quisiugulaeognosccresrn·

279 1054 306 1100 in
325 1051 399 1102 Acts.
423 1048 498 1112 phill.
513 1048 636 1096 Menace
657 1047 679 1097 1
696 1061 758 1110 pag
775 1046 821 1095 81.
871 1047 948 1107 dest,
978 1047 1061 1096 adeat
1080 1061 1150 1111 quae
1166 1045 1289 1095 collecta
1310 1046 1431 1107 praebet

279 1119 380 1170 Herod.
399 1118 468 1179 vlt,
486 1117 527 1167 88.
550 1118 608 1167 1118.
649 1116 690 1167 Ad
710 1115 821 1166 verbum
871 1117 905 1166 de
919 1116 961 1164 his
972 1116 1125 1179 Turbiger
1118 1130 1160 1164 ιιιι
1177 1114 1277 1179 Pauly¹
1280 1132 1295 1164 s
1310 1114 1433 1164 ltealen·

279 1180 420 1250 ἀπέχρησε
441 1186 513 1239 coni.
535 1187 563 1247 1,
575 1186 610 1236 ot
628 1191 656 1235 et
672 1185 738 1246 vn,
761 1184 820 1237 1116.

280 1257 365 1308 Paulo
377 1256 458 1306 aliter
470 1256 583 1307 eandem
599 1256 698 1306 Noster
711 1269 821 1320 expres-

281 1328 497 1379 sitsententiam
510 1326 572 1385 Vll,
591 1326 646 1375 1011

317 1388 382 1454 ἐς
357 1409 388 1444 ιο
406 1388 538 1457 Πριάμου
557 1391 719 1457 Hipponos]
743 1390 823 1455 Apud

281 1468 429 1516 Homerum
440 1470 511 1515 teste
521 1463 670 1528 8ρο1ιιι.1)ο
682 1478 746 1527 agro
757 1464 825 1511 Tro·

283 1538 338 1586 ian.
352 1550 414 1599 pag.
430 1536 471 1586 ll.
487 1521 822 1597 ltsemperinveniturrj

284 1602 446 1669 Πέργαμος,
468 1605 509 1653 ita
526 1609 557 1652 ut
575 1604 740 1667 posteriores
764 1606 825 1678 tan:

284 1681 341 1724 tum
355 1675 503 1738 scriptores
520 1673 622 1722 dixisse
635 1672 782 1722 videantur
792 1662 824 1719 τὸ

285 1738 444 1807 Πέργαμον
487 1741 651 1819 Intelligitur
673 1744 743 1791 euim
761 1741 826 1790 Per-

283 1828 379 1879 gamus
393 1814 493 1862 Troiae
505 1827 590 1863 arse
603 1802 770 1869 ἀκρόπολις,
786 1809 828 1858 al-

284 1885 338 1933 tior
356 1880 463 1947 reliqua
482 1883 582 1942 Troid‚
603 1881 717 1945 rupibus
734 1894 852 1944 super·

285 1958 391 2003 structa
401 1957 428 2001 et
438 1951 669 2007 inaccessaiere‚'
662 1966 689 1999 ιιι
701 1964 755 2014 qua
766 1948 827 1997 deo·

286 2037 344 2071 rum
364 2021 478 2085 templa,
497 2022 601 2070 Priami
618 2020 738 2084 palatia,
761 2017 826 2077 alis,

285 2092 384 2155 quibus
412 2091 588 2140 sanctitatem
618 2087 754 2153 quandam
781 2087 828 2137 ills

287 2162 388 2224 adepta
404 2176 464 2210 esse
483 2159 581 2210 fertur.
616 2161 703 2221 Quam
722 2157 829 2222 quidem

287 2246 358 2279 nunc
373 2236 508 2294 quaerunt
528 2244 582 2279 non
599 2228 680 2289 longe
697 2234 830 2276 remotam

287 2315 304 2347 a
316 2300 387 2360 vico,
402 2299 443 2346 cui
454 2313 526 2347 nunc
538 2313 635 2348 nomen
646 2297 829 2359 Brrnnrlnrrli,

288 2383 358 2432 pone
376 2381 454 2432 quem
475 2368 598 2431 exsurgit
620 2367 696 2416 collis
715 2381 830 2415 saxosus

289 2453 322 2486 so
339 2451 488 2500 praeceps,
507 2436 534 2484 in
552 2451 604 2500 quo
620 2436 721 2485 Priami
740 2451 831 2486 arcem

290 2522 313 2555 s.
328 2507 489 2570 Pergamum
513 2512 592 2555 vetus
612 2505 697 2555 luisse
715 2506 768 2555 iam
784 2506 832 2555 do-

290 2577 348 2626 cuit
359 2574 538 2627 Lechevslier
554 2575 572 2627 1.
592 2574 609 2626 l.
626 2592 653 2639 p.
674 2577 721 2625 172
738 2592 770 2624 ac
783 2591 831 2624 no·

289 2654 348 2696 stra
374 2650 466 2697 aetate
488 2647 558 2696 satis
581 2646 709 2710 probavit
732 2643 833 2694 Forob-

288 2717 428 2778 hammer,
445 2714 515 2765 alios
529 2721 559 2765 ut
574 2723 694 2776 taceam,
715 2714 834 2778 mappis·

291 2802 342 2852 que
356 2785 496 2850 planitiem
510 2786 655 2834 Troianam
674 2799 738 2847 prae
750 2799 780 2833 se
795 2782 834 2833 fe·

290 2857 414 2906 rentibus
438 2861 465 2905 et
482 2861 611 2905 accurate
630 2854 774 2910 delineatis
792 2853 833 2901 in·

200 2940 204 2948 ·
290 2927 408 2975 dicavit:
432 2923 675 2990 Topographische
693 2921 746 2972 und
766 2921 834 2987 phy·

291 2995 374 3059 siogr.
390 2995 593 3059 Beschreibung
608 2995 655 3043 der
668 2992 761 3042 Ebcne
778 3008 833 3041 von

291 3064 378 3114 Trois
388 3065 436 3114 mit
450 3066 504 3114 ein.
516 3065 609 3113 Karte.
628 3062 741 3113 Franks.
758 3061 832 3112 1850.

289 3134 370 3183 lianc
393 3134 464 3183 enim
485 3130 665 3193 senteutiam,
684 3147 765 3196 quam
786 3131 834 3179 du-

292 3202 354 3251 dum
373 3203 512 3265 professus
531 3218 605 3254 eram
627 3203 654 3251 in
671 3201 788 3251 Jahrbb.
813 3200 833 3248 f.

291 3270 391 3323 Philol.
407 3288 434 3322 u.
447 3272 565 3336 Paedag.
580 3271 641 3323 Vol.
657 3272 718 3322 LIl.
732 3288 758 3335 p.
770 3269 832 3330 398,

292 3340 381 3391 adhuc
398 3342 470 3390 tueri
489 3342 597 3399 malim,
622 3357 703 3404 quam
722 3356 768 3391 eos
792 3356 833 3389 se·

290 3409 355 3471 qui,
387 3411 434 3474 qui
460 3409 595 3458 Herodoti
622 3410 782 3473 Pergamum
810 3424 833 3459 s.

264 3476 371 3538 ‚Ilium
397 3478 498 3528 nullum
525 3477 598 3527 aliud
628 3493 689 3528 csse
718 3483 833 3543 ponunt,

291 3546 346 3596 nisi
359 3545 437 3597 Ilium
452 3548 587 3596 recentius
602 3547 629 3595 in
641 3547 756 3611 planitie
770 3564 835 3598 cou-

203 3664 207 3670 ,
292 3616 378 3666 ditum
400 3617 467 3667 mari
492 3616 604 3680 propius
625 3631 679 3666 non
701 3618 793 3680 procul
817 3634 834 3667 a

290 3688 370 3746 vico,
387 3688 432 3736 cui
446 3701 518 3735 nunc
535 3700 631 3735 nomen
648 3685 833 3746 Tsclibtalrlv.

292 3755 497 3808 Erkenbrecher
510 3755 550 3804 in:
570 3757 639 3804 Mus.
653 3756 738 3808 Rhen.
753 3758 786 3806 N.
802 3758 833 3806 F.

293 3824 330 3874 11.
348 3841 373 3887 p.
394 3826 402 3873 1
420 3840 495 3889 seqq.
518 3825 643 3888 inprimis
657 3842 682 3890 p.
700 3826 734 3877 30
748 3842 835 3890 seqq,

293 3893 344 3942 lul.
362 3895 468 3944 Brenn:
489 3894 589 3944 Homer
605 3910 631 3944 u.
648 3897 706 3946 sein
720 3895 832 3946 Zeitalt

293 3978 318 4026 p.
335 3962 367 4013 10
379 3963 466 4026 seq.);
484 3978 534 4013 nec
552 3963 667 4030 denique
684 3966 773 4029 placet
786 3965 834 4015 Ul·

292 4031 536 4083 richsiisententia
554 4033 636 4098 (Mus.
655 4034 740 4087 ithen
753 4036 788 4085 N.
802 4035 834 4084 F.

294 4100 345 4149 ilI
358 4117 382 4165 p
398 4103 449 4154 1172
461 4101 565 4169 seqq)
581 4106 626 4169 qui
640 4105 749 4155 Troiam
763 4105 836 4155 anti-

293 4185 374 4234 quam
389 4186 411 4220 s.
423 4174 583 4237 Pergamum
597 4190 636 4223 eo
641 4175 702 4224 loco
716 4175 834 4238 quaerit,

293 4254 346 4301 quo
372 4256 443 4290 nunc
472 4244 550 4294 vicus
580 4243 712 4293 attactu-
720 4245 786 4294 Kioi
811 4257 833 4293 s

294 4309 395 4357 Atzilr-
403 4312 480 4372 Kioi,
507 4318 626 4362 remotus
647 4313 726 4362 unius
749 4312 835 4361 horae

293 4379 384 4444 spatio
406 4396 423 4429 a
447 4382 506 4431 vico
529 4382 729 4445 Bunsrbasclri,
753 4397 833 4446 quem

872 1184 1029 1251 cyclopaed.
1048 1186 1101 1243 Vl
1118 1186 1143 1235 2.
1163 1201 1190 1249 p
1207 1186 1277 1235 2161
1301 1200 1385 1248 seqq.
1403 1190 1432 1233 et

872 1255 981 1305 Handb.
995 1256 1020 1305 d.
1037 1253 1086 1303 alt
1101 1252 1200 1319 Gcogr.
1217 1255 1257 1306 11.
1280 1269 1349 1318 pag.
1370 1254 1430 1304 149.

874 1324 954 1386 Quod
971 1339 1022 1373 nos
1037 1324 1191 1404 posuimus,
1213 1324 1337 1388 probare
1355 1324 1432 1371 vide-

873 1400 918 1444 tur
928 1393 971 1444 vel
981 1395 1091 1445 verbum
1101 1383 1198 1458 ι’(ιὲβη,
1212 1393 1250 1443 ad
1263 1393 1360 1443 locum
1375 1393 1431 1441 edi

874 1465 989 1524 uorem,
1022 1465 1080 1515 sive
1103 1462 1201 1515 collem
1230 1464 1296 1513 sive
1324 1478 1430 1517 arcem

874 1550 952 1599 quem
967 1534 1070 1584 Xerxes
1088 1533 1224 1593 escendit,
1246 1534 1350 1597 ntique
1367 1548 1430 1596 spe·

875 1609 964 1655 ctans.
987 1602 1177 1653 Commovcrat
1191 1608 1285 1652 autem
1294 1603 1428 1662 Xerxen,

875 1679 906 1723 nt
929 1672 1125 1734 adscenderet,
1159 1674 1220 1735 ipss
1247 1672 1304 1722 loci
1329 1671 1430 1721 nobili-

876 1748 933 1793 tas:
954 1743 1142 1792 excitaverant
1158 1744 1310 1792 Persarum
1334 1757 1428 1805 regern

876 1813 974 1864 Graeci
988 1811 1079 1873 multi,
1100 1812 1145 1876 qui
1163 1812 1252 1876 ipsius
1271 1813 1428 1862 exereitum

877 1882 1060 1946 sequebantur
1078 1887 1162 1945 atquc
1187 1883 1215 1930 in
1238 1882 1330 1945 ipsius
1354 1882 1428 1945 regis

879 1953 1009 2001 comitatu
1020 1954 1107 2010 erant,
1120 1950 1173 2000 loci
1187 1952 1363 2000 carminibus
1374 1952 1428 2000 Ho-

878 2021 987 2071 mericis
1001 2019 1133 2070 celebrati
1146 2021 1214 2069 bene
1228 2037 1368 2070 memores
1382 2036 1427 2070 ne·

879 2106 931 2155 que
943 2089 1011 2139 adeo
1027 2090 1107 2139 inscii
1118 2091 1176 2140 eius
1192 2092 1354 2154 opinionis,
1375 2105 1427 2154 qus

879 2162 979 2211 Persae
989 2177 1018 2210 se
1026 2159 1112 2210 totius
1120 2160 1202 2209 Asiae
1212 2160 1335 2225 indeque
1344 2162 1426 2210 etiam

880 2230 996 2279 Troadis
1014 2229 1138 2279 dominos
1152 2229 1216 2280 inde
1232 2230 1269 2279 ab
1290 2232 1427 2294 antiquis·

880 2300 950 2350 sima
962 2304 1054 2349 aetate
1074 2297 1287 2362 praedicabant:
1310 2300 1369 2353 vid.
1387 2315 1428 2347 su-

880 2385 930 2434 pra
939 2373 1009 2419 nott.
1023 2368 1057 2417 ad
1071 2370 1093 2427 1,
1104 2370 1129 2418 4.
1159 2369 1260 2433 ltaque
1271 2369 1426 2429 mimirum,

880 2440 997 2490 Xerxem
1016 2439 1044 2488 in
1056 2436 1174 2488 Graecos
1191 2438 1383 2502 proiecturum
1401 2439 1427 2486 in

881 2508 953 2559 hunc
980 2507 1068 2558 locum
1095 2508 1252 2559 solemniter
1273 2509 1427 2567 escendere,

884 2594 961 2644 quem
975 2578 1009 2628 ad
1023 2577 1111 2641 ipsum
1122 2578 1268 2629 Persarum
1285 2579 1428 2642 imperium

882 2647 946 2699 olim
967 2649 1132 2713 pertinuisse
1152 2648 1187 2697 ab
1202 2649 1301 2699 iisdem
1318 2649 1428 2699 Graecis

883 2718 946 2769 olim
970 2717 1089 2768 dirutum
1109 2717 1253 2776 terebant3
1273 2735 1327 2768 nec
1344 2720 1428 2778 magu

882 2789 993 2849 mirum,
1007 2801 1086 2838 sacru
1097 2787 1231 2838 solemnia
1245 2788 1284 2837 ibi
1298 2790 1428 2838 instituta

882 2858 969 2907 fuisse
991 2872 1006 2905 (ι
1025 2857 1112 2907 Xerxe
1130 2856 1188 2922 ⁸loci
1207 2860 1380 2922 antiquitate
1402 2865 1428 2908 et

883 2927 1046 2976 celebritate
1068 2933 1218 2977 commoto:
1242 2944 1330 2993 quare
1348 2929 1427 2978 nolim

884 2997 993 3046 credere
1008 2996 1077 3047 haec
1092 3012 1108 3046 a
1122 2998 1237 3047 Graecis
1250 3013 1313 3048 esse
1324 2998 1389 3049 ficta
1402 3005 1428 3048 et

884 3067 918 3115 ab
937 3066 1032 3115 iisdem
1051 3066 1168 3132 probata
1182 3067 1274 3117 Persis
1291 3067 1428 3118 nonnullis

883 3136 950 3185 viris
964 3135 1068 3199 doctis,
1084 3142 1114 3185 ut
1130 3136 1236 3186 iudicat
1250 3138 1427 3202 Sengebusclr

884 3206 926 3255 in:
952 3205 1100 3256 Dissertat.
1117 3207 1272 3257 Homerico.
1297 3209 1383 3272 prior.
1402 3225 1425 3272 p.

886 3276 944 3326 145.
961 3301 994 3310 -
1013 3276 1055 3324 De
1070 3274 1120 3325 111ο
1139 3277 1294 3328 recentiore
1306 3285 1371 3342 post
1384 3295 1426 3328 ιι·-

884 3350 928 3394 tus
949 3343 1028 3393 ilium
1051 3346 1159 3395 condito
1182 3347 1210 3396 in
1231 3346 1352 3411 planitie
1373 3350 1426 3397 rid.

884 3413 974 3463 Strab.
988 3414 1066 3467 xltt.
1088 3431 1152 3479 pag.
1166 3415 1217 3467 593
1231 3431 1291 3482 seq.
1307 3417 1356 3468 801
1373 3435 1425 3483 seq.

885 3488 912 3533 et
927 3498 996 3547 quoe
1011 3484 1131 3535 Boeclrh.
1146 3486 1172 3534 in
1187 3486 1267 3551 corp.
1286 3488 1424 3553 Inscriptt.

885 3553 998 3606 Graeco.
1016 3554 1049 3606 T.
1069 3554 1106 3606 11.
1124 3571 1150 3619 p.
1168 3555 1221 3605 818
1237 3573 1296 3621 seq.
1320 3556 1368 3620 (ad
1387 3574 1424 3607 nr.

885 3623 965 3686 3595)
990 3627 1017 3672 et
1034 3624 1167 3688 Forbiger
1186 3624 1203 3675 l.
1224 3625 1243 3678 1.
1265 3627 1423 3680 attulerunt

885 3691 966 3752 Quod
984 3708 1048 3743 vero
1067 3693 1202 3744 Herodoti
1221 3702 1315 3746 aetate
1329 3698 1424 3762 Perga·

886 3777 971 3825 mum,
985 3763 1063 3813 cuius
1076 3763 1231 3815 Alexander
1240 3766 1356 3816 Macedo
1371 3767 1424 3816 nul

885 3830 927 3879 las
941 3832 1060 3896 reperire
1074 3835 1166 3898 potnit
1177 3834 1327 3904 reliquias,
1341 3836 1424 3886 adhuc

886 3902 998 3952 stetisse
1012 3901 1063 3952 hoc
1077 3919 1109 3953 ex
1126 3903 1186 3953 loco
1199 3906 1313 3955 coniicit
1325 3907 1422 3957 Krase.

884 3971 975 4022 lleber
998 3971 1146 4023 Herodot’s
1170 3974 1358 4039 dusmessong
1379 3977 1423 4026 des

885 4041 964 4090 Pont.
977 4046 1030 4095 etc.
1043 4056 1107 4106 pag.
1122 4042 1170 4104 117,
1187 4046 1422 4110 vereoreqnidem.

885 4112 917 4157 ut
930 4116 1004 4160 recte
1017 4112 1174 4162 coniecerit
1201 4115 1270 4163 Nam
1280 4115 1358 4166 locus
1368 4121 1422 4165 tan

885 4183 942 4227 tum
955 4179 1002 4229 hic
1018 4181 1173 4244 indicatur,
1194 4184 1222 4232 in
1238 4200 1317 4249 quem
1336 4201 1422 4236 escen·

884 4247 954 4298 derit
968 4251 1112 4300 Persarum
1127 4266 1190 4310 rex,
1215 4269 1266 4304 nec
1278 4254 1335 4304 ullo
1348 4255 1421 4305 modo

885 4319 1042 4381 quaeritur,
1062 4336 1124 4370 num
1137 4290 1245 4382 rudera
1251 4323 1341 4375 adbuc
1357 4326 1421 4374 anti

885 4402 953 4451 quae
965 4390 1038 4440 arcis
1054 4392 1212 4442 exstiterint
1223 4409 1318 4444 necne.
