3100 5175
439 400 718 478 ronrurtrs.
741 400 813 465 vu,
838 414 881 468 oo.
902 410 946 467 or.

1198 396 1260 461 545

124 584 239 657 πίλους
254 572 418 664 ἀπαγέας,
443 578 519 664 περὶ
536 579 572 645 δὲ
594 576 630 647 τὰ
646 583 740 666 σῶμα
756 581 907 659 κιθῶνας
920 574 1135 665 χειριδωτοὺς
1149 586 1258 648 ποικί·

124 691 216 767 λους,
240 688 377 761 λεπίδος
390 680 548 769 σιδηρέης
569 679 648 764 ὄψιν
669 682 895 769 ἰχθυοειδέος,
919 683 997 769 περὶ
1018 681 1055 750 δὲ
1076 679 1115 750 roi
1138 682 1258 753 σκέλεα

121 864 159 896 nr.
174 849 199 897 2.
215 848 240 897 3.
270 847 349 898 Unde
365 846 439 897 haud
457 847 526 898 rnale
541 848 664 897 Brissou.

120 917 163 969 1.l
175 918 226 976 111,
242 921 292 980 tl,
310 917 402 967 multis
417 918 582 968 testimoniis
594 918 663 967 alla·

120 990 169 1049 tis,
190 988 290 1036 Persns
312 988 454 1038 contendit
478 990 506 1037 in
529 989 589 1037 acie
608 1004 662 1038 non

119 1058 242 1121 galeatos
259 1057 346 1107 fuisse
358 1095 365 1119 ‚
378 1057 425 1106 sed
442 1058 569 1120 pileatos.

152 1124 281 1183 κιθῶνας
294 1120 479 1188 χειριδωτοὺς
498 1124 659 1191 ποικίλους]

120 1199 135 1245 l.
156 1212 178 1246 e.
196 1201 295 1246 tunicas
312 1198 451 1246 manicatus·
471 1199 537 1246 uarii
558 1200 660 1246 color-is.

117 1268 273 1316 llauicatas
290 1266 400 1316 tunicas
410 1266 502 1315 l'crsis
516 1266 543 1314 iu
554 1281 606 1315 usu
619 1268 661 1316 lu·

116 1337 170 1386 isse
182 1342 351 1397 monstrant,
373 1350 443 1400 quse
459 1334 571 1398 collegit
586 1337 659 1386 Bris-

117 1407 209 1456 sonius
221 1405 240 1456 l.
256 1405 273 1454 l.
294 1407 315 1467 l,
329 1410 371 1458 till.
398 1407 529 1454 Maiorem
545 1404 661 1456 difficul-

118 1481 200 1525 tntem
212 1474 331 1525 afferunt
342 1475 435 1536 verba,
451 1490 520 1538 quae
530 1476 659 1525 continuo

116 1546 296 1595 adiiciuntur:
316 1542 433 1600 λεπίδος
445 1542 578 1607 σιδηρέης
589 1534 659 1607 ὄψιν

115 1611 309 1678 ι’χθυοειδέοςς
329 1630 391 1663 nuru
408 1612 509 1663 loricae
521 1629 544 1666 s.
562 1608 659 1676 θοίρη·

714 850 776 897 lorr's
792 864 885 913 easque
897 864 933 897 es:
945 849 1042 898 lucrinis
1058 848 1154 910 ferreis
1171 851 1258 913 couse-

712 926 783 980 ctus,
800 935 904 984 quarum
921 920 1004 981 sorrua
1020 934 1138 982 squamus
1152 922 1257 981 piscium

713 992 844 1045 retuler·it,·
864 990 921 1038 sive
935 988 1057 1037 brevius:
1077 989 1257 1038 lor-icusmum'-

712 1068 787 1107 cutus
797 1065 823 1109 et
832 1066 986 1122 spuunrutus.
1011 1057 1078 1107 Inde
1090 1058 1174 1107 refert
1184 1059 1256 1108 Bris-

712 1143 772 1177 son.
792 1128 808 1178 l.
828 1127 846 1181 l.
867 1128 926 1188 111,
943 1128 989 1189 12,
1009 1128 1107 1176 Persas
1127 1126 1256 1179 babuisse

711 1197 786 1246 circa
799 1212 897 1260 corpus
909 1200 1007 1246 tunicas
1022 1201 1191 1259 ruunulealus,
1212 1214 1255 1246 uu·

710 1269 757 1315 riis
771 1268 881 1332 squmrris
895 1267 994 1329 esurio
1010 1271 1134 1316 conserus
1146 1272 1171 1317 iu
1188 1270 1255 1317 simi·

709 1338 834 1386 litudr'ncm
854 1338 967 1400 piscium.
1009 1336 1108 1386 Nostro
1131 1352 1255 1388 sermone

708 1408 829 1472 Langius
838 1405 936 1455 reddit:
946 1408 1038 1467 „einen
1045 1405 1136 1456 benten
1143 1409 1253 1459 uermer-

709 1476 771 1525 rorlr
785 1478 827 1525 mit
838 1477 954 1525 eiserueu
965 1475 1096 1538 Seliuppen
1110 1478 1155 1527 mie
1165 1477 1252 1528 Ἐλουλ-

708 1546 870 1608 ιυλειρροιι“,·
890 1551 917 1594 et
931 1545 1055 1595 Schoell:
1076 1545 1174 1608 „burte
1186 1551 1252 1596 Aer-

709 1616 833 1665 melrrirlre
852 1615 993 1665 arizusrlren
1017 1617 1062 1664 mie
1083 1617 1139 1664 eine
1154 1616 1252 1679 Srlrup·

114 1700 163 1742 κος
171 1687 310 1735 notionem
321 1686 458 1748 requirere
470 1683 605 1745 videntur,
614 1700 660 1734 cu·
705 1687 817 1748 perrlraut
828 1702 874 1734 von
883 1684 971 1746 Stulti,
987 1684 1179 1734 uerrucarum
1190 1687 1252 1736 ulru-

114 1756 155 1804 ius
170 1757 259 1820 ipsius
272 1770 397 1803 unacum
409 1752 575 1803 chithouelit
588 1769 659 1803 men·

115 1827 151 1874 tio
172 1825 200 1873 iu
215 1824 336 1874 Masistii
361 1830 499 1872 armatura
516 1822 590 1887 apud
606 1824 661 1873 lle-

114 1894 170 1943 rod.
181 1896 229 1958 lx,
239 1895 272 1942 22
283 1892 346 1943 coll.
354 1893 477 1957 Xenoplr.
487 1892 586 1956 Cyrop.
596 1895 617 1941 V
621 1893 657 1952 ll,

115 1967 138 2015 l.
152 1968 176 2027 ξ.
191 1968 217 2013 2.
245 1964 345 2028 ltaque
361 1970 423 2028 post
434 1962 582 2017 ποικίλους
594 1963 659 2011 addi

113 2034 207 2083 volunt
224 2029 273 2082 nul
288 2025 441 2095 θώρηκας;
462 2031 534 2095 quod
550 2033 604 2081 nisi
618 2032 657 2080 in·

113 2104 268 2164 tereiderit,
287 2101 374 2153 videri
393 2102 431 2151 illi
450 2109 566 2166 possunt
582 2102 658 2164 (sunt

113 2173 194 2222 rerba
208 2170 399 2236 Valckenarii)
418 2187 472 2220 non
488 2177 583 2235 pectus
596 2179 656 2220 tan-

113 2249 183 2305 tum,
199 2243 247 2292 scd
264 2248 351 2291 totum
366 2256 464 2305 corpus
478 2239 606 2290 babuisse
620 2245 656 2289 lo·

111 2313 164 2363 ricrl
180 2318 299 2374 tectum,
317 2327 351 2360 en
363 2312 459 2371 ferreis
474 2312 570 2360 luminis
579 2327 656 2374 squu-

111 2399 203 2432 morunt
215 2386 298 2432 iuslur
312 2380 366 2431 sibi
383 2380 499 2429 invicem
519 2380 655 2444 imponitis

111 2453 199 2511 lactd3
222 2458 254 2501 ut
268 2457 346 2500 erent
368 2450 469 2499 armati
488 2451 592 2514 equites
611 2465 654 2497 cu-

110 2522 251 2585 taplrrurti,
278 2520 311 2571 de
336 2519 434 2586 quibus
454 2519 508 2572 vid,
529 2520 652 2570 Brisson.

110 2592 126 2644 l.
141 2592 159 2643 l.
174 2592 232 2652 111,
252 2591 286 2642 35
300 2597 328 2641 et
344 2588 488 2655 Spaubem.
504 2591 539 2640 nd
553 2589 653 2640 Iulian.

109 2678 134 2726 p.
145 2663 211 2724 249,
225 2666 257 2711 ut
270 2660 364 2712 horum
380 2659 448 2709 adeo
461 2657 585 2715 κιθῶνες
597 2672 652 2722 χει-

109 2727 225 2794 ριδωτολ
237 2730 341 2780 fuerint
354 2724 504 2777 λεπιδωτοί
517 2728 561 2778 vel
574 2728 653 2789 mols-

109 2799 202 2853 δωτοί,
231 2800 388 2851 Herodotus
399 2806 489 2849 tamon
500 2797 582 2862 (idem
595 2815 654 2862 per·

109 2872 148 2936 git
163 2871 357 2934 Valckenar.),
380 2869 453 2920 infru
475 2868 507 2917 de
524 2869 651 2918 llasistio

108 2941 220 3006 loquens
239 2940 401 3001 interiecto,
422 2931 474 2986 τδυ
487 2932 608 3000 θώρηκα
624 2943 652 2987 et

107 3005 157 3058 triv
183 3006 300 3059 κιθῶνα
329 3007 479 3058 clarissime
507 3008 652 3072 distinguit

108 3079 223 3143 1x‚2·2‚
244 3079 292 3128 ubi
311 3070 432 3140 θοίρηκα
453 3071 651 3125 λεπιδωτὸν

109 3150 190 3210 uixit,
227 3165 308 3214 quem
334 3147 498 3210 Posidippus
531 3147 649 3195 comicus

108 3221 179 3283 spud
192 3217 291 3269 Athen.
305 3218 353 3267 IX.
375 3233 402 3281 p.
416 3217 506 3268 dilil'.
528 3216 650 3281 appellnt

108 3281 326 3350 polidensis,
348 3303 408 3336 cum
428 3284 549 3335 eiusdem
568 3285 650 3349 origi·

107 3359 147 3407 nis
163 3374 245 3410 voces
266 3353 346 3413 λεπλς
361 3362 388 3405 et
405 3350 489 3417 φολλς
503 3357 530 3404 in
544 3371 595 3405 usu
609 3357 649 3405 ita

108 3429 356 3493 distinguerentur,
382 3430 412 3475 nt
430 3426 544 3489 piscium
567 3440 647 3488 squa-

107 3514 166 3548 mae
188 3493 316 3555 λεπίδες,
342 3495 507 3560 serpentium
533 3493 649 3558 φολίδες

106 3567 271 3618 dicerentur.
292 3567 368 3628 Quae
379 3581 438 3616 cum
449 3566 488 3614 lta
499 3565 562 3627 sint,
575 3565 650 3629 equi·

106 3638 163 3687 dem
178 3637 270 3687 malim
287 3641 425 3697 statuere,
448 3637 546 3684 loricae
559 3636 647 3684 notio·

105 3723 163 3758 nem
177 3705 312 3758 contineri
331 3721 398 3755 voce
412 3705 591 3770 praecedente
606 3721 647 3752 κι-

104 3775 217 3838 donar,
233 3792 284 3826 nec
294 3781 384 3824 tamen
394 3789 454 3824 cnm
463 3774 647 3838 Wesseliugio

104 3852 130 3895 et
140 3847 251 3897 Pauwio
262 3845 428 3908 reposuerim
438 3838 590 3907 ίχθυοειδέ
596 3861 613 3891 u
624 3861 646 3904 ς,

106 3917 175 3979 quod
189 3916 224 3965 ad
241 3911 371 3970 κιδώυας
389 3915 522 3963 reseratur
561 3914 648 3962 Perli-

105 3993 150 4034 nct
170 3987 242 4035 enim
265 3978 444 4047 ἰχθυοειδέος
464 3983 498 4033 ad
521 3982 644 4043 λεπίδος,

105 4057 149 4118 qui
163 4056 296 4105 materiae
310 4053 509 4117 estgenitivus,
522 4054 646 4102 indicans

104 4125 259 4184 materiam,
281 4140 313 4172 ex
328 4139 381 4187 qun
394 4122 480 4172 lorica
493 4123 572 4171 luerit
585 4138 647 4171 con-

104 4194 190 4256 iecta,
205 4201 234 4245 et
246 4192 365 4257 pendeus
376 4192 410 4242 sb
421 4192 595 4242 antecedenti
608 4206 647 4237 κι-

104 4261 216 4325 θῶνας,
239 4262 311 4328 quod
330 4266 425 4313 lorinus
445 4261 647 4326 significatione

103 4334 156 4383 iem
167 4349 252 4398 snpra
262 4332 403 4397 attigimus
413 4332 448 4381 ad
458 4332 490 4389 V,
505 4331 561 4381 lou.
590 4331 647 4379 ltn-

104 4418 155 4467 que
171 4419 232 4453 cum
247 4401 506 4466 Schweighaeusero
527 4400 554 4451 lr.
569 4398 587 4450 1.
607 4400 648 4448 in·

102 4472 253 4524 tellexerim
264 4475 359 4523 romeus
372 4474 512 4522 ruanicatus
527 4472 593 4523 uarii
605 4485 645 4519 co·

136 4577 307 4622 Ennomon.
331 4578 381 4619 111.

709 1756 792 1805 liclr“.·
811 1756 837 1804 in
850 1760 916 1805 nota
927 1752 1069 1815 adiiciens,
1081 1753 1153 1804 haud
1164 1756 1252 1805 videri

709 1825 753 1875 hic
767 1823 946 1888 cogitandum
965 1838 1024 1873 esse
1038 1825 1071 1873 de
1086 1823 1185 1887 lorica,
1202 1826 1251 1875 scd

709 1894 742 1944 de
761 1896 856 1943 tunica
878 1893 1014 1943 coloribus
1034 1893 1145 1943 inductu
1167 1909 1249 1960 squu-

708 1979 765 2013 rnas
783 1963 974 2014 referentibus.
1012 1962 1115 2023 Quibus
1132 1979 1185 2028 quo
1202 1965 1250 2013 rni-

708 2049 757 2083 uus
771 2034 924 2092 assentiar,
938 2032 964 2080 iu
978 2048 1011 2081 ea
1025 2032 1078 2082 loci
1090 2034 1250 2098 interpreta-

707 2106 797 2163 tione,
814 2118 894 2168 quum
905 2101 1177 2165 Schweiglrneuserns
1186 2119 1248 2168 pro·

706 2174 815 2237 posuit,
836 2172 1062 2237 acquiescendum
1084 2187 1143 2225 esse
1161 2180 1247 2237 ratus,

706 2243 830 2292 eiliciunt
843 2258 891 2303 ea,
909 2256 979 2306 quae
992 2258 1006 2291 e
1020 2243 1199 2292 monumentis
1213 2260 1247 2293 ex

705 2314 821 2378 antiqua
835 2312 949 2361 Ninires
969 2310 1035 2361 urbe
1054 2313 1140 2362 erutis
1154 2319 1247 2376 protu-

704 2383 736 2432 lit
746 2381 858 2445 Layard
871 2379 1002 2445 (Niniveh
1015 2380 1068 2429 und
1081 2383 1117 2431 its
1127 2384 1246 2432 remeius
1290 2381 1296 2391 '

703 2453 740 2504 Il.
754 2469 778 2516 p.
790 2452 840 2501 335
852 2468 900 2516 seq
912 2450 937 2514 );
956 2451 1094 2515 sqrrnmeis
1103 2453 1173 2501 enim
1184 2452 1247 2503 lori·

703 2525 743 2572 cis
757 2522 847 2571 induti
866 2527 1107 2584 repraesentantur
1123 2536 1246 2588 pugnan-

704 2599 761 2643 tes:
785 2592 961 2657 ipsarumque
984 2590 1139 2641 huiusmodi
1165 2608 1246 2658 squu-

703 2678 807 2712 murum
819 2662 969 2711 ferrearum
982 2661 1087 2724 copiam
1101 2661 1204 2726 largam
1217 2663 1244 2712 in

703 2735 726 2783 N
730 2731 827 2781 imrudi
838 2731 941 2795 palutio
953 2730 1092 2779 inventam
1103 2745 1164 2780 esse
1173 2731 1244 2781 idem

703 2802 797 2862 addit,
819 2799 982 2863 easdemque
999 2798 1088 2849 videri
1101 2800 1244 2864 impositas

702 2873 804 2921 tunicis
820 2869 911 2930 lineis,
937 2882 1022 2932 quare
1035 2870 1118 2918 etium
1134 2863 1244 2927 λινέους

702 2935 854 3003 θώρηκας,
871 2953 938 3002 quoe
952 2938 1072 3001 Assyriis
1084 2938 1185 2988 Noster
1196 2941 1244 2988 tri·

702 3012 760 3060 buit
776 3026 838 3074 cap.
854 3008 887 3058 dtr
903 3006 977 3068 (add.
994 3022 1044 3070 cap
1067 3007 1126 3071 89),
1149 3009 1243 3059 eodem

702 3080 787 3130 relert
799 3077 917 3139 bayard.
951 3076 982 3124 ln
997 3076 1120 3126 clausula
1133 3078 1242 3143 addam,

702 3148 837 3216 quomodo
854 3147 979 3210 Mongen.
997 3145 1016 3196 l.
1031 3146 1050 3195 l.
1066 3146 1099 3195 Τ.
1114 3147 1160 3196 IV.
1178 3163 1241 3214 pag.

700 3222 743 3273 ts.
756 3220 791 3269 49
810 3217 877 3266 lrnec
893 3216 953 3279 ipsa
965 3214 1078 3266 Gallicis
1092 3215 1182 3267 verbis
1196 3234 1243 3268 ex-

700 3288 844 3354 presserit:
871 3286 950 3349 „Les
965 3286 1062 3336 Perses
1083 3286 1195 3336 ancient
1208 3314 1242 3324 —

700 3360 724 3410 le
737 3374 817 3422 corps
832 3353 982 3419 euveloppd
995 3355 1027 3406 de
1043 3357 1169 3420 tunlques
1181 3373 1243 3423 gnr-

700 3432 758 3479 nies
777 3428 811 3477 de
828 3425 957 3476 munchen
972 3431 1000 3474 et
1018 3426 1118 3476 teiutes
1136 3426 1168 3476 de
1182 3427 1241 3492 plu-

699 3501 786 3548 sieurs
800 3495 941 3554 couleurs,
962 3510 1008 3545 sur
1025 3495 1064 3546 les
1083 3496 1186 3562 quelles
1207 3498 1241 3548 ils

698 3569 838 3635 placoient
850 3566 897 3615 des
910 3565 1044 3616 cuirasses
1057 3566 1172 3617 iorrndes
1186 3566 1241 3617 δ’δ-

698 3638 795 3688 cailles
808 3637 841 3686 de
856 3636 896 3685 ier
910 3635 1071 3686 semblables
1085 3635 1181 3687 bcelln
1193 3636 1240 3686 des

698 3707 856 3774 poissons.“

732 3771 796 3838 περὶ
809 3768 882 3824 δὲτὰ
894 3764 990 3821 σκέλεα
999 3765 1186 3836 ἀναξυρίδας]
1200 3774 1240 3822 Dc

697 3848 842 3897 Persarum
860 3843 967 3893 braccis
983 3841 1099 3891 diximus
1114 3841 1148 3890 nd
1164 3841 1192 3903 Ι,
1207 3842 1237 3891 71

697 3923 724 3966 et
735 3916 837 3972 111‚87.
863 3912 1024 3962 Cuiusmodi
1033 3910 1140 3961 braccis
1151 3910 1239 3976 longis

696 3985 848 4048 amplisque
874 3980 964 4029 induti
984 3981 1036 4030 viri
1054 3982 1155 4030 Persae
1176 3996 1240 4030 cou-

696 4055 850 4119 spiciuntur
872 4051 900 4099 in
923 4052 1012 4099 numis
1028 4049 1239 4100 Sassanidarum
1305 4108 1308 4114 Ι

697 4129 780 4188 atque
793 4122 821 4171 in
835 4120 1028 4182 monumentis,
1043 4135 1114 4184 quse
1127 4134 1240 4169 cernun-

697 4198 741 4243 tur
761 4207 845 4256 prope
861 4188 982 4239 anrschi
998 4190 1125 4248 Busirim,
1147 4188 1239 4239 obser-

697 4266 780 4312 vnnte
794 4262 916 4322 Mongen.
935 4257 953 4306 l.
967 4258 986 4309 l.
999 4275 1061 4324 pag⁴
1077 4257 1120 4308 48.
1157 4258 1239 4308 Tales

697 4332 767 4381 enlm
781 4330 897 4380 braccae
907 4333 935 4378 et
946 4329 1039 4380 Persis
1048 4334 1075 4379 et
1084 4329 1163 4379 Sacis
1174 4329 1240 4390 (Ho-

696 4401 786 4450 rodot.
799 4400 863 4460 Vll,
876 4397 922 4462 (ll)
939 4405 966 4448 et
982 4401 1099 4450 cacteris
1112 4398 1238 4463 gentibus

697 4473 765 4521 istos
784 4470 864 4520 Asine
883 4470 1022 4521 interioris
1040 4472 1147 4521 tructus
1163 4468 1238 4520 inco·

1001 4554 1041 4616 35
