3100 5175
284 429 345 492 384
714 428 982 492 Hnuonorl

284 609 489 695 πολέμαρχος
508 609 738 692 Καλλίμαχος·
774 599 792 672 ὁ
818 602 883 692 γὰρ
912 604 1012 692 νόμος
1031 603 1105 672 τότε
1132 602 1199 691 εἶχε
1219 596 1307 674 οὕτω
1331 616 1420 672 τοῖσι

256 777 265 794 ρ
278 709 505 798 Ἀθηναίοισι,
520 706 579 778 τὸν
593 711 803 796 πολέμαρχον
817 715 907 796 ἔχειν
920 711 1017 797 κέρας
1032 706 1068 778 τὸ
1083 709 1204 791 δεξιόν.
1234 702 1420 795 ἡγεομένου

284 814 322 883 dl
343 813 464 882 τούτου
486 815 677 894 ἐξεδέκοντο
701 808 745 891 ὡς
764 808 1024 901 ἠριθμέοντοαί
1039 814 1162 899 φυλαὶ,
1190 811 1344 899 ἐχόμεναι
1359 805 1418 878 ἆλ-

283 920 429 1006 ληλέων·
454 925 638 986 τελευταῖοι
653 915 691 984 dl
705 914 899 1003 ἐτάσσοντο,
922 922 1053 1004 ἔχοντες
1066 914 1103 985 τὸ
1118 913 1294 1003 εὐώνυμον
1308 917 1419 1002 κέρας,

318 1080 369 1133 τόν
392 1078 572 1147 πολέμαρχον
592 1075 666 1147 ἔχειν
690 1077 773 1146 κέρας
795 1074 826 1131 τὸ
877 1082 1034 1133 alterthiim.
1050 1087 1075 1147 ξ.
1091 1084 1149 1134 Ιῖιῖ.
1167 1088 1223 1133 not.
1242 1082 1280 1132 10.
1311 1083 1341 1131 Si
1354 1097 1417 1130 vero

283 1147 404 1218 δεξιόν]
437 1153 504 1204 Cnm
527 1152 591 1203 olim
608 1169 655 1203 rex
676 1154 704 1202 in
727 1153 825 1202 dextro
876 1154 1017 1217 quaeritur
1032 1152 1125 1218 (idque
1137 1154 1173 1202 ad
1192 1157 1314 1203 nestrum
1331 1151 1418 1201 lecum

284 1241 370 1275 cornu
386 1227 534 1288 imperaret
551 1221 598 1286 (ci.
617 1224 711 1287 Eurip.
729 1222 824 1287 Suppl.
877 1224 999 1287 inprimis
1009 1224 1138 1288 spectat),
1149 1239 1202 1288 quo
1215 1223 1309 1272 ordine
1319 1222 1346 1270 in
1357 1222 1418 1286 ipsa
1519 1243 1523 1252 ·

283 1294 471 1358 bethnemra
483 1291 661 1357 reipublicae
674 1293 824 1341 formiiste
875 1295 935 1342 acie
955 1294 1147 1343 constituenda
1171 1292 1293 1358 singulae
1319 1292 1417 1356 phylae

282 1364 379 1426 honos,
387 1364 458 1428 quod
468 1362 826 1427 beneviditWesselingius,
847 1406 851 1414 ,
876 1348 1085 1427 se‘exceperint,
1096 1362 1139 1412 vel
1148 1378 1210 1412 eum
1221 1362 1340 1411 ordinem
1352 1362 1419 1410 l'uis'-

282 1433 454 1499 polemarclio
471 1433 579 1496 obtigit,
593 1432 627 1481 de
640 1433 718 1482 cuins
733 1448 827 1483 mune·
876 1448 905 1482 se
921 1449 1033 1484 necesse
1054 1437 1110 1493 est,
1130 1433 1178 1497 qui
1194 1433 1257 1481 inde
1278 1431 1313 1481 ab
1336 1433 1416 1481 initio

282 1505 378 1558 revid
393 1508 462 1552 nott.
476 1503 560 1564 adV,
576 1503 634 1554 109.

295 1564 468 1656 ἡγεομένου
483 1565 515 1620 dl
534 1565 639 1620 τούτου
662 1562 823 1631 ἐξεδέκοντο

283 1633 322 1701 ὡς
340 1635 517 1708 ἠριθμέοννο
532 1656 561 1689 αι
554 1634 678 1703 ’,φυλαὶ
692 1633 823 1705 ἐχόμεναι

280 1709 434 1777 ἀλληλέων]
472 1713 548 1762 Haec
575 1712 660 1762 verba
688 1710 823 1776 Schweig

283 1784 430 1834 haeuserns
444 1783 483 1831 ita
498 1782 597 1832 reddit:
619 1781 674 1844 „ob
687 1780 733 1830 λον
746 1783 824 1846 igitar

278 1857 405 1918 principio
419 1853 508 1903 deiide
523 1853 659 1901 collocutae
675 1860 749 1902 erant
766 1867 826 1900 eorr-

242 1921 245 1925 ’
282 1927 350 1974 tineo
364 1934 451 1974 tenore
464 1924 577 1988 singulae
594 1921 674 1971 tribus
686 1921 822 1972 Athenien·

281 1997 342 2043 ιίαιιι
357 2009 407 2058 pro
419 1993 536 2057 cuiusque
544 1991 674 2041 rrrrmero.“
688 1992 821 2055 Longius,

281 2062 444 2114 vernaculus
458 2063 607 2128 interpres,
618 2059 699 2127 paulo
712 2060 823 2111 liberius

282 2135 373 2190 sict,
377 2133 472 2192 ,Unter
487 2133 577 2181 ‹lessen
588 2131 637 2180 Fer
635 2146 707 2248 ιιιιιχμ
725 2132 823 2196 solpten

282 2219 332 2252 ιιιαι
343 2206 384 2252 die
396 2203 519 2267 riti-ipen
510 2201 643 2250 Stciimne
633 2216 658 2249 ιιι
674 2201 745 2251 ιἸιιιι
757 2202 822 2252 Ord-

281 2289 361 2336 ιιιιιιμ,
386 2274 456 2322 εἰναι
472 2269 536 2321 nael
554 2272 609 2321 dem
628 2270 756 2322 undernf‘
791 2270 823 2318 In

283 2343 380 2406 quibus
392 2341 465 2406 qnod
485 2341 571 2391 verba
587 2342 666 2390 initio
681 2341 772 2406 posita
791 2330 823 2402 ᾖ·

281 2407 417 2475 χεομένον
442 2403 473 2458 di
495 2403 598 2458 reiron
616 2409 822 2494 Schweighaeu-

282 2496 359 2532 serus
375 2479 477 2529 reddit·
497 2479 528 2528 ab
541 2478 587 2529 hoe
601 2483 677 2544 ι’μίλιιι·
688 2482 822 2542 principio,

282 2552 370 2602 minus
383 2554 513 2601 accurate
525 2550 636 2616 utique,
627 2551 773 2670 ,eguidem
789 2549 824 2599 ad

281 2636 444 2699 praegressa
469 2620 552 2672 verba
575 2618 637 2685 (τοῦ
653 2636 672 2684 μ
689 2636 705 2669 ν
725 2616 824 2679 δεξιον

280 2690 377 2755 κέρεος
388 2705 483 2758 pyrene
497 2705 512 2740 ο
530 2690 707 2754 πολέμαρχος
722 2687 823 2739 Kella*-

281 2763 383 2828 μαχος)
408 2762 557 2827 respiciens
581 2760 672 2810 m'ulim
693 2761 821 2811 reddere:

279 2833 326 2883 boc
343 2850 402 2883 nero
418 2829 617 2897 (Callimacho)
640 2831 703 2881 duce
721 2830 822 2896 (dextri

281 2903 391 2967 cornus)
404 2901 574 2966 sequebantur
590 2903 641 2964 ito,
662 2910 688 2950 ut
706 2916 824 2950 numera-

280 2974 373 3023 bantur·
383 2971 444 3038 (suo
455 2971 571 3035 ordine),
581 2970 675 3035 plrplue
683 2986 711 3020 re
721 2972 823 3019 invicem

280 3042 637 3106 excipientesliecontinuo
652 3041 756 3101 ordine,
767 3055 822 3089 una

280 3119 342 3178 post
361 3111 503 3174 alteram),
524 3111 594 3161 adeo
615 3114 647 3159 ut
668 3115 728 3159 toto
746 3111 820 3160 acies

279 3182 385 3248 longam
397 3180 536 3231 exhiberet
545 3185 572 3230 et
582 3180 768 3230 continuatam
782 3196 822 3229 se·

280 3254 355 3311 riem‚
368 3252 446 3301 cuius
459 3250 582 3300 dextram
594 3254 699 3314 partem
714 3266 735 3300 s.
748 3249 821 3313 prin·

280 3322 383 3385 oipinm
398 3322 487 3370 tenuit
500 3319 682 3369 Callimachus
697 3334 756 3368 cum
769 3333 821 3366 sua

280 3390 361 3450 tribu,
374 3404 453 3455 quam
462 3389 623 3438 Aeantidem
638 3387 723 3438 fnisse
735 3392 820 3438 testa-

281 3468 324 3507 tur
346 3458 509 3509 Plutarchus
530 3459 557 3506 in
584 3458 770 3522 Symposiacc,
794 3458 818 3520 1,

282 3530 323 3579 10.
339 3544 402 3593 pag.
412 3528 473 3590 648,
483 3527 554 3577 hanc
566 3543 631 3577 vero
645 3527 744 3577 tribum
758 3526 821 3579 reli·

279 3613 349 3663 quae
358 3598 446 3647 tribus
456 3614 478 3648 s.
490 3593 577 3660 φνλαλ
587 3598 750 3661 exciperent.
770 3598 821 3647 Et-

279 3670 351 3719 enim
365 3668 510 3718 tenendnm
523 3673 579 3730 est,
599 3668 627 3716 in
646 3667 761 3718 civitate
772 3669 821 3717 At·

279 3740 337 3789 tica
350 3739 465 3804 phylas,
482 3752 550 3802 quas
566 3736 629 3787 inde
639 3752 657 3786 a
670 3736 819 3788 Clisthenis

278 3814 372 3860 aetate
386 3808 453 3874 (rid.
467 3822 551 3871 supra
563 3808 596 3872 V,
609 3805 655 3871 68)
671 3807 763 3858 decem
775 3808 819 3859 fn-

278 3881 333 3931 isse
355 3880 495 3943 novimus,
519 3892 575 3927 non
598 3877 632 3927 ad
655 3892 698 3929 res
721 3878 818 3930 civiles

277 3955 399 4015 tantum,
413 3964 508 4000 verum
527 3946 641 3999 bellicas
654 3962 761 4013 quoqne
778 3950 820 3999 ita

276 4022 456 4086 pertinuisse,
481 4024 512 4068 ut
536 4017 659 4085 singulas
681 4020 818 4071 exercitus

277 4095 305 4140 in
318 4091 417 4141 bellum
430 4088 626 4154 proficiscentis
643 4093 736 4155 partes
753 4105 817 4140 cou-

276 4162 421 4212 stituerent
432 4158 497 4209 etin
507 4161 568 4223 ipsa
578 4160 639 4209 acie
648 4175 725 4210 suum
735 4175 817 4226 quae-

276 4246 328 4296 que
343 4231 432 4282 locum
442 4245 459 4279 a
474 4231 590 4280 caeteris
603 4230 755 4280 seiunctum
768 4230 816 4279 ob·

276 4302 387 4359 tineret;
410 4299 481 4364 quod
497 4299 541 4350 rel
557 4301 657 4350 Noster
676 4299 752 4349 loeus
768 4298 813 4349 de·

275 4367 376 4426 clarat,
396 4385 431 4419 ac
450 4374 588 4419 testantur
601 4368 740 4419 Plutarch.
756 4369 813 4421 Vit.

273 4438 424 4501 Aristide,
437 4438 486 4487 alii
496 4453 512 4487 a
522 4437 587 4487 QF.
600 4436 758 4487 Hermanno
769 4454 815 4488 ex·

274 4508 354 4560 citati
370 4509 413 4559 io:
432 4506 531 4557 Lehrb.
544 4505 571 4560 d.
583 4506 691 4559 Grieeb.
705 4506 814 4559 Strate-

876 1505 947 1554 inter
959 1502 1007 1552 bas
1021 1502 1117 1567 phylas
1127 1503 1236 1551 omnino
1246 1504 1416 1552 constitutus

875 1574 903 1623 iu
916 1588 994 1623 omne
1008 1580 1114 1637 tempus
1129 1572 1264 1634 obtinuit,
1284 1586 1357 1621 nnnc
1370 1587 1416 1620 co-

874 1644 969 1706 gnitus
985 1658 1018 1691 ex
1030 1642 1255 1706 inscriptionibus
1267 1641 1360 1706 (Corp.
1372 1642 1416 1690 ln·
1506 1664 1509 1668 <

874 1711 1022 1777 script.Gr.
1033 1712 1056 1762 1.
1068 1728 1109 1761 nr.
1124 1713 1172 1763 lun
1184 1710 1285 1777 seqq.);
1300 1712 1342 1761 vel
1353 1727 1414 1761 enm

874 1782 1006 1844 ordinem,
1021 1797 1074 1846 qno
1084 1781 1208 1847 singulae
1221 1780 1320 1846 plrylae
1333 1783 1360 1829 in
1375 1797 1414 1830 re·

874 1851 984 1916 publica
1008 1852 1227 1901 administranda
1248 1866 1413 1915 perannum

872 1922 980 1971 civilem
997 1936 1026 1970 se
1038 1922 1227 1986 excipiebant,
1246 1926 1319 1971 sorte
1337 1929 1414 1985 quot·

872 1992 952 2043 annis
969 1992 1159 2044 constitutum.
1195 1992 1276 2040 Hunc
1292 2006 1356 2041 vero
1372 2007 1412 2039 or·

873 2061 962 2112 dinem
976 2063 1107 2127 inpugna
1116 2060 1291 2111 Marathonia
1306 2060 1412 2111 obtinn-

872 2133 926 2182 isse
943 2134 1143 2192 menedemus,
1159 2128 1258 2180 suadet
1272 2130 1413 2180 Plutarchi

872 2201 906 2251 sd
918 2202 1081 2264 Aeschylum
1097 2202 1272 2266 provocantis
1291 2203 1412 2251 testimo-

873 2273 946 2320 ninm
965 2271 1025 2320 loco
1045 2286 1127 2336 supra
1151 2270 1280 2334 laudato,
1307 2287 1340 2321 ex
1360 2287 1411 2336 qno

872 2343 1021 2390 Aeantidem
1034 2343 1144 2403 tribum,
1159 2356 1230 2406 quae
1243 2355 1257 2390 e
1270 2342 1356 2406 priori
1372 2356 1413 2390 or-

873 2412 935 2460 dine
955 2426 1023 2460 ιιοιια
1038 2411 1104 2471 luit,
1131 2412 1246 2476 primum
1269 2410 1361 2461 locum
1386 2410 1412 2458 iu

872 2480 968 2531 dextro
993 2496 1075 2531 cornu
1105 2481 1255 2530 obtinuisse
1282 2479 1412 2545 intelligi-

872 2566 946 2614 mus,
959 2557 1042 2618 otqne
1053 2550 1126 2599 hand
1145 2550 1202 2603 scio
1213 2564 1249 2599 sn
1261 2550 1332 2601 idem
1346 2565 1412 2616 quo·

872 2636 924 2686 que
939 2621 1031 2686 colligi
1046 2622 1135 2684 possit
1151 2636 1184 2670 ex
1202 2618 1290 2671 altero
1305 2621 1413 2671 Plutar-

872 2691 917 2740 chi
931 2692 990 2741 loco
1009 2693 1038 2739 in
1051 2690 1165 2742 Aristid,
1183 2705 1243 2754 cap.
1257 2691 1289 2754 b,
1307 2708 1340 2741 ex
1359 2706 1411 2756 quo

872 2761 1018 2811 Leontidem
1039 2761 1154 2823 tribum,
1171 2776 1242 2825 quae
1260 2769 1368 2825 ραοιλα,
1385 2767 1413 2810 et

872 2831 1059 2891 Antiochidem,
1072 2845 1142 2895 quae
1157 2832 1252 2881 decima
1268 2830 1322 2881 fuit
1341 2831 1412 2881 inter

871 2899 970 2965 phylas
985 2903 1134 2952 secundum
1151 2901 1265 2965 priorem
1281 2902 1411 2964 ordinem,

871 2973 900 3019 in
914 2972 975 3021 acie
994 2973 1071 3021 iuxta
1084 2988 1114 3022 se
1125 2968 1239 3022 'stetisse
1253 2976 1281 3022 et
1293 2986 1412 3038 pugnas-

872 3056 901 3091 se
920 3048 1049 3105 apparet:
1075 3041 1118 3092 bic
1137 3043 1207 3093 enim
1222 3041 1287 3092 ordo
1304 3044 1411 3109 utrique

870 3115 944 3161 sorte
969 3110 1113 3193 obtigerat.
1154 3114 1251 3190 ltaque
1278 3113 1412 3162 Herodoti

869 3181 955 3230 rerba
987 3171 1194 3242 ἐξεδέκοντο
1176 3196 1215 3237 ως
1235 3172 1410 3245 η’ριθμέονιο

870 3265 901 3297 αι
892 3243 1005 3313 φυλαὶ
1020 3250 1093 3301 haud
1108 3249 1158 3300 alit
1148 3255 1188 3299 ter
1203 3249 1323 3315 intelligi
1335 3256 1411 3315 pote-

869 3324 973 3381 ternnt,
986 3319 1204 3371 nisiboemndn:
1216 3319 1411 3371 Callimachum

869 3388 910 3453 (in
924 3357 1020 3440 derltro
1038 3406 1121 3441 cornu
1137 3405 1197 3440 cum
1212 3388 1347 3440 Aeantide
1358 3390 1412 3441 col·

868 3458 1000 3524 locatum)
1026 3461 1055 3510 in
1075 3463 1136 3510 acie
1153 3459 1327 3523 excipiebant
1349 3460 1411 3509 reli·

869 3536 939 3594 quae
951 3530 1054 3593 tribus,
1072 3530 1113 3579 ita
1123 3534 1154 3580 ut
1167 3529 1377 3579 numerabantur
1388 3546 1410 3579 s.

871 3616 902 3649 eo
918 3600 1027 3662 ordine,
1042 3600 1089 3663 qni
1108 3614 1218 3650 numero
1238 3603 1313 3650 sorte
1328 3598 1410 3649 ducto

871 3672 969 3735 cuique
979 3670 1145 3720 constitutus
1156 3674 1223 3731 erat,
1231 3684 1286 3718 una
1296 3674 1360 3734 post
1371 3669 1409 3718 al-

868 3746 956 3791 teram
973 3755 995 3791 s.
1010 3755 1059 3805 pro
1079 3755 1128 3790 suo
1146 3754 1269 3805 quaeque
1288 3754 1409 3790 numero.

869 3811 950 3860 Hunc
967 3826 1031 3860 vero
1050 3811 1172 3860 ordinem
1193 3810 1308 3858 eundem
1323 3809 1410 3860 fuisse

870 3886 951 3945 atque
961 3896 1031 3943 eum,
1040 3895 1092 3945 qno
1105 3881 1134 3928 in
1146 3885 1245 3928 senatu
1259 3880 1349 3928 adres
1360 3895 1408 3943 pu-

868 3950 955 4000 blieas
967 3948 1198 4000 administrandas
1210 3963 1256 4012 per
1270 3963 1353 3998 unum
1362 3965 1408 3998 an·

869 4020 912 4069 nis
936 4019 1024 4069 ciuilis
1049 4034 1167 4069 mensem
1188 4018 1407 4081 advocabantur,

869 4089 988 4139 dubitari
1007 4088 1080 4138 haud
1101 4092 1200 4154 potest.
1230 4088 1319 4153 litque
1337 4088 1407 4138 hunc

868 4160 897 4209 in
910 4158 1017 4207 modurn
1031 4158 1115 4209 Grote
1128 4172 1236 4224 quoqne
1246 4159 1363 4223 History
1379 4157 1409 4207 of

868 4228 968 4279 Greeee
982 4228 1030 4279 1v.
1042 4243 1105 4292 pag.
1116 4230 1168 4279 435
1182 4227 1250 4278 baec
1263 4228 1348 4278 verba
1360 4242 1405 4277 ac·

865 4298 920 4362 cipi
933 4297 1002 4361 vuli,
1018 4298 1137 4363 itemque
1150 4297 1273 4348 Bocckh:
1286 4299 1341 4348 Zur
1355 4297 1406 4347 Ge·

864 4367 988 4420 schichte
999 4367 1024 4419 d.
1036 4367 1217 4431 Mondeyclen
1230 4384 1256 4432 p.
1272 4368 1307 4418 68
1320 4382 1405 4433 seqq,

864 4439 943 4489 euius
960 4438 1113 4489 sententiae
1128 4436 1351 4502 adstipulandum
1366 4452 1407 4487 es·

864 4524 894 4560 se
928 4514 1010 4574 puto,
1042 4507 1124 4558 aliter
1152 4507 1277 4573 quamvis
1300 4511 1406 4557 statuat
