3100 5175
290 411 351 471 534
726 402 991 463 HERODOTI

245 592 285 652 54
299 583 432 671 Ταύτην
459 580 522 669 μὲν
552 577 614 667 τὴν
639 573 765 666 ἡμέρην
793 575 1078 664 παρεσκευάζοντο
1106 577 1140 655 ἐς
1166 570 1227 662 τὴν
1253 571 1428 660 διάβασιν·

293 695 333 777 τῇ
358 688 395 757 δὲ
417 683 575 771 ὑστεραίῃ
602 679 766 769 ἀνέμενον
792 679 851 749 τὸν
880 677 974 768 ἥλιον
997 684 1171 759 ἐθέλοντες
1194 679 1328 746 ἰδέσθαι
1351 673 1427 745 ἄνι’-

291 816 429 879 σχοντσι,
458 787 654 876 θυμιήματά
680 813 714 853 τε
744 798 885 854 παντοῖα
914 786 1058 853 ἐπὶτῶν
1083 785 1261 869 γεφυρέων
1284 788 1473 865 scrupi-ott

292 905 402 979 ζονσες
428 894 483 961 καὶ
512 897 693 979 μυρσίνῃσι
726 887 928 975 scopatione
956 886 1017 975 τὴν
1045 883 1135 956 ὁδόν.
1177 880 1223 964 ὡς
1252 881 1285 952 d'
1308 887 1428 953 ἐπανέ-

293 1112 449 1165 nominibus
464 1111 622 1175 plerumque
641 1107 735 1158 iuncto
751 1103 839 1157 simili

294 1183 497 1247 significatione
513 1184 597 1243 atque
614 1177 687 1242 apud
699 1175 838 1239 Thucydi·

190 1288 192 1291 -
295 1254 355 1304 dem
373 1253 416 1309 ll,
435 1252 468 1299 74
487 1244 561 1312 ἔχειν
581 1252 609 1297 et
629 1247 703 1310 apud
722 1247 837 1295 Latinos

294 1326 392 1380 colere,
404 1320 506 1379 bebere,
521 1322 634 1368 notante
644 1315 837 1371 Valckenario,

296 1392 343 1458 qui
357 1389 526 1440 Herodotum
538 1389 565 1436 in
578 1385 679 1437 talibus
692 1387 734 1435 ait
745 1387 843 1448 poem,

296 1477 355 1512 rum
371 1475 443 1510 more
454 1473 514 1507 esse
527 1455 662 1511 locutum,
679 1455 739 1504 coll.
752 1453 841 1504 Theo·

298 1533 361 1581 crit.
379 1530 459 1585 xvi,
474 1528 518 1577 88.
536 1525 602 1586 vll,
621 1524 680 1576 103.
715 1526 840 1588 Namque

298 1602 397 1650 Noster
410 1598 456 1647 hic
470 1611 577 1661 qnoque
588 1595 753 1645 Graecorum
767 1607 841 1643 more

298 1670 452 1734 loquentem
466 1668 534 1715 iacit
547 1666 662 1715 Xerxem
675 1680 722 1722 ea,
739 1679 810 1727 quae
824 1678 841 1711 a

299 1741 442 1790 Persarum
462 1735 599 1787 institutis
619 1734 708 1784 aliena
730 1733 842 1783 videan-

300 1817 358 1867 tnr3
384 1806 476 1871 qualia
492 1803 566 1854 haud
587 1820 675 1867 pauca
695 1806 842 1853 occurrunt

300 1879 327 1927 in
337 1874 464 1939 Aeschyli
476 1873 569 1923 tabula
579 1873 763 1935 celeberrima,
772 1887 843 1936 qnae

300 1949 446 1997 Persarum
458 1945 565 1993 nomine
577 1943 742 2009 inscribitur,
759 1946 844 2005 atque

301 2015 371 2080 apud
388 2015 476 2078 ipsum
490 2013 676 2065 Herodotum,
693 2020 722 2061 ut
739 2011 846 2061 monui·

303 2101 361 2135 mus
374 2083 410 2133 ad
424 2083 486 2145 v11,
502 2082 541 2132 10.
557 2084 581 2144 ξ.
593 2084 619 2132 4.
630 2083 655 2131 5.
668 2082 735 2141 vlt,
748 2082 791 2132 to.
809 2080 840 2130 51

302 2155 417 2217 aliisque
427 2152 495 2202 locis
507 2151 579 2201 baud
588 2151 692 2216 paucis.
708 2150 763 2213 Qui
773 2150 844 2200 enim

302 2227 339 2274 dii
352 2220 483 2272 tutelares
494 2220 610 2284 aliquam
620 2221 755 2286 regionem
767 2234 846 2283 prae-

302 2294 381 2356 cipue
407 2292 479 2339 tueri
505 2295 652 2354 putantur,
683 2305 752 2353 quae
776 2290 844 2352 ipsis

303 2362 384 2426 quiesi
403 2365 477 2409 sorte
497 2360 596 2423 obtigit
615 2359 642 2409 in
659 2361 736 2407 varia
755 2359 845 2408 varie-

304 2446 362 2481 rum
375 2430 496 2493 gentium
512 2443 545 2477 ac
559 2429 702 2478 civitatum
717 2428 847 2477 distribu-

305 2501 380 2549 tione
395 2500 452 2548 sive
468 2498 611 2547 sortitione
629 2499 701 2546 inter
718 2499 783 2548 deos
803 2497 845 2546 sa-

305 2575 366 2630 cta,
389 2567 407 2616 ii
428 2567 557 2618 dicuntur
577 2571 676 2618 terram
696 2560 847 2630 λαγχάνειν

305 2640 422 2701 indeque
442 2652 502 2687 eam
521 2630 611 2699 ἔχειν,
632 2638 650 2689 i.
665 2654 689 2687 e.
706 2643 800 2688 tenere
819 2637 846 2686 in

306 2709 479 2775 possessione
490 2711 573 2771 atque
586 2708 648 2757 inde
662 2708 731 2758 tueri
745 2708 847 2756 firmam

218 2779 228 2798 ⁴
306 2797 338 2829 ac
355 2777 490 2828 stabilem.
526 2777 587 2838 Sic,
607 2776 662 2826 alia
683 2784 714 2827 ut
730 2783 847 2837 taceam,

307 2848 379 2900 Plat.
394 2847 420 2896 in
434 2847 506 2899 Tim.
519 2861 545 2910 p.
557 2847 630 2899 23E.
644 2863 705 2911 pag.
718 2848 748 2898 lt)
759 2844 847 2895 Bekis.

306 2920 338 2969 de
348 2919 486 2967 Minerva:
500 2905 579 2979 ἣτήν
589 2930 616 2963 τε
627 2906 763 2979 ὑμετέραν
776 2912 848 2976 (scil.

306 2984 402 3048 πόλιν)
414 2980 463 3034 καὶ
475 2980 559 3049 τήνδ’
572 2979 660 3049 ἔλαχε.
692 2985 754 3035 vid.
770 2983 800 3033 C.
815 2985 847 3036 F.

306 3057 460 3107 Hermann:
475 3054 683 3105 Gottesdienstl.
694 3052 810 3104 Alterth.
821 3052 847 3102 d.

307 3125 415 3178 Griech.
436 3127 461 3187 5.
476 3125 519 3174 20.
533 3130 590 3177 not.
610 3125 633 3174 l.
672 3125 751 3173 Hanc
766 3124 849 3188 igitur

306 3198 472 3246 Graecorum
489 3194 642 3257 opinionem
659 3193 691 3243 dc
706 3193 759 3242 diis
776 3197 848 3241 tute-

306 3264 409 3314 laribus
420 3262 540 3326 aliquam
549 3262 685 3326 regionem
698 3263 804 3312 sortitis
815 3260 850 3311 ad

282 3351 285 3355 ‘
306 3336 405 3384 Persas
416 3333 613 3395 quodammodo
625 3332 785 3381 translatam
795 3330 850 3381 exi·

307 3402 414 3461 stimes,
429 3400 499 3462 apud
512 3416 579 3463 qnos
592 3403 636 3465 qni
647 3406 781 3451 vocantur
791 3400 850 3449 Ανι-

307 3469 479 3532 scdaeponds,
507 3484 554 3518 cos
584 3469 656 3519 baud
680 3469 851 3520 incommode

309 3540 361 3588 linc
381 3538 466 3586 traxit
484 3537 602 3589 lilenker
629 3539 656 3587 in
672 3539 798 3603 Append.
816 3538 851 3588 ad

309 3605 472 3658 Zendavest.
492 3606 545 3655 111.
560 3623 624 3671 pag.
638 3610 680 3658 ⁵24.
712 3610 766 3670 Qui
784 3624 851 3658 sane

310 3678 419 3727 maximi
431 3675 503 3740 apud
518 3677 615 3725 Persas
627 3675 762 3727 habentur
778 3678 852 3742 genii

310 3749 368 3798 sive
381 3746 434 3807 dii,
451 3745 561 3810 reliquis
574 3746 661 3810 geniis
674 3746 852 3797 interioribus

311 3821 392 3881 quasi
407 3815 554 3880 praelecti,
574 3815 659 3864 totius
676 3817 749 3866 orbis
767 3823 854 3866 terru-

311 3901 368 3934 rum
384 3899 475 3934 caram
490 3886 600 3935 interae
614 3885 732 3936 divisam
749 3885 852 3947 sortiti,

312 3957 353 4003 ita
366 3959 396 4004 ut
412 3954 502 4003 omnia
520 3955 547 4004 in
566 3956 645 4004 terris
659 3958 694 4006 ab
712 3957 780 4019 ipsis
793 3956 853 4018 regi

239 4081 245 4098 x
312 4030 394 4089 atque
403 4024 533 4075 constitui
544 4030 682 4088 pntentnr.
703 4027 743 4075 De
754 4026 853 4090 quibus

312 4095 397 4144 multa
409 4094 516 4144 Rhode:
537 4095 588 4144 Die
607 4094 706 4160 beilige
720 4097 791 4158 Sage
806 4096 853 4145 des

311 4163 464 4215 Zendvolks
484 4180 545 4229 pag.
562 4163 612 4214 315
625 4181 698 4231 seqq.
736 4166 854 4227 Quibus·

313 4250 373 4283 cum
396 4248 461 4282 sane
485 4235 652 4284 conveniunt
674 4251 769 4285 sacrae
790 4233 854 4283 acri-

314 4308 409 4367 pturae
422 4301 569 4367 archangeli
579 4304 637 4353 sive
647 4305 740 4378 0qu
754 4302 855 4369 quidsi

313 4389 389 4438 iussn
405 4388 513 4452 singula
533 4405 616 4452 regna
630 4370 779 4453 gentelque
798 4404 855 4439 sor-

313 4459 358 4510 titi
383 4462 520 4507 tueantur·
533 4474 679 4522 earumque
700 4473 742 4507 res
763 4473 855 4509 coram

888 1107 939 1156 deo
952 1109 1095 1170 peragant,
1110 1105 1157 1169 qui
1169 1104 1229 1167 ipse
1239 1102 1303 1152 bine
1315 1110 1431 1153 vocatur

887 1177 1061 1248 0ququ
1088 1174 1105 1225 i.
1128 1189 1151 1223 e.
1173 1174 1314 1236 principum
1335 1190 1358 1221 s.
1381 1174 1430 1225 Ar.

888 1239 1064 1324 clunpetormn
1085 1261 1204 1322 princeps
1227 1257 1300 1322 apud
1322 1258 1429 1309 Daniel.

888 1330 967 1391 Vlll,
983 1331 1025 1380 ²5.
1052 1329 1094 1378 Tu
1109 1329 1163 1379 vid.
1177 1328 1276 1377 ibidem
1289 1328 1323 1387 X,
1336 1328 1377 1379 13.
1387 1330 1429 1379 21,

889 1401 959 1459 xil,
975 1401 997 1453 1.
1029 1400 1123 1464 quue
1138 1399 1219 1449 etiam
1232 1397 1280 1446 illa
1297 1399 1431 1461 pertinere

890 1470 990 1519 dicitnr
1003 1469 1164 1518 ludaeorum
1178 1467 1355 1531 superstitio,
1371 1484 1430 1533 qua,

891 1555 951 1589 cum
963 1538 1138 1603 septuaginta
1146 1543 1235 1588 terrae
1246 1539 1333 1587 totins
1345 1539 1431 1587 natio

892 1625 939 1659 nes
951 1609 1129 1665 statuissent,
1140 1608 1317 1671 septuaginta
1327 1622 1431 1671 quoque

893 1678 1019 1743 angelos,
1036 1678 1082 1742 qui
1097 1677 1195 1743 singuli
1218 1676 1333 1741 singulis
1347 1679 1431 1725 natio-

893 1749 971 1798 nibus
984 1751 1152 1813 praeessent,
1165 1751 1332 1797 statuerunt.
1356 1745 1430 1796 soni.

893 1819 1081 1881 Genea.)il,7.
1097 1816 1167 1867 Phil.
1176 1816 1245 1881 Opp.
1254 1817 1293 1869 11.
1302 1818 1430 1881 pugili.

1085 1989 1151 2042 Car.
1172 1989 1245 2038 LIV.

930 2085 1184 2157 παρεσκευάζοντο]
1205 2092 1347 2143 Revocavi
1364 2092 1391 2141 id
1403 2108 1432 2141 ex

895 2162 1009 2219 Aldina,
1032 2179 1091 2212 cum
1108 2162 1218 2227 plurimi
1234 2161 1297 2211 libri
1320 2162 1434 2211 afferant

896 2230 1169 2293 παρασκευαζοντος
1192 2231 1248 2283 vid.
1270 2246 1357 2295 supra
1376 2230 1434 2292 vll,

894 2303 937 2353 25.

929 2362 1068 2431 ἀνέμενον
1081 2360 1130 2418 τὸν
1142 2357 1235 2433 ἥλιον]
1254 2369 1435 2432 Exspectasse

895 2440 957 2490 illos
974 2439 1032 2489 vult
1047 2438 1166 2488 Kleuker
1184 2437 1204 2488 1.
1225 2437 1243 2486 l.
1262 2438 1330 2488 solis
1350 2442 1435 2488 ortum

897 2516 927 2560 ut
937 2508 1123 2574 proficiscendi
1133 2508 1255 2573 signum,
1268 2508 1372 2571 quippe
1383 2508 1436 2573 qui·

896 2580 947 2630 bus
959 2577 1016 2629 sole
1028 2579 1096 2629 duce
1108 2577 1269 2643 signumque
1281 2577 1367 2629 dante
1379 2594 1435 2643 pro·

898 2651 999 2714 gressis
1013 2648 1104 2698 omnia
1115 2648 1205 2698 iurent
1217 2663 1359 2712 prospera.
1387 2648 1437 2709 Qui

897 2719 982 2781 idem,
994 2719 1040 2770 ubi
1053 2719 1087 2768 ad
1102 2734 1194 2768 rocem
1208 2711 1380 2781 θυμιήματα
1393 2733 1438 2767 au·

899 2794 993 2851 notat,
1017 2786 1091 2852 apud
1110 2788 1209 2838 Perses
1231 2793 1293 2837 tura
1314 2789 1439 2852 aliasque

899 2858 1033 2909 eiusmodi
1060 2871 1103 2906 res
1131 2858 1276 2907 maximam
1300 2873 1438 2908 sacrorum

898 2929 1076 2979 constituisse
1109 2933 1229 2991 partem,
1264 2928 1439 2987 sacrificium,

900 2998 973 3063 quod
996 2997 1021 3047 h.
1048 2997 1067 3046 l.
1093 3003 1336 3059 commemoratur,
1374 2997 1440 3046 mari

899 3068 984 3118 luisse
1006 3066 1126 3117 oblatum
1147 3068 1247 3117 statuit
1271 3068 1330 3118 sive
1351 3067 1439 3132 potius

899 3153 1004 3202 aquae,
1018 3151 1087 3201 qnae
1097 3141 1161 3200 post
1170 3137 1260 3202 ignem
1270 3138 1388 3187 maxime
1397 3152 1441 3185 co·

898 3207 963 3257 litur
976 3223 993 3256 a
1005 3206 1095 3257 Persia
1112 3207 1182 3256 inter
1196 3222 1284 3257 rerum
1297 3207 1438 3256 elementa.

900 3278 994 3341 Bring.
1012 3277 1040 3325 in
1053 3276 1255 3326 Dissertatione
1273 3277 1308 3326 ud
1324 3276 1391 3339 vil,
1408 3274 1439 3324 35

900 3346 1014 3396 laudata
1033 3360 1093 3409 pag.
1109 3345 1143 3396 37
1161 3346 1195 3395 de
1209 3345 1313 3408 duplici
1332 3344 1378 3395 bic
1395 3343 1439 3407 agi

901 3421 979 3480 putat
992 3413 1138 3477 sacrificio,
1154 3420 1185 3464 ut
1198 3418 1262 3463 ante
1274 3420 1363 3464 ortum
1375 3413 1438 3465 solis

901 3484 1030 3534 odoribus
1039 3490 1067 3534 et
1076 3483 1379 3548 myrtoHeilespontum
1388 3482 1438 3532 sibi

902 3554 1049 3618 propitium
1068 3552 1198 3614 reddere,
1216 3559 1278 3616 post
1293 3552 1361 3603 solis
1378 3567 1439 3602 vero

904 3629 991 3673 ortum
1017 3622 1150 3672 libatione
1173 3622 1244 3672 hunc
1264 3622 1332 3672 coeli
1353 3636 1439 3686 regem

903 3692 1028 3743 venerari
1042 3690 1160 3740 voluerit
1172 3692 1288 3752 Xerxem
1311 3693 1358 3756 qui
1374 3692 1439 3741 liba-

905 3764 979 3812 tione
997 3777 1057 3811 cum
1075 3761 1201 3824 precibus
1222 3761 1298 3811 facta
1314 3761 1440 3825 phialam,

903 3835 1035 3882 craterem
1051 3846 1164 3881 aureum
1179 3837 1207 3881 et
1224 3830 1344 3895 gladium
1357 3830 1440 3879 Perai-

905 3918 965 3952 cnm
977 3900 1045 3950 mari
1058 3899 1160 3949 donare
1175 3898 1294 3951 voluisse
1308 3899 1440 3949 videatur.

939 3967 1091 4035 μυρσίνῃσι
1104 3962 1273 4030 στορνύντες
1288 3961 1342 4031 τὴν
1355 3959 1440 4030 'tiddal

904 4042 966 4091 Duo
977 4038 1054 4090 codd.
1065 4036 1198 4102 μυρσίνῃ.
1224 4038 1302 4091 Coni.
1313 4038 1391 4101 vm,
1399 4037 1441 4097 stt,

904 4111 951 4160 ubi
963 4109 1055 4161 eadem
1071 4107 1183 4168 locatio.
1208 4110 1265 4159 Nec
1276 4109 1364 4172 magis
1375 4107 1441 4159 reci·

905 4180 1031 4245 piendum
1053 4171 1253 4238 στορεννυντες
1277 4193 1309 4228 ex
1330 4177 1443 4227 Aldinae

905 4251 1041 4315 marginem
1054 4246 1090 4297 oi.
1101 4247 1260 4300 Strabonem
1270 4248 1344 4298 xiv.
1357 4263 1383 4312 p.
1394 4246 1443 4297 dib

906 4336 928 4371 a.
944 4336 971 4384 p.
984 4316 1072 4369 educ.
1110 4317 1151 4368 De
1170 4317 1230 4381 ipso
1250 4321 1343 4367 autem
1361 4331 1443 4375 more,

905 4405 960 4454 quo
972 4390 1033 4439 vias
1047 4385 1159 4438 floribus
1174 4386 1348 4451 odoratisque
1362 4386 1445 4435 ramis

905 4463 1079 4514 consternere
1090 4454 1145 4506 fuit
1157 4456 1276 4514 solitum,
1289 4455 1369 4519 plura
1381 4454 1446 4505 affe·
