3100 5175
438 409 809 476 TERPSIOHORE.
832 414 870 476 V.
892 422 936 481 72.
953 423 997 481 73.
1225 411 1285 480 1³9

150 575 211 653 ἀπὸ
231 587 440 675 Κλεομένεος
461 587 751 678 μεταπεμψάμενοι
772 590 940 678 πέμπουσι
961 583 1121 679 ἀγγέλους
1141 593 1174 672 ἐς
1193 588 1284 680 Σάρ-

87 735 92 743 ·
151 691 215 772 ὄις,
240 699 435 780 συμμαχίην
460 691 657 782 βουλόμενοι
685 692 891 782 ποιήσασθαι
918 692 1000 781 πρὸς
1022 698 1169 783 Πέρσας·
1208 693 1283 786 ajat·

150 797 262 863 στέατο
282 793 349 882 γάρ
370 819 432 884 σφι
449 793 531 884 πρὸς
544 802 831 886 Λακεδαιμονίους
853 826 888 869 τε
907 800 964 868 καὶ
977 803 1168 889 Κλεομένεα
1185 803 1283 882 ἐκπε·

150 901 375 986 πολεμεῖσθαι.
409 898 622 989 ἀπικομένων
647 901 683 971 δὲ
703 907 772 971 τῶν
786 899 938 992 ἀγγέλων
957 905 990 982 ἐς
1008 902 1066 984 τὰς
1078 903 1206 991 Σάρδις
1229 905 1285 973 καί
1333 903 1336 908 ’

149 1000 317 1088 λεγόντων
343 1000 384 1072 τά
411 1007 629 1094 ἐντεταλμένα
661 1002 922 1096 Ἀρταφέρνηςὸ
951 1002 1165 1095 Ὑστάσπεος,
1192 1016 1283 1094 Σαρ·

150 1108 229 1174 δίων
249 1103 418 1195 ὕπαρχος,
444 1108 626 1196 ἐπειρώτα,
651 1117 740 1190 τίνες
761 1108 871 1191 ἐόντες
892 1107 1069 1197 ἀνθρωποι
1089 1114 1144 1181 καὶ
1161 1116 1205 1201 κῇ
1224 1115 1285 1200 γης

149 1213 319 1297 οἰκημένοι
348 1216 477 1281 δεοίατο
504 1216 665 1302 Περσέων
692 1212 857 1302 σύμμαχοι
884 1216 1053 1302 γενέσθαι.
1093 1214 1285 1304 πυθόμενος

150 1311 184 1381 δὲ
205 1312 292 1400 πρὸς
313 1319 382 1384 τῶν
406 1311 557 1404 ἀγγέλων
576 1314 794 1406 ἀπεκορύφου
816 1339 876 1405 σφι
896 1316 992 1387 τάδε·
1027 1318 1284 1408 captationem

148 1421 281 1503 βασιλέι·
291 1427 428 1511 Δαρείῳ
454 1417 625 1509 Ἀθηναῖοι
645 1426 710 1510 γῆν
730 1448 765 1490 τε
786 1423 842 1490 καί
862 1418 972 1511 ὕδωρ,
998 1419 1016 1490 ὁ
1039 1423 1075 1492 δὲ
1095 1432 1285 1512 συμμαχίην

98 1593 103 1600 ,
148 1540 205 1608 σφι
218 1530 435 1593 συνετίθετο·
463 1532 493 1595 εί
507 1526 543 1595 dt
557 1523 602 1615 μὴ
619 1530 766 1611 διδοῦσι,
789 1521 1061 1596 ἀπαλλάσσεσθαι
1078 1523 1199 1606 αὐτοὺς
1213 1528 1283 1596 έκέ-

149 1686 175 1738 iu
198 1690 310 1740 modum
331 1690 385 1740 iam
401 1691 500 1757 Negria
521 1690 589 1744 haec
609 1691 694 1758 expli·
744 1690 771 1741 h.
789 1689 807 1744 1.
827 1697 1001 1754 enarrantur,
1022 1695 1070 1744 Cr.
1089 1693 1206 1744 conferri
1226 1692 1286 1743 vult

149 1763 200 1818 eat,
213 1759 250 1809 ad
263 1760 378 1839 verbum
387 1753 640 1839 ἐκπεπολεμῶσθαι
652 1763 693 1813 iu·
744 1761 852 1812 Corsini
860 1763 936 1813 Faat.
946 1763 1030 1813 attic.
1039 1764 1068 1813 P.
1076 1762 1127 1813 111.
1135 1778 1161 1827 p.
1172 1762 1229 1814 131.
1241 1762 1285 1813 In·

149 1828 274 1893 tedigena
301 1846 336 1879 τοι
362 1845 511 1893 πράγματα
535 1832 579 1883 vel
604 1831 693 1883 simile
744 1830 1284 1897 ciduntenimhaecinOlymp.LXVIII,

149 1898 224 1963 quid:
244 1889 322 1948 διότι
335 1891 525 1966 ἐστοχάζοντο,
539 1893 584 1951 ὅτι
595 1888 633 1967 ἦν
643 1892 693 1950 αὖ.
748 1901 755 1948 Ι
771 1900 831 1950 aiva
847 1901 899 1952 508
918 1909 981 1953 ante
994 1902 1055 1952 Chr.
1069 1918 1095 1950 n.
1132 1902 1173 1951 Ad
1191 1917 1285 1952 vocem

149 1969 206 2026 soie
217 1961 358 2032 πόλεμος,
372 1958 416 2019 ὅτι
432 1963 511 2034 εἶχον
522 1964 646 2036 πόλεμον
658 1965 692 2034 μ1
741 1958 872 2034 άπαοχος
882 1972 909 2020 in
918 1988 992 2037 seqq.
1000 1971 1072 2020 conf.
1082 1975 1151 2022 nott.
1159 1971 1284 2032 advaet.

148 2031 212 2094 τοὺς
222 2035 471 2110 Λακεδαιμονίους
484 2036 531 2090 καλ
544 2033 596 2090 τὸν
606 2041 693 2090 Κλεο-
789 2037 865 2096 τίνες
886 2031 980 2098 ἐόντες
1000 2029 1154 2100 ἅνθρωποι
1181 2037 1227 2090 καλ
1248 2038 1285 2105 κῇ

148 2101 240 2171 μένεα.
277 2108 319 2158 Ad
343 2109 431 2173 ipsam
456 2110 692 2174 signnh'oationem
743 2105 796 2173 γῆς
807 2102 964 2174 οἰκημένοι]
984 2106 1203 2172 πηαὸαιιοτοίλί
1215 2110 1284 2160 libro

147 2177 224 2228 serbi
241 2170 496 2242 ἐκπεπολεμῶσθαι
519 2181 556 2232 ct.
581 2181 639 2239 111,
658 2179 692 2231 td
743 2184 882 2242 receptum
904 2181 1069 2230 mutavimus
1088 2195 1148 2230 oum
1167 2179 1283 2233 Bradov.

149 2247 241 2313 ibique
256 2251 327 2298 nott.
343 2251 372 2297 et
385 2249 446 2299 add.
457 2249 577 2300 Voernel.
591 2250 626 2299 sd
639 2250 693 2299 De·
743 2263 805 2312 pag.
816 2249 851 2299 89
861 2249 888 2297 in
900 2249 1082 2299 Herodotaum
1097 2248 1146 2314 κῇ.
1170 2250 1212 2299 De
1224 2250 1284 2315 ipso

149 2317 281 2368 mosthen.
292 2316 420 2369 Contion.
430 2318 567 2382 p.320(ad
579 2319 690 2382 Olynth.
743 2318 967 2383 interrogationis
977 2335 1075 2388 genere
1085 2319 1157 2369 cous.
1168 2324 1238 2371 nott.
1249 2320 1285 2370 ad

150 2386 170 2437 1.
183 2390 208 2450 ς.
217 2388 255 2449 λ),
271 2389 428 2453 interprett.
440 2388 693 2452 ad'Ihucyd.VlII‚
744 2388 768 2451 1,
781 2388 824 2438 35.

150 2458 190 2517 57,
205 2458 339 2508 Sintenis.
354 2458 389 2507 ad
402 2457 539 2510 Plutarch.
554 2458 652 2509 Periel.
664 2473 691 2522 p.
778 2447 964 2518 ἀπεκορύφου
980 2469 1032 2519 σφι
1050 2449 1129 2523 τάδε]
1149 2458 1167 2508 i.
1183 2475 1207 2509 e.
1221 2474 1284 2508 ενοι·

105 2543 107 2546 ’
154 2526 208 2578 too.
237 2525 324 2588 Quem
334 2528 382 2578 Cr.
396 2527 587 2579 attulitlocum
601 2528 693 2579 eDio·
743 2529 825 2576 νιαείια
837 2528 912 2586 dixit,
926 2529 1016 2591 μοναίο
1029 2528 1112 2577 verbis
1124 2531 1164 2577 ταί
1171 2544 1286 2578 mamam

149 2596 309 2660 ayaldalic.
318 2597 388 2650 IR.
402 2601 433 2658 V,
446 2599 480 2649 40
492 2591 693 2663 (ἐξεπολέμωσε
744 2599 889 2647 declarans.
918 2599 980 2649 vid.
992 2598 1091 2649 Suidaa
1103 2599 1136 2648 Τ.
1150 2599 1174 2647 1.
1187 2614 1213 2662 p.
1224 2600 1284 2658 ⁶252,

149 2667 233 2731 κοινῇ
244 2659 319 2727 πρὸς
334 2665 465 2732 πάντας),
482 2669 510 2718 in
523 2684 554 2719 eo
566 2667 693 2719 voculam
744 2668 791 2731 qui
808 2667 928 2732 explicat
946 2664 1103 2730 προφανῶς
1117 2661 1208 2732 ἔλεγεν
1221 2666 1284 2718 coli.

150 2728 691 2802 prcauspectamhabentreeentt.edd.
745 2737 864 2800 Hesych.
882 2735 904 2785 I.
922 2751 983 2800 pap.
1007 2736 1072 2795 434,
1097 2737 1143 2787 ubi
1163 2737 1219 2787 vid.
1240 2735 1286 2786 Al-

148 2807 282 2870 uncisque
301 2808 365 2858 inde
385 2807 563 2860 incluserunt.
601 2808 693 2871 Magia
743 2805 940 2870 bert.‚qaibus
951 2805 1114 2869 Weaeeling.
1130 2807 1208 2856 addit
1220 2807 1287 2855 Dio·
1346 2859 1352 2872 χ

150 2878 246 2938 opinor
264 2875 319 2926 huc
340 2879 477 2939 pertinent
496 2879 552 2928 loci
572 2878 692 2927 eiusdem
744 2891 804 2939 τιμε.
818 2875 907 2926 Halia.
921 2877 954 2925 Τ.
972 2877 1009 2926 ll.
1030 2892 1058 2940 p.
1079 2876 1128 2925 140
1149 2874 1201 2939 [De
1213 2875 1285 2924 Thu·

149 2945 277 3008 Dionysii
288 2946 381 2996 Halie.
395 2948 428 2997 A.
442 2949 475 2999 R.
488 2949 537 3008 111,
554 2946 584 2998 td
601 2936 692 3012 (ἐκπε-
744 2946 806 3008 oyd.
824 2947 906 2995 iudic.
927 2945 974 2994 IX.
995 2960 1021 3009 p.
1041 2944 1107 3005 828,
1129 2944 1190 2995 nbi:
1218 2934 1286 2992 otti

150 3013 335 3079 τιολεμοίσθαι
357 3007 431 3078 πρὸς
457 3007 563 3074 αὐτοὺς
582 3016 607 3065 Τ
606 3031 693 3079 νρρη-
744 3011 834 3062 ταῦτα
848 3005 1072 3075 συγκορυφώσας
1083 3014 1116 3063 de
1128 3014 1286 3064 narratione

151 3082 215 3132 τίαν
224 3075 404 3149 ἀπήγγελλον
414 3076 496 3149 ὅλην)
505 3088 623 3151 itemque
632 3084 694 3136 Plu·
744 3084 863 3133 nondum
877 3083 968 3145 finita,
982 3098 1042 3133 eum
1054 3082 1135 3147 paulo
1148 3074 1257 3133 anteat
1274 3109 1287 3119 ·

150 3154 236 3205 iareb,
256 3155 285 3204 in
302 3154 381 3206 Caes.
400 3156 442 3206 26.
461 3157 541 3209 Dion.
560 3156 603 3206 et.
621 3155 693 3221 Age·
744 3149 892 3216 πληρώσαι
911 3144 964 3216 τὴν
986 3144 1120 3216 διήγησιν
1138 3153 1171 3202 da
1193 3167 1286 3202 narra-

150 3222 190 3274 sil.
205 3226 236 3275 15
246 3223 292 3273 fin.
316 3225 446 3275 Phocion.
462 3226 495 3277 16
513 3226 572 3275 init.
587 3214 644 3288 ἤδη
661 3217 693 3273 δὲ
744 3225 821 3273 tione
831 3224 939 3286 ponitus
949 3220 1098 3286 absoluta}
1114 3223 1213 3272 Portus
1223 3237 1286 3271 con·

152 3287 235 3354 πρὸς
265 3292 412 3344 Φίλιππον
445 3286 693 3356 ἐκπεπολεμω-
745 3292 846 3343 tulerat
858 3292 969 3342 Hesiod.
989 3292 1058 3356 Opp.
1074 3291 1123 3343 106
1142 3289 1215 3356 (93)=
1240 3286 1287 3340 λό-

151 3358 266 3426 μένων
287 3355 451 3413 παντάπασι
472 3381 511 3414 se.
532 3362 589 3414 τῶν
611 3358 693 3427 Ἀθη-
743 3376 796 3425 χον
810 3352 1010 3425 ἐκκορυφώσω.

151 3432 253 3495 ναίων,
273 3434 346 3497 quod
364 3449 397 3483 ex
414 3433 639 3485 antecedentibus
652 3447 694 3483 re·
780 3424 840 3480 odi
856 3427 1018 3495 συμμαχίην
1036 3443 1087 3493 σφι
1107 3427 1285 3495 συνετίθετο]

151 3504 204 3568 peti
227 3508 335 3559 potest:
360 3508 388 3553 ct
406 3505 433 3554 in
449 3504 545 3554 Periol.
568 3519 630 3567 cap.
645 3501 692 3552 29:
745 3505 763 3552 i.
777 3518 800 3551 e.
815 3503 855 3551 hic
871 3517 932 3551 cero
948 3503 1088 3551 societatem
1105 3503 1167 3562 ipsis
1182 3501 1286 3563 pollice-

151 3563 188 3630 οἷς
214 3566 287 3623 ὅσον
315 3565 429 3623 οὐδέπω
451 3570 694 3635 Πελοποννησίων
745 3571 822 3621 batur
840 3587 862 3624 ε,
876 3572 1002 3633 cmnipsis
1019 3573 1200 3621 sesocietatera
1213 3572 1286 3621 inita·

151 3633 502 3705 ἐκπεπολεμωμένων
519 3636 609 3704 πρὸς
632 3630 695 3690 αν’-
744 3656 869 3691 ramesse
887 3641 1045 3691 declarabat.
1080 3641 1155 3690 Idem
1174 3640 1286 3690 verbnm

151 3703 210 3761 τοτ’
216 3727 239 3770 ς.
271 3712 311 3762 Ac
326 3728 404 3763 nemo
423 3713 524 3771 nescit,
538 3711 628 3763 verbis
642 3724 694 3758 πο·
744 3712 845 3760 Noster
861 3711 987 3760 adhibuit
1000 3710 1058 3770 111,
1073 3710 1129 3760 157.
1152 3711 1190 3758 VI
1199 3746 1205 3769 ‚
1226 3709 1285 3758 115.

151 3781 258 3846 λεμείν,
273 3777 417 3845 μάχεσθαι
433 3781 551 3848 aliisque
568 3780 605 3831 ad
622 3780 694 3832 idem
744 3780 809 3841 VII,
828 3781 882 3830 145.
901 3780 979 3835 VIII.
997 3779 1053 3830 128.
1071 3780 1119 3839 IX,
1133 3782 1158 3829 7.
1174 3778 1216 3829 53.

152 3852 342 3917 spectantibus
376 3851 546 3917 frequentina
580 3849 693 3914 adiungi
780 3844 867 3912 elpis
879 3846 1094 3912 διδοῦσι-μην
1107 3843 1195 3897 τεκαὶ
1207 3836 1286 3910 ὕδωρ

152 3922 386 3986 praepositionem
401 3915 488 3984 πρὸς,
502 3921 623 3984 dixitque
635 3921 694 3984 ipae
745 3935 772 3967 κ.
786 3935 810 3969 τ.
821 3917 858 3985 1,]
872 3921 912 3969 De
921 3917 963 3968 his
974 3920 1029 3968 vid.
1042 3924 1110 3968 nott.
1123 3919 1157 3968 ad
1167 3918 1216 3978 IV,
1227 3916 1284 3967 loo.

152 3990 326 4056 Thucydides
343 3991 398 4053 VI,
416 3991 463 4041 77:
491 3981 560 4047 τούς
578 3984 610 4039 di
627 3986 694 4050 ξνμ-
746 4003 808 4053 pag.
818 3988 877 4039 503.
892 3988 953 4049 678,
967 3992 995 4038 et
1006 3988 1038 4037 de
1051 3988 1287 4050 rationepartieu·

152 4051 257 4125 μάχους
269 4050 364 4108 ἐλπίδι
373 4049 594 4123 ἐκπολεμοῦν
606 4052 695 4121 πρὸς
745 4058 834 4108 larum
846 4053 898 4120 aiv
908 4063 936 4106 et
948 4050 979 4105 di
989 4060 1058 4108 nott.
1068 4057 1102 4106 ad
1116 4058 1162 4115 IV,
1172 4056 1216 4129 65.
1243 4055 1288 4105 AI·

153 4124 336 4191 ἀλλήλους.
377 4130 420 4180 cf.
445 4131 527 4181 etIam
552 4130 631 4179 Heca.
658 4127 695 4178 ad
747 4136 833 4177 teram
849 4124 964 4175 διδοῦσι
982 4123 1057 4190 (post
1074 4119 1101 4173 εί
1117 4118 1148 4173 δέ
1160 4124 1211 4189 μη)
1227 4125 1288 4174 eiici

154 4199 239 4251 Laelii
258 4200 433 4250 ciceroniani
457 4200 590 4250 Graecum
612 4199 695 4247 inter·
748 4197 808 4246 vult
819 4197 920 4246 Nabar.
932 4197 958 4245 in
969 4196 1136 4259 Mnemoayu.
1145 4197 1192 4246 lv.
1203 4210 1229 4258 p.
1243 4193 1287 4255 1ὺς

154 4276 252 4330 protem
271 4267 612 4333 xxl.§.77.pag,135.
648 4268 695 4316 Cr.
747 4264 1288 4329 mihivelobverbaplurimainterieeta

154 4338 193 4389 hia
216 4340 296 4390 addit
322 4336 438 4390 similem
462 4338 551 4388 Iocum
568 4336 697 4400 Dionysii
746 4336 952 4399 perspicuitatis
962 4351 1047 4386 causa
1057 4338 1239 4387 necessarium
1250 4337 1289 4385 vi·

155 4407 240 4464 Helie.
256 4410 289 4460 Α.
303 4410 338 4459 R.
352 4410 392 4469 V,
410 4408 450 4458 40.
464 4423 525 4473 pag.
538 4407 591 4459 934
603 4406 696 4457 Reiak.
748 4406 828 4455 detur
838 4406 937 4457 iterare
949 4406 1000 4456 hoc
1009 4406 1130 4457 verbum.
1152 4407 1216 4455 Mox
1225 4406 1288 4456 dodi

156 4477 194 4529 De
214 4485 370 4547 temporum
382 4478 490 4530 ratione
510 4479 539 4527 in
552 4478 601 4540 iia,
626 4490 708 4542 quae.
748 4466 795 4525 ἐπὶ
806 4472 900 4540 σφέων
909 4469 1004 4526 αὐτῶν
1015 4474 1074 4544 (pro
1086 4466 1227 4540 ον’τέιον)
1241 4472 1290 4541 βα·
