3100 5175
572 406 751 467 ERATO.
775 409 830 469 VI.
854 418 897 472 7⁴.
1235 415 1297 478 327

160 566 264 658 ὕδωρ.
302 573 398 643 ἔτιδὲ
425 575 528 664 ταύτῃ
548 582 588 665 τῇ
615 578 692 650 πόλι
713 584 843 668 λέγεται
870 583 957 653 εἶναι
984 580 1043 655 ὑπ’
1063 584 1235 675 Ἀρκάδων
1259 591 1296 661 τὸ

160 674 292 762 Στυγὸς
311 672 415 764 ὕδωρ.
449 682 505 748 καὶ
527 679 569 770 δὴ
589 686 644 753 καὶ
661 690 729 752 ἔστι
749 686 880 755 τοιόνδε
896 716 936 756 τι.
971 686 1066 777 ὕδωρ
1085 687 1200 779 ὀλίγον
1214 722 1293 781 φαι-

158 779 305 867 νόμενον
326 783 363 851 ἐκ
384 785 506 872 πέτρης
520 783 628 867 στάζει
645 791 677 867 ἐς
691 785 809 875 ἄγκος,
832 789 870 858 τὸ
891 791 927 900 dl
947 789 1049 878 ἄγκος
1069 798 1224 885 αἱμασιῆς
1245 826 1294 878 τις

158 981 246 1031 rodot.
265 982 320 1044 IV,
338 982 387 1034 172
405 991 433 1035 et
447 985 575 1036 Kuebnor
591 987 637 1036 Gr.
654 987 701 1037 Gr.

157 1051 217 1110 552,
231 1051 257 1102 il.
284 1052 335 1101 Est
349 1069 412 1104 vero
428 1055 554 1120 Stygium
570 1058 703 1110 iuramen-

157 1125 212 1170 tum
223 1122 343 1171 omnium
351 1124 533 1175 firmissimum
543 1142 576 1176 ac
585 1129 702 1177 sanctis-

157 1190 252 1241 simum
266 1191 392 1257 idemque
407 1195 489 1244 etiam
499 1197 701 1260 gravissimum,

157 1262 181 1308 si
201 1260 313 1325 quidem
330 1263 389 1312 eina
407 1264 582 1316 violationem
598 1267 702 1331 praeei-

156 1330 294 1393 pitatioue
315 1333 343 1380 in
356 1332 503 1384 'l'srtarum
519 1336 641 1400 punitam
658 1350 701 1386 os-

156 1398 380 1452 seeredideruut.
403 1403 445 1452 Do
458 1419 520 1468 quo,
531 1406 698 1454 Pausaniam

157 1473 187 1519 ut
200 1475 309 1519 taceam
321 1471 399 1534 VIII,
416 1470 454 1522 18.
466 1477 491 1535 ξ,
505 1474 528 1537 1,
543 1477 700 1525 accuratius

156 1538 312 1603 disputavit
322 1540 352 1589 C.
365 1540 485 1593 Putsche
498 1544 526 1591 in
537 1543 697 1595 Commeutt.

155 1609 310 1659 Homerico.
327 1625 402 1674 spec.
417 1611 431 1660 Ι
452 1611 497 1676 (de
509 1614 537 1662 vi
551 1629 585 1664 ao
599 1619 698 1664 natura

155 1677 302 1728 iuramenti
316 1679 406 1744 Stygii
421 1685 474 1731 eto.
487 1682 563 1746 Lips.
579 1681 656 1746 1832)
670 1700 695 1747 p.

155 1748 431 1800 20-27110meriea
450 1753 621 1815 potissimum
641 1761 698 1802 tra-

154 1821 244 1868 ctans.
272 1819 314 1868 'l'u
332 1819 388 1872 vid.
402 1821 573 1883 potissimum
595 1822 639 1872 lli.
660 1821 697 1882 11,

153 1888 204 1937 755
226 1888 285 1949 (ubi
303 1887 437 1938 Herodoti
457 1890 532 1940 locus
551 1907 605 1941 non
624 1891 697 1956 sugit

152 1956 352 2020 Eustathium).
365 1958 438 2022 xlv,
454 1961 500 2009 ’271
518 1976 576 2025 seq.
590 1961 649 2023 XV,
663 1960 698 2012 38

152 2041 209 2090 seq.
233 2031 287 2075 etc.
328 2027 427 2092 Odyss.
456 2031 497 2086 V,
531 2030 577 2079 184
604 2030 696 2095 ibique

151 2094 277 2146 Nilzsch.
298 2097 330 2146 T.
348 2097 385 2147 11.
404 2113 465 2161 pag.
484 2098 526 2148 30.
561 2099 641 2149 Cous.
658 2104 697 2149 et·

151 2166 205 2216 iam
221 2163 337 2215 Preller:
357 2166 466 2221 Griech.
482 2167 598 2231 Mythol.
622 2170 645 2222 Ι,
670 2184 695 2232 p.

150 2235 200 2297 m,
219 2235 331 2285 Curtius
346 2235 365 2287 1.
381 2235 400 2290 l.
413 2253 476 2301 pag.
493 2237 540 2287 liltl
552 2254 609 2301 seq.
634 2238 697 2288 Por·

151 2306 222 2354 tinet
244 2304 298 2358 huc
318 2320 426 2370 quoque
446 2307 560 2372 scriptio
577 2297 696 2370 Ἀμινια-

150 2372 220 2436 τοῦ,
233 2372 314 2431 τίνος
328 2369 425 2424 ἕνεκεν
438 2369 468 2423 ol
478 2372 544 2425 θεοὶ
557 2370 609 2440 τὴν
624 2373 697 2425 Στύ-

150 2459 185 2508 γα
196 2436 357 2507 ὀμνύουσιν
369 2446 395 2494 in
403 2445 565 2496 Boissonad.
573 2444 693 2499 Anecdd.

151 2514 264 2564 Graece.
280 2514 327 2565 lv,
342 2530 404 2578 pag.
417 2515 470 2566 469
483 2531 557 2580 seqq.

183 2574 238 2633 ὑπ’
249 2577 401 2650 Ἀρκαδων]
429 2585 474 2635 Ita
491 2584 614 2649 plerique
632 2584 694 2635 libri

150 2655 259 2718 scripti,
272 2670 341 2719 quos
362 2671 422 2704 cum
439 2661 555 2708 recentt.
571 2656 632 2707 edd.
654 2671 696 2706 se·

150 2728 229 2774 cutus
242 2739 311 2773 sum.
336 2725 368 2774 Iu
378 2724 499 2774 Medicec
512 2725 619 2788 alioque
633 2726 693 2775 cod.

150 2808 209 2844 cum
224 2799 299 2843 esset
312 2790 370 2842 cciv
380 2785 528 2856 Ἀρκάδων,
544 2794 605 2844 inde
618 2795 695 2845 Wes-

150 2863 298 2928 selingius‚
311 2880 390 2929 quem
402 2862 532 2915 Scbaefer
549 2870 577 2913 et
592 2864 691 2939 Mattb.

149 2934 238 3050 quenti
253 2938 333 2997 sunt,
352 2933 438 2985 edidit
458 2925 515 2982 ὑπὸ
531 2932 587 2982 τοῖν
600 2922 694 2996 Ἀρκα-

168 3018 217 3053 ων.

182 3059 263 3134 ὕδωρ
284 3064 381 3136 ὀ1ίγον
400 3061 577 3135 φαινόμενον
596 3061 625 3120 ἔτι
645 3066 691 3119 ns'-

148 3157 216 3205 νρης
235 3137 326 3200 στοὶζει
342 3130 369 3197 ἐς
387 3133 485 3205 ἄγκος]
515 3143 595 3192 Paua.
612 3141 692 3197 VIII.

151 3211 190 3263 18.
215 3216 240 3275 §-
258 3214 287 3262 2:
315 3201 346 3259 τὸ
366 3206 397 3259 dl
417 3202 496 3269 ὕδωρ
513 3202 545 3258 τὸ
565 3201 622 3260 ἀπὸ
640 3206 693 3258 τοῦ

147 3278 279 3344 κρημνοῦ
296 3277 347 3328 τοῦ
365 3272 443 3340 παρὰ
461 3274 514 3341 τὴν
534 3274 691 3341 Νώνακριν

148 3349 247 3410 στάζον
258 3341 403 3398 ἐπιπίπτει
416 3342 468 3409 μὲν
480 3346 595 3409 πρῶτον
606 3339 633 3406 ἐς
643 3342 691 3396 πέ-

146 3435 216 3483 τραν
229 3410 358 3483 ὑψηλὴν,
370 3410 520 3479 διεξελθὸν
534 3414 565 3467 δὲ
578 3412 627 3466 διὰ
641 3416 692 3480 τῆς

146 3485 252 3552 πέτρας
264 3479 293 3545 ἐς
306 3485 356 3537 τὸν
370 3487 485 3551 Κρᾶθιν
498 3479 627 3552 ποταμὸν
644 3482 692 3535 ια’-

145 3572 227 3610 rator.
257 3560 336 3621 Quae
349 3559 492 3609 verissime
508 3559 547 3608 sic
563 3558 635 3607 trudi
652 3562 692 3607 te·

146 3634 238 3681 status
255 3633 299 3679 est
313 3626 538 3692 diligentissimus
553 3628 635 3678 huius
649 3643 691 3676 re-

754 1005 806 1038 use
831 990 945 1054 Alpibus
970 996 1076 1044 torrens
1102 991 1160 1057 ille,
1187 997 1294 1048 nomine

754 1059 907 1122 rt'eoulboclr,
921 1062 1099 1126 praecipitat,
1114 1064 1248 1128 siquidem
1265 1081 1294 1116 a·

752 1144 823 1193 quae
837 1144 885 1192 per
900 1132 991 1180 aerem
1011 1132 1150 1197 dispersae
1171 1136 1242 1185 iuter
1254 1135 1293 1185 la-

751 1214 829 1262 psum
846 1204 894 1249 aut
908 1201 935 1247 in
948 1199 1062 1250 nebulas
1075 1201 1223 1253 dissolutae
1237 1206 1294 1255 exi-

751 1283 807 1332 gua
820 1273 926 1317 tautum
939 1285 1002 1334 pars
1019 1271 1104 1334 ipsam
1118 1275 1216 1321 terram
1233 1279 1293 1323 tan-

750 1343 840 1401 gatae
854 1353 937 1403 prope
948 1346 1096 1389 evanescat
1107 1356 1139 1390 co
1152 1341 1208 1391 iers
1219 1342 1289 1405 loco,

749 1422 804 1471 quo
819 1423 850 1457 es
861 1409 914 1457 imo
928 1423 995 1457 saxo
1005 1408 1073 1459 alter
1087 1412 1209 1460 exoritur
1220 1412 1291 1475 fons,

750 1477 796 1541 qui
820 1477 914 1526 Crathi
937 1480 997 1528 rivo
1023 1495 1052 1528 se
1075 1480 1220 1542 admiscet,
1244 1482 1291 1546 qni

750 1560 822 1595 nunc
842 1553 884 1595 est
902 1546 1004 1596 rivulus
1029 1548 1098 1605 vici,
1124 1549 1168 1598 cui
1193 1565 1290 1600 nomen

748 1613 876 1664 Zarurla.
910 1616 952 1664 Tu
972 1616 1027 1667 vid.
1052 1632 1123 1681 qnae
1146 1632 1179 1666 ex
1202 1618 1289 1683 ipsius

748 1683 948 1744 Stackelbergii
958 1685 1055 1734 diariis
1066 1686 1217 1749 publicarit
1224 1687 1290 1737 Ger·

746 1752 816 1802 hard
831 1755 873 1803 iu:
896 1754 1129 1818 Hyperboreisch·
1140 1755 1289 1806 roemische

748 1822 864 1873 Studien
877 1824 915 1873 11.
932 1839 992 1888 pag.
1004 1824 1055 1874 ‘293
1069 1840 1159 1889 seqq,
1179 1826 1290 1890 quibus·

748 1908 808 1941 cum
825 1908 891 1942 sane
908 1894 1088 1953 coruveniunt,
1110 1908 1180 1958 quae
1199 1894 1232 1945 de
1245 1894 1288 1944 his

748 1967 859 2010 enarrat
877 1961 999 2013 Fiedler:
1024 1962 1105 2012 Reise
1127 1962 1196 2012 nach
1212 1964 1288 2014 Gric-

746 2029 881 2080 cheuland
896 2033 917 2081 l.
933 2047 958 2096 p.
972 2029 1023 2082 308
1035 2046 1127 2097 seqq..
1140 2032 1187 2081 ubi
1200 2035 1287 2097 regio·

747 2101 789 2149 nis
804 2099 885 2150 huius
905 2101 995 2165 imago
1014 2102 1073 2150 aeri
1089 2103 1175 2151 incisa
1189 2110 1231 2151 est
1241 2102 1288 2152 ad·

746 2169 820 2228 dita,
835 2174 862 2219 et
879 2185 949 2234 quae
966 2176 1096 2219 accurate
1111 2170 1144 2220 de
1160 2170 1203 2220 his
1217 2177 1288 2222 retu·

745 2238 779 2287 lit
794 2239 842 2289 Clr.
858 2238 909 2292 Th.
924 2238 1039 2289 Schwab
1053 2239 1070 2291 l.
1084 2241 1100 2292 l.
1120 2257 1146 2303 p.
1163 2243 1194 2290 lo
1209 2256 1287 2306 seqq.

746 2307 808 2358 coll.
820 2307 962 2359 Archaeol.
973 2310 1039 2359 Anz.
1050 2309 1089 2357 IX
1100 2309 1191 2373 (1851)
1203 2325 1242 2359 nr.
1253 2309 1287 2357 30

746 2383 773 2426 ot
784 2393 840 2442 seq.
851 2394 877 2442 p.
890 2378 931 2436 59,
948 2379 994 2443 qui
1002 2379 1061 2442 ipse
1072 2378 1143 2428 hano
1151 2378 1287 2440 regionem

745 2446 841 2496 invisit
860 2462 893 2496 ac
915 2446 1023 2512 singula
1037 2463 1160 2512 quaeque
1174 2448 1289 2513 diligen-

745 2521 787 2566 ter
798 2516 964 2581 perscripsit.
980 2517 1085 2579 Quibus
1096 2517 1212 2582 deuiqne
1223 2516 1287 2567 add.

744 2585 843 2637 Beule':
868 2588 972 2637 Etudes
992 2603 1037 2636 sur
1057 2586 1081 2636 le
1100 2586 1288 2651 Peloponneso

745 2657 767 2709 1.
783 2672 845 2720 pag.
861 2656 909 2705 1115
925 2671 1010 2720 seqq,
1024 2655 1152 2705 Vischer:
1173 2657 1287 2705 Erinna-

743 2741 823 2789 ruug‚
835 2740 884 2773 ans
895 2724 1093 2775 Griecheuland
1105 2741 1130 2789 p,
1139 2724 1190 2774 490
1200 2741 1286 2790 seqq„

744 2792 879 2857 Raugabei
902 2795 943 2842 iu:
972 2793 1053 2845 lle'm.
1076 2792 1217 2857 prc'senle's
1237 2810 1285 2858 par

743 2863 835 2913 divers
854 2878 954 2913 savaus
973 2862 1108 2914 bl'dead.
1126 2863 1173 2913 des
1186 2864 1286 2914 Inscrr.

743 2936 771 2981 et
790 2933 817 2983 d.
838 2931 899 2982 bell.
913 2934 1001 2983 Lettr.
1014 2933 1071 2983 Ser.
1089 2933 1111 2981 1.
1128 2932 1188 2982 Vol.
1201 2932 1234 2985 V.
1259 2949 1284 2996 p.

741 3003 793 3053 337
808 3018 884 3066 seqq.
902 3002 960 3066 (ubi
974 3001 1067 3051 addita
1081 3000 1175 3050 tabula
1190 3001 1287 3065 imagi·

742 3088 802 3121 nem
815 3071 934 3134 regionis
948 3078 976 3119 et
989 3087 1075 3135 aquae
1086 3071 1197 3134 Stygiae
1210 3069 1284 3120 exbi-

742 3140 800 3203 bet)
815 3146 842 3190 ct
853 3140 963 3189 Curtius
973 3139 990 3190 1.
1003 3141 1020 3190 1,
1034 3156 1059 3204 p.
1075 3140 1122 3189 1115
1133 3155 1190 3204 seq.
1210 3140 1285 3202 Quos

742 3212 766 3259 si
779 3209 932 3268 audiamus,
947 3211 1076 3259 universa
1092 3212 1168 3274 regio
1179 3210 1285 3259 tristem

741 3279 854 3345 praehet
867 3278 1026 3344 adspectum
1039 3279 1161 3342 adeoque
1176 3278 1285 3327 horreu-

741 3349 818 3399 dum.
840 3350 915 3398 saxis
936 3349 1015 3399 nudis
1039 3350 1067 3399 in
1087 3349 1170 3397 altum
1189 3364 1281 3397 exsur-

741 3419 868 3484 gentibus
886 3434 1054 3483 parvumquo
1067 3420 1185 3482 spatium
1201 3417 1283 3467 relin-

742 3488 896 3554 quentibus,
909 3488 955 3538 ubi
967 3489 1117 3539 consistere
1127 3488 1226 3552 possis,
1239 3503 1283 3536 ru-

740 3558 821 3622 pibus
840 3558 1036 3623 praecipitibus
1055 3557 1176 3620 undique
1199 3555 1282 3606 inclu-

740 3642 803 3679 suut
825 3635 925 3677 natura
943 3627 1000 3677 iere
1021 3631 1143 3678 emortua
1165 3626 1282 3686 videtur,

144 3700 234 3763 gionis
256 3702 455 3762 perscrutator.
471 3697 553 3748 Liber
572 3699 642 3746 Baro
657 3696 690 3745 de
740 3697 905 3747 altissimum
925 3703 1023 3761 regnat
1039 3696 1191 3756 silentium,
1209 3694 1286 3744 nulla

145 3767 344 3831 Stackelberg,
372 3768 419 3832 qui
447 3768 529 3816 etirim
556 3768 585 3815 iri
610 3781 692 3830 opero
741 3783 771 3816 ro
790 3768 988 3831 interruptum:
1015 3766 1106 3816 omnia
1127 3765 1221 3828 utique
1244 3765 1283 3813 sic

145 3836 692 3901 splendidissimo,quodinsoribitur„La
742 3842 903 3902 comparata
923 3841 1000 3894 sunt,
1021 3841 1052 3886 ut
1064 3836 1161 3886 mirum
1182 3834 1210 3883 in
1229 3850 1285 3883 mo·

146 3909 242 3959 Greee.
269 3909 344 3957 Vues
364 3908 547 3970 pittoresques
567 3912 593 3955 et
612 3911 692 3971 typo·
742 3907 805 3957 dum
824 3907 943 3956 animum
970 3907 1092 3955 afficiant
1115 3903 1284 3967 eundemque

145 3975 264 4043 graph.“
287 3976 376 4039 (Paris
397 3976 457 4026 1831
475 3974 545 4041 seq.)
567 3976 690 4039 Stygium
740 3975 851 4024 horrore
874 3990 952 4025 sacro
973 3974 1090 4040 quodam
1117 3974 1282 4037 percutiant.

146 4050 234 4098 rivum
247 4061 407 4111 omnemque
417 4046 554 4109 regionem
568 4044 692 4095 exhibuit
741 4044 808 4108 ipsa
826 4059 889 4093 vero
903 4058 986 4106 saxa,
1002 4042 1144 4106 dequibus
1160 4056 1232 4106 aqua
1246 4040 1285 4090 al-

146 4117 233 4182 lapidi
254 4117 377 4166 incisum.
402 4116 464 4165 Vid.
481 4113 583 4165 livrais.
600 4114 689 4164 xvn.
742 4113 827 4163 terius
838 4112 920 4162 fontis
930 4110 1077 4177 praecipiti
1089 4125 1169 4160 cursu
1181 4109 1283 4160 delabi·

146 4189 205 4250 Quo
236 4190 349 4235 auctore
380 4200 394 4234 e
418 4185 560 4235 cacumine
589 4183 688 4234 montis
742 4188 798 4244 tur,
817 4184 923 4246 nigrum
942 4182 1099 4246 adspectum
1119 4196 1179 4229 cum
1201 4177 1282 4244 vulgo

145 4258 306 4322 praerupti,
323 4270 402 4319 quem
418 4270 472 4303 non
491 4254 550 4305 siue
566 4250 690 4319 periculo
741 4252 904 4316 praebcant,
926 4250 990 4301 hinc
1015 4250 1067 4299 loci
1090 4264 1188 4299 nomeu
1212 4264 1283 4298 nunc

145 4326 280 4378 ascendas
292 4327 419 4388 (vocatur
431 4322 460 4371 X
460 4314 567 4388 αλμὸς),
583 4322 691 4388 prosilit
742 4322 828 4371 fertur
841 4321 991 4371 illusionem·
1002 4336 1024 4370 s.
1043 4320 1209 4377 lllaororrero,
1225 4319 1242 4367 i.
1258 4333 1282 4371 o.

146 4397 218 4459 fons,
231 4396 280 4461 qui
295 4410 309 4444 e
325 4394 400 4444 saxis
416 4394 616 4458 praecipitibus
629 4408 690 4442 eum
740 4408 807 4455 αριια
823 4395 904 4456 niqra.
928 4391 1057 4441 Pervenit
1069 4389 1102 4438 ad
1115 4404 1181 4439 sunc
1193 4387 1281 4438 locum

147 4465 203 4518 iere
214 4466 242 4516 in
252 4463 363 4514 modum
373 4461 517 4525 delabitur,
528 4478 580 4528 quo
592 4463 691 4511 iuBer·
742 4461 856 4512 Schwab
868 4458 897 4526 (l.
911 4460 929 4511 l.
945 4476 970 4527 p.
986 4461 1028 4526 16)
1043 4461 1140 4510 itinere
1153 4458 1233 4508 trium
1244 4458 1283 4508 ie·
