3100 5175
270 398 331 465 300

598 367 604 384 ’
703 401 967 466 nunonem

269 579 460 648 συνειδέναι
476 575 514 647 δὲ
527 579 583 647 καὶ
597 576 675 660 τοὺς
689 585 854 659 Πυθίους.
877 576 1023 662 δικάζειν
1038 577 1076 649 δὲ
1089 574 1236 667 μούνους
1248 572 1328 658 τοὺς
1341 583 1402 665 βοι-

269 685 381 764 σιλέας
400 682 520 752 τοσάδε
540 690 665 773 μοῦνα·
700 679 891 772 πατρούχου
912 709 948 752 ιε
967 685 1143 772 παρθένου
1166 686 1260 773 πέρι,
1289 683 1323 786 ξς
1344 679 1403 751 τὸν

269 935 287 970 a
304 918 438 985 Delphico
455 919 505 971 deo
524 920 667 986 Spartanis
687 921 762 971 edila
784 925 812 970 et

270 1005 287 1040 a
305 991 428 1055 regibus,
446 989 543 1056 quibus
562 1006 579 1040 a
591 990 697 1054 Pythiis
713 1006 811 1041 oracu-

270 1059 357 1110 lorum
375 1060 437 1110 bino
457 1061 574 1110 consciis
588 1061 745 1124 traduntur,
764 1076 811 1111 cu·

270 1131 383 1180 studita.
421 1130 545 1179 Pertinet
562 1130 612 1179 hoc
630 1130 664 1179 ad
684 1131 810 1180 sacerde-

269 1199 351 1250 talem
369 1199 444 1249 illam
464 1216 556 1264 regum
574 1200 752 1264 dignitatem,
777 1199 810 1249 de

271 1285 325 1335 qna
340 1270 394 1320 vid.
405 1275 475 1321 nott.
490 1269 524 1318 ad
535 1270 582 1332 v1,
593 1272 634 1320 50.
658 1271 735 1321 Haec
745 1285 810 1321 vero

271 1339 382 1389 oracula
394 1339 481 1389 literis
494 1341 645 1404 perscripta
655 1355 714 1390 esse
728 1342 755 1389 in
769 1344 811 1389 ta·

269 1408 341 1458 bulis
359 1424 460 1491 easque
475 1407 583 1459 tabulas
598 1409 726 1472 Spartam
742 1408 810 1459 alla·

270 1483 314 1528 tas
327 1494 387 1529 esse
400 1483 460 1544 ipsa
472 1495 515 1530 res
532 1479 632 1555 arguit.

305 1541 429 1608 δικάζειν
446 1540 477 1597 δὲ
499 1562 625 1611 μουνους
644 1560 711 1602 τους
732 1542 811 1612 βασι-

269 1610 333 1675 λέας
343 1610 445 1667 τοσάδε
456 1617 560 1683 μοῦνα]
578 1618 718 1668 Neminem
729 1615 812 1695 fugit,

269 1689 394 1740 consulto
402 1692 531 1740 Nostrum
542 1688 679 1739 addidisse
686 1701 812 1750 μουυους

270 1762 297 1809 et
309 1755 417 1841 μοῦνα,
438 1762 506 1808 solos
523 1774 601 1822 reges
619 1758 647 1807 in
662 1759 722 1807 rotis
735 1756 810 1808 bisce

269 1828 360 1879 causis
370 1829 411 1878 ius
421 1827 511 1878 dicere
520 1828 731 1884 affirmaturum
746 1842 809 1876 nam

269 1898 384 1962 Spartae
398 1902 426 1949 et
439 1900 549 1963 gerusia
561 1904 589 1949 et
602 1897 650 1947 alii
665 1898 810 1961 magistra·

269 1972 314 2017 tus
330 1968 372 2018 ins
393 1969 522 2018 dicebant
537 1968 653 2033 litesque
673 1966 811 2031 discepta-

268 2037 336 2087 bant
348 2039 381 2087 de
394 2040 427 2087 iis
441 2038 537 2100 rebus,
557 2052 671 2104 quarum
684 2051 751 2086 cura
763 2051 810 2101 pu-

268 2107 340 2157 blice
355 2108 389 2156 iis
405 2110 538 2172 permissa
551 2114 620 2161 erat.
654 2108 809 2169 Quaerere

269 2193 286 2227 a
296 2176 362 2226 solis
373 2178 481 2240 regibus
491 2178 688 2228 dirimebantur
698 2191 809 2240 causae,

268 2251 325 2296 ires
347 2247 533 2310 proferuntur:
560 2248 593 2298 de
610 2246 666 2296 filia
690 2247 809 2296 omnium

268 2316 399 2366 bonorum
415 2321 588 2380 paternorum
605 2316 735 2378 haerede,
754 2317 810 2366 cui·

269 2402 331 2434 nam
345 2386 402 2435 scil.
416 2385 491 2435 illam
504 2387 604 2436 nubere
617 2391 753 2450 oporteat,
765 2386 811 2435 de·

268 2455 332 2504 inde
350 2455 383 2504 de
396 2454 557 2520 adoptione;
581 2457 652 2520 qnod
664 2461 810 2519 utrumqne

268 2525 303 2574 ad
322 2525 421 2574 civium
441 2524 557 2575 salutem
581 2525 725 2591 gentisque
746 2539 810 2575 con-

268 2596 430 2647 servandam
441 2597 627 2662 integritatem
643 2595 726 2661 (quod
737 2611 809 2646 snm·

268 2667 304 2716 mi
317 2667 445 2717 momenti
459 2668 573 2718 Graecis
588 2667 671 2717 luisse
687 2663 809 2730 constat)

267 2753 328 2786 cnm
343 2738 501 2800 pertineret,
513 2738 624 2789 summis
635 2752 742 2801 quoque
754 2752 810 2785 ma-

267 2807 443 2871 gistratibus,
471 2809 517 2871 qui
536 2821 613 2869 reges
634 2812 725 2868 erant,
751 2823 809 2871 per·

267 2877 378 2927 missum
391 2876 452 2927 fuit.
476 2879 533 2928 Nec
548 2876 628 2926 aliter
640 2876 756 2927 Athenis
768 2878 809 2926 in·

267 2947 404 3008 venimus,
421 2946 529 3011 regibus
545 2946 698 3010 abrogatis,
717 2947 752 2996 ad
764 2961 809 2995 ar·

266 3015 392 3067 chantem
406 3033 580 3081 eponymnm,
598 3016 645 3080 qui
656 3031 749 3067 curam
762 3032 808 3081 ge·

267 3085 344 3135 rebat
363 3087 483 3136 emnium
507 3086 662 3136 istiusmodi
681 3085 807 3149 filiarum,

267 3155 318 3206 hoc
329 3156 399 3205 idem
411 3156 452 3205 ius
463 3155 625 3206 translatum
636 3155 731 3205 luisse.
749 3158 808 3205 Mo-

267 3226 327 3275 nuit
339 3225 370 3275 C.
384 3226 417 3275 Ο.
431 3225 553 3275 Mueller.
568 3226 632 3274 Dor.
652 3224 689 3274 11.
703 3240 729 3288 p.
747 3223 807 3286 103,

266 3310 326 3344 cum
340 3309 393 3358 quo
406 3293 499 3345 eodem
512 3295 624 3343 tertium
639 3293 721 3355 illud,
745 3310 808 3344 cau·

266 3380 312 3413 aas
330 3363 363 3414 de
387 3364 440 3413 viis
465 3362 583 3428 publicis
603 3364 808 3425 conservandis,

266 3433 378 3497 opinor,
396 3437 479 3497 atque
498 3431 622 3482 tutandis
642 3431 808 3483 dirimendas

266 3502 301 3551 ad
314 3502 431 3552 militare
444 3518 537 3566 regum
550 3503 691 3567 imperium
708 3503 808 3554 referre

266 3570 330 3621 licet
345 3577 371 3621 et
383 3572 418 3620 ad
429 3573 549 3621 rationes
564 3588 624 3622 cum
638 3570 701 3621 aliis
711 3573 809 3623 civita·

266 3641 341 3691 tibus
357 3642 507 3692 servandas
522 3658 555 3692 ac
569 3642 691 3691 tuendas.

301 3703 466 3774 πατρούχου
486 3726 513 3760 τι
535 3705 685 3772 παρθένου
703 3707 766 3774 πέρι
780 3728 805 3763 ιι.

266 3796 289 3828 τ.
303 3779 339 3844 1.]
357 3782 417 3830 Hoc
431 3782 471 3830 ita
483 3782 705 3845 intelligendum,
723 3787 766 3845 ut,
783 3783 807 3833 si

266 3851 299 3901 de
313 3852 417 3914 nuptiis
434 3850 506 3902 filiae
520 3853 603 3902 orbae
621 3856 728 3916 epatre
742 3868 808 3902 non-

265 3921 327 3971 dum
341 3922 525 3987 desponsatae
537 3922 569 3973 lis
583 3922 667 3986 fieret,
682 3921 806 3987 pluribus

265 3990 324 4042 scil.
338 4008 397 4043 eam
413 3992 464 4041 sibi
477 3993 682 4043 vindicantibus
695 3993 806 4058 eiusque

265 4064 468 4112 matrimonium
490 4062 708 4127 postulantibus,
728 4078 807 4127 reges

265 4132 341 4181 litem
368 4131 561 4185 diiudicarent.
599 4133 708 4184 Dicitur
733 4134 805 4183 enim

267 4215 428 4263 παιοουχος
442 4195 603 4263 παρθένος,
617 4197 705 4251 filia'
690 4193 805 4265 ορφαιή

265 4266 313 4319 καὶ
325 4263 476 4333 ἐπίκληρος
495 4272 537 4334 (ut
549 4272 655 4322 Timaei
672 4278 734 4321 utar
747 4289 806 4322 ver-

265 4341 308 4389 bis
320 4340 478 4389 Herodotea
490 4342 663 4405 respicientis
673 4357 734 4406 pag.
741 4342 805 4401 208,

265 4409 328 4459 add.
335 4410 496 4458 Kortiimin:
506 4410 654 4492 Scblosscri
661 4411 805 4460 ethrcht.

267 4477 375 4529 Archiv
394 4478 431 4528 Il.
449 4494 513 4545 pag
533 4478 610 4543 102),
634 4468 806 4546 praeminet

860 912 895 969 roi
908 917 960 968 τοῦ
975 910 1083 984 πατρὸς
1094 910 1181 982 ἔχεινι
1200 931 1317 983 quocum
1334 915 1402 966 alios

860 990 1053 1056 grammaticos
1069 994 1174 1039 veteres
1190 988 1344 1039 consentire
1358 987 1402 1036 ob·

861 1065 955 1112 servat
967 1058 1179 1110 Ruhnkeniusl.
1192 1057 1210 1106 l.
1221 1055 1318 1120 ‚alias
1335 1071 1401 1121 quo·

861 1148 912 1196 que
929 1130 1127 1196 appellationes
1146 1127 1277 1188 afferens,
1304 1126 1403 1191 quibus

860 1165 1403 1331 ttilt‘ttitttti,Aliteit

860 1289 945 1404 tlcef‘
958 1285 1072 1404 ignquit„
1076 1304 1403 1401 ᾙέπικληροςζέπικληρι-

860 1426 916 1473 τις,
917 1379 1070 1488 ἔγκληρος
1076 1413 1104 1458 et
1113 1421 1288 1487 πατρονχος,
1303 1406 1403 1455 Dorice

861 1480 1005 1530 dicebatur
1034 1469 1222 1539 αυιοιιιίμων,
1255 1466 1402 1540 innuatur,

860 1539 1227 1612 ἒιιιιιαμαιὶς,ἒπιπάμων;
1252 1545 1402 1611 dequibus

861 1619 1016 1669 nominibus
1039 1617 1170 1669 divinitus
1196 1617 1241 1666 Ti.
1264 1616 1403 1666 Hemster·

860 1689 919 1740 hus.
935 1689 971 1739 ad
983 1687 1102 1754 Hesycb
1118 1688 1152 1741 Τ.
1166 1687 1188 1737 Ι.
1203 1702 1229 1750 p
1247 1685 1313 1736 1107
1328 1691 1356 1735 et
1367 1683 1401 1735 ad

862 1758 959 1809 Thom.
972 1759 1044 1835 Mag.
1058 1775 1085 1823 p.
1099 1756 1160 1810 340.
1195 1756 1400 1806 EademaDo·

861 1828 936 1879 ribus
954 1820 1089 1893 πάμωχος
1111 1843 1160 1907 pro
1181 1827 1331 1890 παμουχος
1348 1824 1401 1874 dici

861 1899 961 1963 potuit.
993 1897 1073 1948 Certe
1086 1891 1219 1961 ποίμωχος
1232 1901 1291 1960 est,
1313 1898 1356 1960 qai
1366 1902 1402 1947 to

860 1977 909 2018 tam
918 1968 1080 2018 nereditatem
1087 1967 1208 2049 possidet
1231 1965 1401 2032 Hesychius.

862 2030 1017 2102 Παμωχος·
1040 2030 1178 2100 (iadorae
1197 2029 1307 2085 ’.iratot
1335 2034 1402 2085 Inde

859 2109 972 2158 verbum
985 2101 1139 2170 παμωχέω,
1155 2106 1290 2156 Laconica
1306 2118 1402 2166 naua

858 2177 928 2242 χιοῖ,
945 2178 1077 2241 possideo,
1096 2177 1169 2241 apud
1186 2176 1300 2226 eundem
1313 2153 1403 2238 Hesy-

859 2249 948 2298 chinm
960 2248 989 2297 in
1002 2264 1029 2298 v.
1043 2250 1071 2296 et
1084 2248 1113 2295 in
1126 2246 1232 2296 eximiis
1244 2245 1298 2295 illis
1308 2245 1400 2295 Tabu-

859 2318 893 2368 lis
910 2316 1087 2369 Heracleens.
1103 2318 1125 2366 l.
1143 2332 1185 2367 vs.
1200 2310 1264 2378 120,
1295 2315 1328 2364 de
1347 2329 1400 2379 quo

859 2392 967 2453 praeter
981 2386 1153 2437 Menochium
1172 2385 1227 2436 vid.
1244 2385 1295 2434 Ed.
1312 2384 1402 2435 Corsi-

860 2473 923 2508 num
937 2456 1060 2521 Prolegg.
1079 2457 1107 2506 iu
1123 2460 1204 2505 notas
1216 2455 1263 2505 Gr.
1282 2471 1307 2519 p.
1325 2454 1360 2503 20
1374 2457 1401 2504 et

860 2527 935 2578 Giab.
954 2528 1088 2576 Koenium
1109 2525 1143 2575 ad
1158 2526 1270 2589 Gregor.
1289 2525 1322 2574 de
1344 2523 1401 2574 dia·

858 2597 921 2649 lect.
932 2613 959 2661 p.
973 2596 1052 2648 105.“
1075 2596 1215 2661 Adscripsi
1227 2596 1293 2646 haec
1306 2595 1399 2657 verba,

860 2668 987 2732 quoniam
1000 2682 1086 2732 nuper
1102 2667 1210 2716 exstitit
1224 2666 1343 2716 Cobetus
1361 2665 1400 2726 (in

860 2737 1040 2788 Commentat.
1054 2737 1136 2786 tertia
1147 2735 1275 2801 philolog.
1293 2736 1399 2785 Amata·

858 2806 957 2857 ledam.
971 2806 1046 2858 1853.
1060 2823 1087 2871 p.
1104 2806 1136 2857 13
1151 2807 1219 2855 etin
1230 2807 1400 2868 Mnemosyu.

858 2877 920 2926 Vll.
936 2893 961 2939 p.
975 2876 1053 2940 312),
1076 2877 1122 2942 qui
1142 2892 1203 2927 cum
1220 2876 1247 2925 h,
1261 2876 1278 2925 1.
1298 2879 1399 2940 agatur

859 2945 891 2996 de
903 2944 974 3007 lilia,
991 2961 1060 3011 quae
1073 2951 1151 3011 patre
1164 2947 1201 2996 sit
1214 2947 1294 3007 orba,
1311 2959 1399 3011 neque

858 3015 891 3067 de
905 3030 945 3079 ea,
960 3030 1029 3080 quae
1042 3022 1145 3080 patrem
1156 3016 1255 3066 habeat
1268 3014 1399 3080 (indeque

857 3091 972 3136 vocetur
985 3084 1173 3167 πατροῦχος),
1197 3086 1224 3134 ἰιι
1240 3087 1300 3149 ipso
1314 3085 1400 3134 liero-

858 3154 923 3206 doto
939 3171 988 3220 pre
1001 3150 1167 3218 πατρούχου
1180 3155 1261 3204 scribi
1276 3153 1336 3204 vult
1348 3170 1399 3203 nu-

857 3217 980 3307 perizon:
1000 3224 1071 3303 quod
1084 3225 1151 3275 mibi
1163 3224 1236 3274 haud
1250 3226 1399 3288 persuasit,

858 3295 906 3359 qai
921 3309 1085 3359 πατρουχον
1102 3293 1251 3357 παρθένον
1271 3293 1327 3343 diei
1342 3294 1399 3344 eri-

858 3364 965 3414 stimem
981 3379 1039 3414 eam
1059 3365 1207 3430 virginem,
1228 3378 1299 3428 qnae
1314 3366 1401 3426 patria

858 3433 968 3498 eiusque
988 3436 1087 3484 mortui
1102 3434 1166 3485 bona
1184 3433 1278 3483 tabent
1296 3436 1401 3490 relicta,-

857 3503 931 3554 ooni.
945 3505 1028 3555 etiam
1041 3504 1157 3556 Bredov.
1176 3521 1201 3570 p.
1216 3503 1273 3554 101.
1302 3505 1399 3570 Itaque

858 3572 998 3637 vulgatam
1023 3573 1168 3624 lectionem
1189 3573 1314 3623 omnibus
1334 3588 1400 3637 quo·

858 3659 910 3708 que
922 3642 1000 3694 libris
1012 3645 1122 3709 scriptis
1137 3645 1279 3708 probatam
1291 3647 1399 3693 mutare

858 3714 930 3763 haud
946 3714 1061 3779 placuit.
1088 3714 1184 3778 Agitur
1196 3713 1221 3762 b.
1235 3712 1252 3761 l.
1267 3711 1300 3763 de
1313 3716 1397 3764 unica

856 3783 927 3843 filia,
946 3784 980 3832 ad
1001 3800 1082 3849 quam
1102 3784 1230 3834 defuncto
1247 3787 1325 3845 patre
1350 3783 1398 3834 bu·

855 3854 898 3904 ius
918 3853 991 3903 bona
1012 3855 1103 3903 omnia
1121 3854 1217 3904 relicta
1236 3851 1397 3903 hereditatis

856 3923 916 3973 iure
929 3926 1086 3981 transeuut3
1108 3939 1177 3989 quae
1194 3925 1265 3973 bona
1283 3938 1342 3971 cum
1362 3923 1397 3973 ad

855 3996 941 4042 totam
965 3992 1096 4043 familiam
1119 3995 1289 4058 pertineant,
1316 4009 1397 4058 quam

856 4063 988 4127 integram
1001 4078 1111 4114 servare
1124 4067 1266 4127 oporteat,
1280 4061 1397 4125 plerum·

855 4148 908 4196 que
935 4133 1007 4183 inter
1033 4133 1152 4183 Graecos
1178 4133 1217 4183 sic
1242 4132 1397 4183 institutum

856 4217 917 4252 esse
928 4202 1066 4265 videmus,
1083 4208 1114 4252 ut
1125 4201 1181 4252 filia
1195 4202 1261 4252 orba
1276 4204 1300 4251 ei
1316 4203 1397 4253 nube·

856 4275 913 4335 ret,
932 4273 980 4337 qui
992 4287 1089 4337 genere
1105 4278 1177 4322 esset
1189 4271 1343 4336 proximus,
1361 4273 1397 4323 ia-

856 4357 910 4405 que
924 4344 982 4406 ipse
1000 4342 1058 4392 iure
1073 4342 1150 4406 quasi
1170 4346 1307 4392 teneretur
1324 4340 1396 4392 illius

855 4410 885 4461 in
903 4412 1103 4462 matrimonium
1123 4412 1277 4463 ducendae:
1302 4412 1348 4476 qui
1372 4412 1396 4461 si

856 4481 942 4532 nollet
953 4486 1002 4532 aut
1016 4497 1072 4531 non
1088 4486 1197 4548 posset,
1218 4497 1277 4533 eum
1293 4480 1329 4531 ad
1345 4481 1396 4532 hoe
