3100 5175
472 415 746 478 POLYMNIA.
769 417 841 477 vti.
864 425 891 481 7.
913 428 939 480 8.
1186 417 1269 485 ,115

138 605 220 663 σθαι
242 590 281 663 sd
303 590 490 681 στράτευμα
510 589 548 661 τὸ
570 592 624 659 ἐπὶ
643 588 701 670 τὰς
719 588 881 680 Ἀθήνας,
904 587 1070 677 σύλλογον
1091 592 1271 679 ἐπίκλητον

138 800 179 843 ter
194 793 315 844 sensisse
328 792 457 843 Nostrum
477 789 544 857 (uid.
559 797 629 842 nott.
643 789 678 840 ad
728 805 794 854 τον,
819 796 889 840 teate
907 788 1044 854 Hesychia
1065 790 1088 840 1.
1109 807 1171 857 pag.
1194 791 1269 843 1460.

138 865 174 925 11,
190 863 248 913 115.
266 860 325 927 120)
348 878 461 927 eamque
474 877 527 911 nou
540 862 619 912 aliter
633 867 676 910 et·
728 860 893 911 Huiusmodi
907 866 1069 910 conventum
1080 864 1234 926 principum
1248 877 1270 911 s.

138 948 189 998 que
202 934 345 983 Persarum
357 932 554 996 expeditionem
568 932 602 981 ad
616 945 679 980 ean·
729 946 870 995 procerum
889 933 981 994 gentis
992 931 1136 980 Persarum
1152 947 1185 980 ac
1204 930 1272 981 deli-

137 1004 196 1052 dem
211 1017 322 1052 oausam
338 1002 478 1064 retulisse,
500 1017 580 1065 quum
605 1007 679 1050 reete
729 1003 897 1051 berationem
911 999 944 1050 de
957 1000 1037 1052 rebus
1052 1002 1130 1065 regni
1143 1002 1272 1066 gravissi·

138 1072 221 1122 Grote
234 1070 278 1122 his
296 1072 384 1121 verbis
398 1070 533 1121 declarat:
552 1070 618 1133 „the
638 1086 680 1118 re-

137 1144 225 1205 ligiosa
237 1142 305 1202 ideo,
318 1156 349 1190 so
366 1140 441 1191 uiten
453 1140 598 1205 presented
611 1138 680 1190 else-

138 1210 228 1262 where
242 1212 270 1260 in
282 1210 454 1274 Herodotus,
469 1209 535 1259 than
551 1209 596 1260 the
610 1209 681 1260 God-

139 1280 208 1330 head
221 1297 278 1330 was
288 1278 396 1343 jealous
409 1281 463 1331 and
483 1279 582 1330 hostile
595 1285 623 1328 to
633 1293 681 1328 ex-

138 1353 245 1400 uessire
257 1350 328 1416 good
342 1350 450 1400 fortune
463 1365 493 1398 ο1·
502 1348 680 1399 immoderate

138 1420 242 1470 desires
264 1422 292 1469 iu
304 1435 376 1481 man,
397 1421 419 1469 ie
436 1419 540 1470 worked
553 1421 578 1468 iu
598 1426 624 1467 to
641 1418 680 1467 dir

136 1490 235 1553 history
247 1490 280 1552 of
287 1489 392 1539 Xerxes
404 1504 434 1538 as
454 1489 494 1538 tdc
507 1494 680 1550 eser-present

137 1563 218 1609 moral
227 1560 281 1608 aad
288 1575 319 1609 aa
330 1558 370 1609 rte
381 1562 445 1607 moin
455 1573 532 1608 rause
541 1560 574 1619 of
583 1562 617 1607 ita
628 1558 680 1606 dia·

135 1630 256 1694 processi
273 1630 459 1678 termination.“
484 1628 537 1690 Qui
553 1628 624 1677 enim
639 1632 681 1676 to·

137 1707 197 1749 tum
213 1713 282 1763 opus
300 1698 334 1747 ad
344 1697 484 1749 Homerici
503 1698 630 1747 carminis
642 1696 681 1744 si·

138 1768 318 1818 militudinem
338 1768 461 1832 exegisse
485 1766 620 1832 putandus
639 1768 682 1815 est

138 1838 307 1898 Herodotus,
329 1839 353 1887 is
372 1839 400 1886 111
420 1842 478 1886 toto
494 1851 575 1900 opere
594 1849 679 1899 aeque

138 1913 223 1973 atque
235 1907 263 1956 iu
274 1906 386 1972 siugulis
402 1908 461 1957 eius
476 1906 599 1971 partibus
611 1903 680 1954 nihil

138 1977 216 2027 aliud
228 1979 367 2041 spectavit
378 1991 466 2041 neque
478 1975 552 2026 aliud
559 1975 684 2040 proposi·

138 2053 198 2097 tum
220 2045 330 2109 habuit,
358 2035 413 2097 nial
437 2047 493 2096 vim
514 2045 635 2097 divinam
652 2044 680 2093 in

139 2115 296 2167 mortalium
308 2117 388 2167 rebus
402 2122 432 2165 ut
444 2119 682 2176 commonstraret,

138 2202 212 2252 quse
227 2201 326 2251 pravos
339 2201 463 2251 quosque
481 2183 620 2234 hominnm
639 2198 683 2233 οο-

138 2261 223 2306 nntus
235 2256 366 2320 reprimit,
380 2256 533 2320 superbiam
551 2254 682 2318 imprimis

138 2326 175 2376 ad
189 2325 264 2375 mala
278 2340 402 2391 quaeque
417 2325 538 2374 homines
558 2325 684 2374 excitan-

138 2397 319 2459 terncoiircet,
331 2396 431 2446 iustum
442 2393 550 2445 modum
561 2394 587 2465 iu
598 2392 683 2442 omni·

138 2467 192 2516 bus
208 2470 352 2516 conservat
377 2480 463 2530 eoque
480 2463 569 2515 omnia
580 2466 681 2515 tuetur.

137 2537 216 2586 llaec
229 2535 312 2601 igitur
329 2536 372 2584 vis
389 2535 483 2584 divina
505 2534 532 2581 in
552 2549 584 2583 eo
601 2532 683 2593 bello,

139 2607 213 2673 quod
229 2607 330 2656 Noster
356 2607 411 2655 iarn
431 2610 607 2655 enarraturus
630 2607 680 2662 est,

139 2676 258 2726 maxime
268 2676 443 2740 conspicuam
456 2691 484 2724 se
494 2673 617 2724 exhibuit
626 2691 632 2722 r
643 2673 683 2721 iu·

139 2746 230 2811 deque
238 2751 368 2796 accurate
378 2759 556 2810 quaeeunque
564 2743 615 2792 huo
623 2757 684 2806 per·

139 2819 230 2867 tinent
244 2816 344 2866 Noster
359 2815 488 2880 persequi
500 2813 615 2863 studuit.
632 2814 655 2862 N
659 2828 684 2860 e·

139 2901 195 2951 que
206 2882 282 2934 aliud
295 2884 381 2935 luisse
395 2881 682 2946 consiliumiteschyli‚

138 2971 203 3005 cum
218 2956 301 3004 Peras
313 2956 431 3017 doceret,
444 2954 578 3004 neminem
588 2952 685 3016 opinor

140 3026 231 3089 sugit,
255 3025 304 3089 qui
325 3025 445 3090 singulas
468 3023 547 3072 huius
574 3019 684 3071 tabulae

139 3097 236 3161 partes
248 3099 376 3143 accurate
389 3093 546 3159 perlegerit,

177 3156 315 3226 ον’λλογον
326 3154 476 3226 ἐπίκλητον
485 3159 616 3223 Περσέων
625 3154 683 3222 suiv

137 3226 266 3297 ἀρίστων
279 3223 417 3297 ἐποιέετο]
446 3232 523 3281 citat
541 3232 609 3281 haec
629 3229 684 3278 Eu·

139 3301 263 3354 stathius
279 3302 314 3352 ad
329 3302 408 3352 iliad.
419 3316 482 3367 pag.
498 3302 561 3358 lit,
579 3300 605 3350 ll
625 3299 683 3348 sive

143 3373 209 3434 130,
229 3371 271 3423 33.
297 3371 535 3422 Observatautem
557 3369 591 3419 ad
614 3368 640 3420 h.
664 3367 680 3416 l.

139 3441 353 3506 Valckenarius,
365 3442 522 3492 concionem
532 3437 625 3505 populi
637 3453 682 3514 ex·

140 3517 187 3562 tra
206 3510 326 3561 ordinem
343 3510 457 3561 Athenis
478 3515 603 3561 coactam
621 3521 684 3570 συγ·

140 3581 247 3643 κλητον
260 3571 410 3643 ἐκκλησίαν
427 3580 483 3629 diei
497 3580 569 3644 apud
585 3579 683 3627 Demo·

142 3649 267 3702 ethenenr
286 3656 313 3700 et
330 3649 491 3701 Aeschinem
524 3648 590 3716 [vid.
606 3647 636 3700 C.
649 3646 681 3695 F.

140 3721 296 3770 Hermann:
313 3718 418 3771 Grieolr.
433 3715 637 3769 Staatsalterth.
657 3717 683 3777 §-

145 3789 205 3840 lea.
225 3795 283 3840 not.
303 3786 352 3853 4.]‚
373 3791 531 3840 concionem
551 3788 683 3852 Argivum

142 3853 282 3923 σύλλογον
304 3856 411 3916 πόλεως
427 3864 455 3908 et
477 3853 612 3921 ἔκκλητον
627 3847 684 3914 Ἀρ-

143 3926 229 3993 γείων
245 3918 331 3994 ὄχλον
344 3929 379 3978 ab
395 3928 527 3993 Euripide
540 3926 593 3977 diei
607 3927 634 3975 in
648 3922 686 3972 0-

142 4004 209 4049 rest.
223 4000 274 4049 728
290 4003 317 4050 et
332 3998 394 4061 illl,
412 3991 523 4062 ἀγορὴν
539 3996 686 4074 1511011111-

142 4085 185 4129 ro,
198 4068 271 4133 apud
280 4084 358 4133 quem
370 4069 484 4118 eundem
497 4060 514 4131 ἡ
528 4063 616 4132 {levin
629 4061 686 4113 τῶν

143 4130 281 4201 ἐκκρίτων
307 4131 415 4201 μόνων.
458 4136 631 4187 Teleautem
651 4132 686 4181 ab

144 4207 286 4257 Herodoto
299 4207 325 4258 h.
338 4207 355 4257 l.
370 4206 488 4271 intelligi
502 4206 562 4255 vult
574 4204 686 4253 sanctiue

143 4279 286 4334 concilim.
309 4277 382 4342 quod
402 4293 434 4327 ex
458 4274 571 4326 delectis
588 4272 687 4338 princi·

144 4346 277 4411 pihusque
285 4348 428 4397 Persarum
436 4345 599 4404 constiterit,
607 4341 688 4406 quale

144 4416 235 4465 Aetoli
260 4418 385 4466 vocarint
406 4406 588 4480 ἄποκλήτους
617 4417 688 4461 teste

144 4486 228 4537 Livio
241 4487 350 4546 XXXV,
364 4487 408 4552 34,
418 4485 584 4552 Syracusani
592 4476 688 4546 ίσκλη·

730 1072 780 1119 mis
794 1070 914 1118 habitam
925 1071 1066 1134 attigimus
1079 1086 1162 1135 supra
1173 1072 1207 1121 ad
1219 1072 1271 1133 lll,

729 1139 772 1190 80.
790 1156 816 1204 p.
835 1140 883 1189 152
898 1145 926 1189 et
940 1140 967 1188 in
980 1140 1094 1190 Excurs.
1107 1141 1146 1199 ad
1162 1141 1213 1205 lll,
1227 1140 1269 1189 70.

730 1225 794 1274 pag.
806 1207 859 1259 630
872 1224 928 1273 seq.
943 1207 1003 1261 Vol.
1020 1210 1069 1271 ll.,
1093 1210 1272 1275 addimusque

731 1279 845 1329 similem
858 1285 1031 1339 conventum,
1045 1296 1124 1345 quem
1138 1282 1271 1331 testeDa·

730 1348 856 1407 uiel.lll,
870 1346 952 1413 ¹2(ubi
964 1349 1036 1399 conl.
1050 1350 1193 1415 Leugerke
1206 1365 1269 1415 pag.

733 1417 793 1482 liti)
817 1418 1030 1468 Nebueeduezar
1043 1420 1182 1485 Babylone
1194 1421 1272 1470 insti-

730 1488 794 1551 tuit,
811 1488 931 1552 itemque
937 1503 1005 1549 eam,
1015 1504 1095 1553 quam
1103 1491 1203 1539 Darius
1209 1504 1271 1539 cum

730 1558 805 1623 regni
820 1558 978 1624 proceribus
992 1560 1124 1622 instituit,
1138 1559 1272 1609 delibera-

730 1630 832 1678 tionem
852 1629 881 1677 in
899 1628 1032 1693 imagine,
1055 1644 1137 1695 quam
1154 1631 1189 1678 ad
1208 1629 1272 1693 Vll,

732 1700 744 1748 l
757 1697 927 1748 exhibuimus
939 1704 1179 1762 repraesentatam.
1210 1699 1272 1761 Quo

729 1768 819 1832 minus
836 1768 965 1818 aceedere
984 1783 1092 1832 possum
1112 1769 1171 1820 viro
1191 1768 1272 1818 docto

731 1836 885 1901 (Duuclrem
899 1837 997 1888 Gesch.
1011 1838 1037 1887 d.
1050 1838 1166 1889 Alterth.
1180 1839 1227 1888 lV.
1243 1854 1270 1902 p.

731 1906 805 1972 720),
826 1908 935 1971 quiea,
959 1908 1076 1972 quaeda
1100 1909 1151 1958 hoe
1173 1909 1272 1958 Xerxis

730 1978 848 2027 concilio
861 1977 1005 2028 traduntur
1016 1979 1088 2042 apud
1096 1977 1272 2041 Herodotum,

731 2046 807 2096 nulla
824 2061 934 2110 prorsus
950 2046 1001 2096 fide
1023 2048 1107 2112 digna
1128 2062 1188 2098 esse
1202 2047 1272 2098 iudi·

732 2121 787 2179 cat,
803 2116 1021 2182 Herodotumque
1034 2133 1082 2179 ea,
1096 2132 1166 2182 quae
1183 2119 1272 2166 ePer·

732 2201 823 2236 surum
836 2187 1001 2236 carminibus
1015 2186 1097 2251 (quse
1108 2187 1182 2237 nulle
1196 2187 1272 2236 illum

732 2258 895 2321 cognovisse
915 2263 943 2305 et
965 2256 1124 2307 adhibuisse
1149 2258 1271 2322 equidem

732 2325 826 2389 credo)
843 2327 998 2391 sumpserit,
1012 2342 1061 2391 pro
1073 2342 1122 2377 suo
1130 2344 1202 2377 more
1212 2342 1273 2376 sna·

733 2412 785 2461 que
806 2397 947 2459 cogitandi
968 2402 996 2445 et
1008 2399 1143 2447 sentiendi
1164 2398 1272 2447 ratione

732 2466 813 2515 aliter
830 2481 940 2530 prorsus
959 2467 1143 2517 conformasse
1156 2468 1273 2517 arbitra-

731 2541 785 2585 tur.
804 2536 911 2601 Deque
925 2535 989 2584 mihi
1001 2537 1107 2602 quidem
1123 2535 1204 2586 aliter
1216 2543 1272 2586 sta-

732 2607 861 2656 tuendum
885 2606 1010 2669 videtur,
1030 2609 1076 2671 qui
1094 2607 1272 2669 Herodotum,

732 2675 756 2726 si
770 2691 840 2740 quae
852 2676 962 2726 aliunde
983 2677 1130 2741 acceperit,
1145 2692 1177 2726 ea
1193 2692 1272 2725 eccu-

732 2750 792 2796 rate
813 2762 845 2794 ao
867 2760 971 2796 summa
995 2761 1056 2795 cum
1074 2745 1126 2795 fide
1147 2745 1273 2796 retulisse

733 2817 869 2865 existimo.
901 2814 954 2864 Sed
973 2814 1039 2864 illud
1056 2830 1196 2880 procerum
1209 2817 1272 2865 Per·

733 2901 823 2935 sarum
838 2884 982 2933 concilium
995 2900 1063 2935 cave
1073 2884 1169 2935 eredas
1179 2887 1206 2934 iu
1219 2900 1273 2934 om·

733 2954 813 3004 nibus
824 2954 904 3003 rebus
919 2953 1035 3018 publicis
1046 2971 1063 3003 a
1077 2970 1140 3018 rege
1152 2953 1273 3019 legitime

733 3021 840 3073 consuli
860 3023 969 3073 solitum
989 3023 1089 3073 fuisse:
1114 3024 1141 3073 id
1161 3026 1232 3073 euim
1256 3039 1273 3073 a

733 3108 876 3158 regnorum
909 3092 1079 3143 orientalium
1108 3094 1273 3157 conditione,

733 3163 780 3212 ubi
799 3179 881 3228 penes
899 3177 980 3212 unum
1005 3164 1154 3227 principem
1168 3178 1273 3214 summa

733 3236 853 3283 omnium
864 3248 951 3283 rerum
962 3237 1092 3296 potestas,
1107 3233 1272 3283 multumab-

732 3302 838 3362 borret3
861 3304 889 3351 iu
904 3304 1014 3353 maioris
1027 3307 1133 3353 tantum
1146 3304 1274 3355 momenti

732 3372 813 3422 rebus
826 3372 892 3421 illud
907 3390 923 3422 a
935 3389 995 3438 rege
1010 3379 1205 3436 convocatum,
1220 3390 1274 3424 non

732 3449 789 3492 tam
802 3448 833 3492 ut
844 3441 877 3492 de
890 3458 931 3504 eo,
945 3443 1182 3507 qoodtoetuodum
1193 3450 1275 3505 esset,

734 3527 815 3578 quam
837 3519 867 3561 ut
879 3513 911 3562 de
930 3514 1008 3562 modo
1021 3530 1054 3563 ac
1073 3516 1195 3578 ratione,
1212 3529 1273 3579 qua,

733 3597 911 3647 quaecunque
924 3598 970 3632 rex
978 3597 1067 3633 seeum
1076 3586 1274 3644 constituisset,

734 3653 837 3715 optime
850 3660 1053 3717 peragerentur,
1066 3653 1226 3704 deliberatio
1236 3654 1274 3702 io-

734 3722 904 3777 stitueretur.
931 3723 964 3771 ln
976 3724 1074 3786 ‘quibus
1089 3722 1213 3773 conciliis
1229 3739 1274 3771 re·

733 3807 791 3841 ram
811 3791 895 3841 animi
908 3793 1072 3842 seutentiam
1090 3791 1180 3859 eloqui
1194 3793 1276 3842 lubri-

736 3877 795 3912 oum
814 3878 878 3910 seue
898 3877 931 3912 ac
956 3860 1151 3925 periculosum,
1169 3878 1229 3912 curn
1251 3863 1275 3909 si

736 3931 801 3997 quid
814 3930 943 3995 deinceps
957 3930 1028 3981 mele
1034 3932 1172 3992 cessisset,
1187 3934 1220 3988 is,
1229 3931 1275 3995 qui

736 3998 881 4049 concilium
896 3999 1023 4063 dederat,
1035 3999 1199 4063 plecteretur
1212 4016 1275 4064 poe·

736 4083 853 4131 namque
863 4072 921 4132 ipse
932 4066 1026 4118 lueret
1045 4069 1106 4122 vid.
1117 4069 1188 4118 inira
1198 4070 1274 4129 Vlll,

736 4139 780 4188 67.
803 4138 846 4187 101
862 4143 889 4186 et
901 4137 1124 4188 ValeriiMaximi
1136 4138 1218 4188 verba
1227 4139 1275 4199 lX,

737 4208 764 4267 5,
778 4221 848 4271 quae
867 4207 902 4256 ad
916 4206 978 4269 Vll,
994 4207 1011 4257 8
1031 4207 1078 4257 fin.
1099 4207 1276 4271 proferemus,

738 4273 799 4325 coll.
816 4276 1035 4327 {leonem-Idem
1050 4279 1076 4336 l,
1099 4279 1121 4327 1.
1137 4294 1199 4343 pag.
1214 4281 1276 4328 470.

738 4347 815 4407 Quae
828 4351 919 4396 eutem
940 4345 1030 4397 Persis
1048 4349 1076 4396 iu
1096 4363 1170 4398 more
1190 4348 1277 4398 luisse

737 4414 876 4480 videmus,
894 4417 953 4480 ipso
972 4416 1062 4466 Xerxe
1076 4422 1146 4467 teste
1168 4416 1203 4483 (si
1217 4421 1276 4484 qui-

738 4485 799 4537 dem
812 4485 855 4538 ille
873 4501 935 4536 mox
948 4500 1007 4538 eum
1024 4486 1054 4537 iu
1070 4488 1177 4539 modum
1189 4487 1278 4555 loqui·
