3100 5175
233 350 274 412 42
663 348 933 410 HERODO'H

234 526 320 596 εἶναι
338 531 516 615 Σαρδίων,
538 522 710 613 ἀπήλαυνε
735 520 767 603 ἒς
781 527 918 610 Σοῦσα,
940 520 1008 611 ἅμα
1027 519 1188 611 ἀγόμενος
1202 517 1370 608 Ἱστιαῖον,

231 627 367 700 Ὀτάνεα
382 631 418 700 cil
432 626 594 712 ἀποδέξας
607 625 793 717 στρατηγὸν
814 627 901 697 εῖναι
919 632 988 695 τῶν
1007 635 1295 715 παραθαλασσίων
1308 623 1367 695 ἀν-

235 739 403 822 conopon
416 731 475 802 τὸν
488 735 614 822 πατέρα
621 731 799 820 Σισάμνην
810 728 968 820 βασιλεὺς
976 729 1160 820 Καμβύσης
1179 729 1422 819 γενόμενον384

234 843 301 907 τῶν
314 845 500 926 βασιληΐων
511 840 705 923 δικαστέων,
714 834 765 905 ὅτι
776 838 830 906 ἐπὶ
838 834 980 924 χρήμασι
991 841 1090 922 δίκην
1097 832 1216 903 ἀδικον
1223 838 1369 922 ἐδίκασε,

233 941 361 1030 σφάξας
381 938 535 1030 ἀπέδειρε
555 946 667 1009 πᾶσαν
680 938 741 1029 τὴν
764 937 1004 1027 ἀνθρωπηίην,
1025 941 1187 1020 σπαδίξας
1207 939 1245 1007 dl
1264 936 1371 1007 αὐτοῦ

233 1128 776 1203 Persarumnomina:'lr¹w‹ps'oanc,Ma-

233 1207 386 1276 φαφέρνης,
396 1204 603 1274 Τισσαφέρνης.
617 1210 697 1274 Apud
706 1209 776 1259 Pau-

233 1283 339 1332 saniam
362 1295 483 1346 qaoque,
511 1278 666 1329 Cornelium
687 1279 777 1343 Nepo-

234 1357 304 1413 tem,
329 1350 506 1415 Aeschylum,
530 1353 562 1398 ιι1
580 1349 653 1398 idern
672 1349 778 1398 ruonuit

234 1420 447 1486 Wcsselingius,
471 1425 563 1469 exstat
589 1420 775 1484 Artaphernes

232 1489 313 1555 Apud
331 1489 496 1553 Aeschylum
512 1494 603 1538 tamen
627 1489 714 1551 (Pers
731 1488 775 1553 ’21)

234 1576 306 1610 nunc
332 1565 508 1640 receperunt,
543 1558 663 1608 codicem
691 1558 775 1608 Medi-

234 1645 310 1680 ceum
322 1616 775 1691 ιασσ1ιἎρσαφρένης.-νπαρ-

234 1699 492 1763 χον11.1.ιαιναρσαι
505 1699 560 1748 dici
571 1697 667 1758 eredo,
680 1703 711 1746 ut
721 1697 774 1759 lll,

234 1768 276 1819 70.
289 1769 338 1830 IV,
351 1769 400 1820 100
416 1769 506 1834 ibique
518 1773 588 1818 nott.
602 1768 641 1827 V,
655 1735 697 1818 13.
716 1766 773 1820 123.

233 1836 502 1902 v1,aacoll.v11,
522 1839 538 1887 0
559 1841 587 1887 et
605 1839 639 1887 aa
659 1837 716 1900 (ubi
736 1836 775 1885 la·

234 1909 299 1958 tiori
321 1923 402 1959 sensa
422 1908 455 1957 de
472 1907 531 1959 belli
550 1909 613 1956 dare
638 1906 775 1971 accipien-

233 1978 308 2040 dum,
333 1977 378 2028 rel
394 1979 528 2040 praesecto
554 1975 637 2031 urbis,
662 1980 693 2025 ut
710 1976 774 2039 Vll,

234 2046 364 2099 105194.
379 2047 437 2097 100.
454 2045 577 2097 Dorville
588 2046 623 2094 ad
632 2045 772 2095 Chariton.

231 2131 293 2180 pag.
314 2114 387 2178 443).
429 2116 489 2177 Quo
511 2120 640 2178 satrapae
664 2129 774 2165 munere

232 2186 304 2251 regis
334 2185 490 2250 plerumque
514 2189 646 2249 cognatos
671 2183 774 2233 Achae·

232 2255 400 2308 menidsram
423 2270 438 2304 e
459 2260 539 2318 gente
564 2259 675 2303 ornatos
698 2252 774 2302 vide·

232 2341 300 2374 mus.
334 2325 386 2373 His
399 2340 464 2375 vcro
480 2339 541 2374 cam
553 2322 711 2388 provinciae
726 2322 774 2371 ad·

231 2395 398 2444 ministratio
420 2399 493 2444 esset
512 2393 658 2442 commissa
665 2422 675 2450 ,·
697 2407 773 2455 prae-

233 2469 308 2515 terea
318 2464 346 2512 iu
355 2464 450 2514 eadem
460 2463 601 2528 provincia
611 2461 726 2511 rnilitum
736 2460 774 2510 ibi

231 2533 427 2584 collocatorum
454 2533 661 2597 custodiamque
692 2546 774 2596 agen-

231 2605 299 2654 tium
320 2604 403 2655 duces
426 2603 512 2655 fuisse
534 2604 700 2654 constitutos
728 2600 772 2666 (de

231 2688 286 2738 qua
315 2689 344 2723 re
373 2674 474 2738 optime
500 2672 630 2725 disseruit
655 2672 772 2721 Haeren.

231 2744 324 2793 ldesn.
342 2742 365 2792 1.
384 2758 446 2808 pag.
466 2742 525 2793 490.
547 2742 596 2792 491
618 2740 680 2792 coll,
701 2745 771 2792 nott

230 2812 265 2863 ad
284 2812 385 2863 Herod.
402 2812 431 2876 1,
457 2811 530 2877 153),
557 2811 608 2860 lroc
631 2826 772 2875 quoquae

229 2883 290 2934 loco
305 2882 432 2948 colligas,
452 2897 538 2946 neque
555 2882 682 2943 obstant,
702 2895 772 2944 quae

228 2956 267 3010 V,
282 2952 317 3003 30
328 2951 471 3017 leguntur,
487 2952 534 3002 ubi
546 2950 711 3016 Artaplrerni
725 2949 772 2998 tri

228 3022 343 3073 buitur'
335 3024 477 3102 imperium
489 3019 546 3070 τῶν
559 3012 771 3070 ἐπιθαλασσίων

228 3088 285 3140 τόν
297 3082 328 3139 ἐν
341 3088 376 3157 τῇ
387 3083 460 3155 Ἀσιή
473 3083 604 3153 πάντων,
622 3093 647 3140 si
663 3091 771 3171 quidem

229 3176 361 3212 summum
375 3160 518 3225 imperium
533 3128 687 3210 terr-air'um
681 3176 709 3209 ια
719 3159 771 3209 hac

228 3229 312 3280 Asiae
326 3229 462 3295 (minoris)
483 3235 561 3295 parte
573 3228 664 3280 Persis
680 3228 772 3278 subdi-

229 3304 332 3361 tarum,
354 3300 388 3349 ad
401 3315 469 3364 quas
482 3301 606 3363 regiones
620 3298 771 3347 maritimae

229 3368 416 3435 pertinebant,
428 3383 511 3432 peaes
520 3368 707 3430 Artaphernem
717 3367 771 3416 suit

227 3447 361 3502 satrapam
378 3440 497 3501 ac.regis
516 3438 604 3502 ipsius
616 3437 677 3487 loeo
692 3439 770 3502 qua-i

228 3509 406 3560 constitutum
419 3508 562 3567 vicarium,
576 3507 669 3557 Omnes
679 3512 770 3557 autem

229 3569 383 3641 στρατηγὸς
397 3582 503 3627 tantum
514 3577 576 3635 fuit,
591 3578 610 3629 i.
622 3592 645 3626 e.
656 3575 710 3625 dux
726 3592 770 3625 co-

227 3648 347 3713 piarum,
365 3662 435 3712 quae
448 3647 475 3697 in
485 3647 641 3712 regionibus
652 3645 686 3695 ιιι]
697 3660 770 3695 mare

228 3718 290 3769 sitis
310 3722 338 3767 at
360 3718 395 3767 ad
416 3716 596 3781 Artapheruis
620 3717 770 3781 satrapiam

227 3787 427 3852 pertinentibus
449 3791 528 3837 erant
549 3784 715 3847 collocatae,
739 3789 770 3834 nt

227 3858 355 3908 civitates
380 3856 512 3920 (Graecas
533 3854 750 3919 potissimum)
742 3870 769 3904 ιιι

227 3927 360 3992 obsequio
372 3931 497 3977 tenerent
508 3924 637 3990 regnique
645 3924 713 3977 fines
728 3929 769 3975 tu-

226 4001 353 4049 tarentur
366 3995 410 4048 vel
423 3997 504 4047 etism
519 3995 582 4046 inde
595 4000 769 4047 excurrerent

227 4067 261 4117 ad
286 4066 357 4118 alias
380 4073 468 4119 terras
494 4067 682 4131 occupandas,
710 4065 766 4117 vid.

226 4136 432 4189 Weissenborn.
444 4137 551 4189 Hellen.
562 4152 624 4203 pag.
638 4135 694 4189 101.
722 4136 768 4187 Sic

227 4206 300 4256 inira
319 4207 358 4267 V,
383 4207 431 4257 110
448 4209 593 4258 Persarum
617 4200 768 4270 στρατηγοὶ

228 4243 358 4326 (licuntur,
366 4277 512 4335 Deurises,
532 4276 652 4340 Hymeas
667 4279 694 4326 et
704 4277 769 4326 Ota·

228 4360 289 4409 nes,
311 4344 438 4409 equibus
456 4345 578 4408 Hymeas
597 4347 691 4396 morbo
710 4362 768 4410 per·

227 4417 269 4479 iit,
286 4419 316 4465 ut
328 4417 429 4466 Noster
440 4414 525 4464 tradit
535 4414 568 4479 V,
585 4416 641 4479 121,
655 4430 716 4479 cap.
729 4432 770 4467 se·

827 1139 923 1256 guenti
936 1154 1001 1190 vero
1012 1139 1052 1189 ita
1051 1139 1169 1218 pergit:
1182 1130 1372 1220 ’Δαταφέρνης

847 1199 1209 1289 ὲὸΣαρδίωννπαρχος
1224 1205 1272 1258 aui
1293 1201 1371 1258 'Oroi-

827 1269 1371 1429 111114113111011111

828 1417 906 1469 σθαι.
945 1410 1034 1480 Qui
1014 1431 1139 1481 υπαρχοι
1159 1419 1233 1481 apud
1247 1419 1370 1470 Herodo-

828 1493 886 1538 tum
906 1492 1056 1548 vocantur,
1079 1487 1161 1538 iidem
1174 1487 1247 1537 haud
1262 1489 1320 1539 scio
1334 1503 1370 1537 an

828 1559 900 1622 apud
914 1556 1076 1635 Aeschylum
1089 1559 1178 1610 Perss.
1194 1560 1228 1608 14
1241 1558 1370 1609 dicantar

827 1626 962 1695 βασιλέως
975 1640 1107 1690 vneror
1126 1619 1256 1691 μεγάλου.
1289 1629 1369 1709 Quod

827 1698 898 1749 euim
910 1701 1008 1761 postea
1022 1697 1124 1761 passim
1139 1697 1241 1747 factum
1255 1714 1315 1748 esse
1330 1699 1370 1748 in-

826 1768 960 1827 acuimus,
971 1781 1133 1831 quamquam
1146 1782 1200 1817 nou
1209 1768 1269 1818 siue
1279 1769 1369 1833 ipsius

825 1837 931 1887 Persici
950 1836 1026 1900 regui
1052 1835 1229 1898 detrimento,
1254 1843 1299 1902 ut,
1322 1840 1369 1902 qui

827 1906 985 1971 provinciae
999 1905 1115 1955 alicuius
1126 1912 1218 1957 essent
1228 1910 1368 1973 satrapae,

825 1975 906 2026 iidem
919 1974 1037 2026 militare
1049 1991 1155 2041 quoque
1169 1977 1312 2041 imperium
1324 1994 1369 2028 sc-

825 2047 959 2109 cipercnt,
972 2044 1000 2093 id
1013 2045 1097 2109 igitur
1109 2044 1152 2095 vel
1164 2051 1262 2110 antea,
1276 2063 1369 2112 quam-

825 2117 867 2166 vis
881 2115 977 2177 rarius,
990 2114 1078 2164 locum
1092 2115 1222 2166 habuisse
1234 2133 1369 2182 ponamus

825 2200 937 2236 neeesse
953 2185 1015 2237 erit.

864 2248 1011 2317 ἀπήλαυνε
1029 2242 1057 2309 ἒς
1075 2250 1184 2318 Σοῦσα]
1209 2254 1269 2304 Hoc
1292 2255 1367 2305 eirca

826 2338 888 2373 ann.
907 2324 955 2374 011
978 2327 1044 2372 ante
1059 2323 1121 2372 Chr.
1143 2339 1168 2375 n.
1186 2324 1288 2374 sactum
1307 2341 1369 2376 esse

826 2394 966 2459 posuimus
984 2394 1013 2441 in
1030 2396 1100 2442 nott.
1117 2395 1151 2442 ad
1166 2391 1205 2455 V,
1220 2396 1241 2444 1.
1267 2395 1367 2445 Grote:

824 2463 940 2527 History
958 2462 988 2512 os
999 2462 1101 2512 Graece
1116 2463 1164 2513 IV.
1184 2480 1210 2526 p.
1223 2463 1275 2514 376
1289 2466 1368 2529 pouit

825 2545 890 2583 anu.
901 2534 969 2594 512,
989 2547 1049 2582 cum
1068 2533 1147 2582 Darii
1164 2534 1368 2597 expeditionem

825 2603 981 2673 Scythicum
995 2603 1132 2666 posuisset
1151 2619 1214 2653 ann.
1227 2604 1367 2656 510-515

825 2678 890 2722 aute
910 2673 971 2722 Chr.
988 2688 1015 2721 n.
1026 2688 1135 2736 ,quam
1154 2689 1204 2723 nos
1224 2689 1295 2725 auno
1314 2675 1367 2727 513

825 2742 1029 2808 adscripsimus.

856 2827 914 2859 των
932 2810 1175 2889 παραθαλασσίων
1193 2803 1321 2875 ἀνδρων]
1342 2813 1367 2862 Α

823 2882 928 2932 duobus
940 2881 1016 2931 libris
1032 2883 1111 2932 abest
1127 2873 1252 2961 ἀνδρῶν.
1284 2882 1354 2932 In
1330 2898 1367 2932 sr-

824 2950 880 3000 mili
890 2950 950 3001 loco
962 2952 1026 3011 Vll,
1041 2951 1090 3002 135
1103 2966 1152 3016 pro
1165 2943 1299 3007 ἀνδρῶν
1292 2967 1367 3001 ruve-

824 3022 898 3069 nitur
915 3014 1137 3082 ἀνθρσίπων.-
1157 3021 1198 3070 Ad
1216 3014 1366 3085 Σισάμνην

824 3090 1018 3155 Wyttcubach.
1038 3107 1055 3141 a
1073 3092 1122 3142 Cr.
1140 3091 1278 3141 excitatus
1295 3108 1368 3141 eom·

823 3166 903 3237 parat
913 3160 1029 3211 alterum
1038 3161 1178 3211 Persicum
1193 3176 1292 3210 nomen
1303 3159 1368 3210 Σει

823 3223 933 3293 ράμνης
947 3230 1018 3294 apud
1031 3230 1170 3280 Plutarch.
1184 3231 1221 3280 ll.
1235 3247 1261 3293 p.
1277 3231 1366 3282 1721)

822 3300 1025 3351 Animadvermss
1044 3315 1106 3365 pag.
1128 3299 1204 3353 1042
1241 3301 1346 3351 Infra
1337 3317 1366 3351 m

822 3368 895 3418 hoc'
889 3384 949 3432 rpso
966 3369 1037 3419 libro
1055 3385 1116 3433 cap.
1137 3370 1182 3419 121
1205 3366 1366 3434 Σισιμάκης

821 3439 905 3488 Persa
916 3441 1048 3495 occurrit;
1061 3439 1118 3489 alia
1126 3442 1270 3489 Persarum
1280 3443 1368 3490 nomi·

822 3524 858 3558 na
871 3508 1026 3558 consimilia
1041 3510 1193 3560 afferuntur
1207 3510 1235 3558 in
1250 3509 1366 3562 Schnei-

823 3577 1069 3661 dewlniPhilolog.
1085 3580 1133 3630 lx.
1151 3594 1179 3644 p.
1193 3580 1293 3628 ⁴71.-
1296 3580 1366 3631 ·De

820 3647 1035 3713 iadieihasrepiia
1051 3664 1163 3713 quorum
1176 3664 1238 3699 mox
1252 3652 1365 3715 mentio,

821 3716 938 3767 diximus
957 3719 993 3767 ad
1001 3719 1070 3837 lll,
1080 3718 1123 3769 31.
1152 3720 1229 3779 Quae
1246 3735 1366 3795 sequun-

822 3794 865 3836 tur
880 3788 978 3837 verba:
998 3776 1042 3836 ὅτι
1058 3778 1104 3837 ἐπὶ
1121 3785 1243 3853 loricam
1260 3778 1366 3838 ἀδικαν

821 3854 906 3942 δινην
918 3846 1064 3918 ἑδίκασεῇ
1057 3875 1076 3911 ι,
1088 3875 1111 3908 e.
1123 3860 1190 3922 φιινιὶ
1199 3860 1307 3921 pecunia
1321 3876 1365 3909 nc-

820 3926 893 3989 ceplri
906 3929 1020 3977 iniustam
1031 3896 1139 3977 (iiaisset
1146 3932 1299 3983 sententium.
1314 3931 1365 3979 ite

820 4011 879 4047 rum
892 3994 1019 4060 leguntur
1030 3998 1092 4061 Vll,
1106 3998 1164 4048 194
1188 3998 1274 4049 Usum
1285 4014 1365 4063 prac-

820 4066 965 4198 ppsit3iguis
985 4059 1057 4117 ἐπὶ
1049 4084 1079 4118 ιιι
1099 4060 1215 4118 talibus
1222 4069 1303 4135 attigi
1326 4070 1364 4121 ad

843 4172 976 4270 ἀπέδειρε
986 4218 1082 4255 πασαν
1090 4196 1144 4268 τὴν
1153 4197 1360 4273 ἀνθρωπηίην]

818 4276 946 4340 Intellige
963 4266 1069 4338 δορὰν,
1096 4281 1140 4336 ut,
1168 4276 1220 4327 hoc
1240 4276 1301 4327 loco
1322 4277 1364 4326 al·

820 4345 892 4408 lato,
914 4346 1139 4397 docetEustath.
1157 4346 1240 4397 adili
1264 4346 1316 4396 ΙΙΙ.
1321 4363 1360 4429 p.
1442 4405 1447 4413 Ι

820 4415 885 4479 283,
903 4417 937 4468 30
957 4432 980 4469 s.
999 4417 1066 4480 314,
1088 4416 1137 4479 35,
1163 4410 1328 4467 exhibeus’
1312 4431 1364 4465 nv-
