3100 5175
690 339 962 457 HEROIDOTI

258 396 320 460 278

261 576 293 654 ἐς
308 571 364 652 τὰς
379 571 506 652 πόλιας.
530 575 635 640 ταῦτα
651 570 687 639 δὲ
703 568 842 659 ποιήσας
855 566 1010 658 ἠπείγετο
1026 569 1059 648 ἐς
1073 566 1132 637 τδν
1140 561 1396 655 Ἑλλήσποντον.

255 674 313 756 Ὡς
328 677 365 744 δὲ
385 678 573 763 συνελέχθη
594 675 657 762 μὲν
675 680 783 762 χρῆμα
798 672 924 743 πολλὸν
937 678 1042 756 νεών,
1070 673 1257 757 συνελέχθη
1280 670 1318 738 δὲ
1339 671 1397 738 καί

165 777 170 787 ’
263 778 356 863 πεζὸς
371 783 493 858 πολλὸς
507 777 662 866 στρατὸς,
683 777 861 865 διαβάντες
873 782 947 865 τῇσι
961 777 1061 862 νηυσὶ
1081 773 1140 843 τὸν
1153 770 1398 861 Ἑλλήσποντον

264 882 464 972 ἐπορεύοντο
480 880 535 951 διὰ
554 888 612 969 τῆς
626 880 811 968 Εὐρώπης,
834 879 1035 966 ἐπορεύοντο
1053 879 1090 947 δὲ
1110 881 1166 946 ἐπί
1177 902 1213 944 τε
1230 873 1399 963 Ἐρέτριαν

216 997 256 1057 44
265 987 321 1056 καλ
337 983 491 1074 Ἀθήνας.
531 975 640 1052 Αύται
661 985 723 1073 μὲν
743 976 792 1055 siv
809 1005 870 1072 σφι
890 981 1061 1070 πρόσχημα
1082 973 1168 1069 ἦσαν
1187 984 1247 1047 τοῦ
1266 979 1399 1047 στόλον.

265 1089 348 1176 ἀτὰρ
370 1093 407 1158 ἐν
427 1089 494 1181 νόῳ
516 1094 646 1174 ἔχοντες
667 1086 746 1168 ὅσας
766 1082 809 1156 ἂν
823 1094 978 1164 πλείστας
999 1085 1158 1153 δύναιντο
1172 1085 1398 1169 καταστρέφε-

263 1205 347 1264 σθαι
366 1198 435 1261 suiv
452 1189 656 1280 Ἐλληνίδων
677 1198 823 1277 πολίων,
849 1195 948 1262 τοῦτο
970 1189 1032 1277 μὲν
1053 1186 1094 1274 δὴ
1115 1193 1190 1276 τῇσι
1210 1187 1308 1272 νηυσὶ
1330 1192 1400 1253 Θα·

266 1394 360 1444 narius
383 1393 416 1444 de
435 1397 595 1456 argumento
615 1391 669 1441 loci
690 1391 729 1440 ita
750 1392 806 1440 ‹lis-
856 1392 898 1440 ria
912 1390 1034 1440 instituit
1047 1389 1236 1452 sapienterque
1250 1387 1321 1451 egit,
1339 1401 1402 1436 cum

266 1479 373 1515 serens·
398 1463 487 1524 „Dum
501 1462 585 1511 Persa
596 1460 785 1511 Mardonius
777 1476 806 1509 ιιι
856 1461 925 1511 bene
938 1458 1132 1519 intellexisset
1150 1457 1240 1507 odium
1260 1457 1401 1506 inPcrsas

265 1532 345 1582 Ionia
363 1527 556 1594 δημοκρατίας
574 1528 690 1579 κατίστα
712 1521 787 1586 ἐς
756 1545 806 1585 τας
858 1546 875 1578 a
898 1529 1011 1578 Graecis
1030 1528 1160 1577 Asiaticis
1181 1527 1333 1576 coniectum
1354 1539 1402 1590 per

265 1596 375 1662 πόλιας,
390 1600 807 1650 videridebuitGraeeiseares
858 1604 989 1663 tyrannos
1009 1597 1091 1659 istos,
1109 1598 1157 1660 qui
1175 1596 1402 1659 aPersieimpo·

266 1669 413 1720 seeundum
421 1668 589 1720 Herodotum
600 1685 646 1719 ιιι
655 1667 808 1724 eredrbrlrs,
859 1670 907 1718 siti
922 1669 1064 1717 Persarum
1082 1667 1191 1716 nomine
1210 1669 1337 1728 regerent
1355 1680 1402 1729 po·

266 1740 330 1805 quis
345 1753 422 1803 reges
439 1743 521 1802 atque
534 1739 649 1803 imperio
661 1738 746 1802 regali
762 1736 809 1786 ad·
860 1738 1006 1802 pnlunrque
1016 1741 1178 1801 premerent,
1188 1735 1361 1799 potissimum
1374 1738 1403 1784 et

266 1810 339 1860 sueti
359 1808 515 1873 popularem
536 1809 676 1872 regiminis
693 1808 808 1856 formam
860 1811 1011 1857 excitatum
1031 1810 1058 1856 ct
1074 1811 1184 1854 arictum
1197 1819 1270 1854 esse:
1292 1803 1334 1852 bis
1351 1804 1402 1867 igi·

266 1879 295 1927 iu
307 1877 468 1928 civitatibus
481 1876 610 1927 libertate
622 1877 680 1927 usis
696 1879 737 1926 sio
753 1877 809 1940 plo·

266 1963 379 2011 rumque
391 1946 536 1997 voluerunt
549 1950 696 2007 mutatam,
714 1951 745 1994 ut
755 1944 810 1995 sal·

268 2022 322 2067 tem
340 2031 422 2081 penes
446 2032 548 2080 paucos
566 2021 639 2066 esset
657 2016 808 2080 imperium,

267 2099 337 2150 quos
362 2086 435 2136 dicto
461 2085 571 2135 facilius
595 2085 726 2135 habereut
747 2085 811 2134 obe·

268 2155 405 2205 dientes.“
429 2154 606 2205 Hoffmeister
615 2153 633 2204 l.
644 2169 725 2217 supra
735 2154 809 2203 laud.

267 2222 412 2288 popularia
424 2223 536 2286 imperia
546 2239 577 2274 eo
588 2223 703 2273 oonsilio
715 2239 731 2272 a
739 2226 809 2272 Mar·

268 2294 351 2341 deuio
365 2297 496 2342 revocata
508 2307 567 2343 esse
580 2292 743 2351 arbitratur,
755 2306 809 2356 quo

269 2361 435 2410 Graecorum
456 2362 508 2411 sibi
527 2361 688 2411 conciliaret
703 2363 810 2410 animoa

205 2477 208 2482 .
270 2443 370 2491 eosque
389 2429 425 2478 ad
441 2445 470 2478 se
486 2429 614 2478 alliceret.
644 2431 810 2480 Dubitantcr

269 2497 303 2547 de
316 2495 359 2547 his
375 2499 533 2561 pronuntiat
548 2498 690 2548 Dnucker:
710 2499 809 2551 Geseh.

270 2567 295 2617 d.
309 2565 426 2619 Altertb.
441 2567 486 2618 lV.
503 2582 564 2632 pag.
574 2569 636 2629 tili,
650 2570 810 2631 praesertim

268 2651 329 2686 oum
341 2638 369 2686 in
383 2637 543 2687 civitatibus
554 2637 690 2687 nonnullis
700 2638 812 2702 tyranni

269 2708 430 2756 manserint.
453 2707 571 2757 Aliunde
583 2708 675 2771 potius
687 2708 755 2757 haec
767 2724 811 2757 cx-

268 2774 396 2838 plicandu
409 2791 468 2827 esse
483 2777 611 2827 videntur
627 2776 733 2827 Plancio
746 2778 811 2842 (Die

269 2845 390 2908 Tyraun.
406 2847 428 2895 Ι.
441 2861 467 2909 p.
480 2845 560 2909 325),
574 2849 620 2911 qui
633 2849 743 2896 rniuime
755 2862 811 2896 cre·

269 2912 311 2963 dit
323 2915 422 2964 Persae
436 2917 465 2964 in
480 2916 571 2965 animo
587 2916 716 2967 habuisse
728 2916 811 2966 Grae-

269 2998 361 3033 corum
377 2985 482 3035 animos
494 2985 529 3034 ad
542 3001 571 3034 se
586 2994 754 3046 convertere,
769 3000 810 3046 eo,

268 3054 340 3117 quod
368 3056 496 3104 maiorem
528 3053 683 3105 libertatern
714 3056 811 3105 iisdem

270 3124 471 3173 concesserint:
499 3123 526 3171 id
548 3125 638 3187 potius
657 3130 811 3186 spectatum

271 3206 332 3241 esse
346 3193 498 3253 existimat,
512 3198 543 3241 ut
555 3209 588 3243 nc
599 3194 717 3258 amplius
727 3194 812 3243 Grae-

271 3276 364 3311 corum
374 3263 539 3312 exsisterent
546 3263 675 3313 civitates
682 3266 739 3314 suis
750 3264 813 3313 iuri·

269 3329 321 3379 bus
334 3334 441 3380 utentes
453 3335 480 3380 et
493 3345 570 3380 suum
583 3332 750 3395 preelectum
764 3332 812 3381 ba-

269 3397 378 3460 bentes,
390 3399 442 3451 sed
454 3406 484 3448 ut
495 3399 588 3450 eodem
598 3400 693 3460 ιιιοδο,
707 3416 761 3466 quo
770 3418 811 3451 re·

269 3466 337 3531 liqui
348 3466 479 3527 homines,
491 3469 583 3519 Persis
592 3470 696 3520 subditi
705 3474 810 3521 esseut:

271 3537 330 3598 „sie
343 3537 441 3587 sollteu
450 3537 553 3588 liberali
568 3538 648 3589 lreine
661 3540 812 3591 besondera

269 3608 397 3666 senates,
415 3607 473 3656 also
493 3606 562 3657 auch
579 3609 655 3658 nicht
676 3615 755 3660 unter
773 3611 811 3660 ei·

269 3690 356 3739 geneu
373 3674 518 3735 Vasalleu,
547 3679 663 3728 sondern
689 3696 738 3729 nnr
757 3679 810 3730 Ge·

270 3743 394 3794 meinden
419 3761 472 3795 von
491 3743 684 3798 ‘Uuterthsneu
708 3749 811 3809 bilden,

269 3813 355 3863 denen
376 3815 503 3879 iibrigens
524 3816 593 3866 nach
612 3818 812 3882 morgenliindi·

268 3882 346 3934 seber
354 3884 447 3935 Weiss
456 3901 510 3936 rou
522 3887 580 3935 dem
591 3887 665 3937 alten
678 3888 811 3938 llerkom·

269 3968 330 4003 meu
339 3954 535 4021 Beobachtung
546 3955 651 4019 dessen,
666 3974 722 4007 was
735 3958 811 4007 nicht

267 4023 402 4087 geradezu
418 4024 470 4075 den
483 4026 633 4076 Absiclrten
648 4027 695 4077 der
709 4029 811 4078 Erobc-

860 1883 904 1926 tur
915 1875 1031 1926 sublatis
1049 1875 1124 1932 iere,
1146 1880 1176 1923 ut
1191 1874 1274 1922 animi
1285 1873 1402 1923 Graeco-

860 1963 917 1997 rum
935 1947 1022 2010 magis
1038 1961 1099 1995 curn
1117 1944 1206 1994 Persis
1224 1941 1402 1993 conciliaren-

861 2022 906 2066 tur
924 2032 1011 2080 neque
1031 2014 1065 2064 ud
1083 2013 1235 2064 seditiones
1258 2012 1402 2062 iaciendas

861 2087 978 2150 amplius
991 2084 1221 2145 sollicitarentur,
1242 2082 1401 2145 praesertim

860 2172 920 2206 cum
943 2156 1027 2205 libero
1048 2169 1113 2204 suas
1138 2167 1181 2202 res
1209 2152 1402 2202 administrare

861 2231 982 2290 possent.
1008 2224 1086 2284 Quod
1104 2223 1139 2272 ad
1151 2223 1319 2272 Herodotum
1337 2221 1403 2270 atti·

861 2300 923 2355 nct‚
943 2293 1066 2359 equidem
1085 2291 1158 2341 haud
1178 2292 1237 2342 scio
1254 2306 1289 2340 aa
1310 2292 1339 2339 iu
1359 2290 1403 2338 his

861 2363 1059 2428 respiciendum
1078 2377 1185 2426 quoque
1206 2362 1243 2410 sit
1260 2361 1293 2410 ad
1317 2361 1404 2424 ipsius

860 2434 994 2483 Herodoti
1008 2433 1126 2480 animum
1140 2430 1265 2494 regimini
1279 2430 1405 2494 populari

862 2502 982 2552 deditum
997 2501 1042 2565 (de
1057 2516 1110 2566 quo
1124 2501 1240 2551 diximus
1259 2501 1293 2550 ad
1305 2502 1345 2561 V,
1360 2500 1403 2551 co.

861 2569 906 2634 78)
928 2577 955 2622 et
970 2576 1148 2636 tyrannorum
1164 2570 1303 2635 imperium
1320 2568 1404 2619 valde

863 2656 983 2702 exosum,
997 2642 1066 2691 adeo
1078 2646 1109 2690 ut
1117 2642 1242 2705 tyrannis
1253 2639 1339 2704 pulsis
1350 2642 1406 2690 siu-

862 2709 942 2776 gulos
955 2710 1029 2760 cives
1043 2710 1146 2760 maiore
1157 2709 1285 2760 libertate
1303 2709 1331 2759 in
1346 2710 1404 2760 suis

861 2781 942 2831 rebus
956 2779 1180 2829 administrandis
1195 2779 1237 2828 uti
1253 2778 1386 2828 crederet.

898 2850 992 2913 χρῆμα
1004 2841 1122 2913 πολλὸν]
1138 2850 1199 2900 Vid.
1213 2848 1266 2910 llI,
1282 2848 1340 2898 130.
1354 2851 1403 2911 lv,

861 2920 905 2969 81
942 2921 1006 2968 Mox
1028 2934 1089 2968 cum
1106 2906 1244 2993 Gaisfordn.
1262 2916 1403 2969 eduobus

862 2987 941 3041 codd.
953 2987 1015 3037 dedi
1026 2980 1129 3044 πολλὸς
1140 2982 1258 3047 στρατὸς
1272 3002 1321 3051 pro
1330 2988 1404 3053 vulg.

862 3048 980 3119 στρατὸς
992 3050 1111 3122 πολλὸς,
1127 3057 1198 3121 quod
1211 3061 1326 3107 recenti
1340 3058 1402 3108 edd.

862 3128 1040 3178 retinuerunt.

898 3187 946 3244 ini
953 3211 982 3245 τε
992 3186 1137 3259 Ἐρέτριαν
1150 3189 1198 3243 καλ
1209 3184 1342 3259 Ἀθήνας]
1360 3197 1404 3246 Τιι
1469 3213 1472 3217 ’

861 3265 917 3315 vid.
932 3266 971 3326 V,
986 3265 1029 3315 ab.
1059 3266 1182 3329 Namque
1202 3264 1255 3316 bas
1273 3265 1403 3316 civitates

861 3335 1040 3399 Aristagorae
1065 3335 1231 3399 ionibusque
1257 3334 1402 3385 rebellibus

863 3405 995 3454 auxilium
1011 3404 1150 3455 miserant.

1042 3576 1107 3627 Car.
1127 3576 1223 3626 XLIV.

903 3670 1055 3744 πρόσχημα
1071 3665 1159 3759 ησαν]
1180 3678 1260 3733 (loni.
1279 3679 1332 3741 IV,
1354 3679 1402 3729 167

862 3749 955 3814 ibique
976 3754 1044 3800 nott.
1063 3740 1138 3812 ἦσαν
1160 3749 1224 3800 dedi
1253 3764 1306 3829 pro
1327 3742 1405 3825 ἔσαν,

863 3824 894 3868 ut
906 3820 1022 3882 saepius.
1047 3820 1086 3869 Ad
1100 3834 1174 3884 seqq
1190 3806 1306 3868 verba*
1288 3830 1357 3874 οσας
1368 3830 1405 3867 αν

862 3888 993 3946 πλείστας
1014 3885 1152 3937 δύναιντο
1179 3888 1252 3938 coni.
1276 3888 1405 3938 Kuebuer

863 3958 908 4009 Gr
932 3958 975 4008 (ir
999 3963 1023 4021 g.
1043 3959 1102 4011 θῆίί
1121 3963 1177 4007 not.
1195 3961 1211 4007 4
1236 3958 1314 4007 etti.
1334 3957 1405 4006 Har-

862 4042 955 4077 mann.
977 4029 1096 4091 Opusco.
1110 4027 1196 4091 IV.p.
1214 4028 1272 4077 151.
1303 4027 1404 4077 Moneo

268 4108 310 4143 rer
329 4099 463 4159 entgegen
483 4112 557 4159 war,
577 4102 725 4147 verstattet
741 4113 811 4147 wur-
861 4097 921 4158 boc,
935 4098 1151 4147 cumduocodd.
1163 4090 1405 4147 οθειιιιιίδύνιον

269 4162 339 4211 (1ε.“
377 4165 455 4225 Quod
479 4165 544 4214 mibi
571 4165 643 4216 haud
671 4170 810 4230 persuasit
861 4181 922 4221 ται
936 4167 1101 4225 necdesrnt
1120 4167 1211 4230 quiid
1229 4167 1402 4217 lnHerodotr

268 4231 404 4282 Plsssius:
424 4235 510 4298 magis
528 4236 632 4285 arridet
646 4236 736 4285 Grotii
749 4251 811 4286 sen·
860 4237 951 4287 verbis
962 4251 1092 4300 reponere
1103 4236 1198 4318 velint,
1212 4236 1295 4286 licet
1288 4252 1315 4286 ιιι
1326 4241 1404 4300 opta-

269 4301 700 4366 tentiafflistcryoiGreecelV.
712 4303 809 4369 patr)
861 4305 933 4360 tivo
947 4307 1042 4356 addrtri
1054 4295 1185 4355 vocula
1164 4322 1216 4368 αν
1236 4304 1294 4355 lr..l
1310 4308 1403 4355 savis

268 4369 439 4420 Mardonium
451 4372 588 4422 laudantis
597 4390 663 4437 qur
674 4389 708 4423 ns
717 4388 809 4439 ,quae
860 4375 926 4424 insit
929 4390 1030 4440 quarn
1041 4375 1218 4437 potentialem
1230 4376 1335 4425 dicunt
1359 4376 1404 4425 Tu

268 4435 357 4488 adbuc
372 4441 491 4491 aPer·sls
501 4441 577 4492 iacta
590 4448 682 4507 erant,
700 4447 810 4493 contra·
860 4446 932 4497 coni.
941 4447 1023 4494 etiarn
1032 4445 1204 4496 Baeumleiu·
1213 4444 1321 4497 Grieclr.
1328 4445 1402 4498 Μοδ
