3100 5175
528 425 706 487 ERATO.
730 428 784 488 Vl.
807 436 927 491 44-46.

1232 426 1291 490 tsi

159 597 298 686 στρατὸς
317 596 406 669 οὕτω
424 606 579 687 ἔπρησσε.
621 604 808 693 Μαρδονίῳ
830 599 866 669 δὲ
881 601 998 693 καὶτῷ
1013 606 1342 692 πεζῳστρατοπε-λδ

161 707 333 796 δευομένῳ
357 707 394 773 έν
409 712 607 793 Μαλεδονίη
629 702 750 783 νυκτὸς
765 703 891 791 Βρύγοι
906 705 1047 793 Θρήϊκες
1062 708 1295 794 ἐπεχείρησαν·

160 816 218 876 καί
228 829 347 894 σφεων
361 806 506 888 πολλούς
520 807 704 895 φονεύουσι
718 812 753 877 ol
765 807 908 896 Βρύγοι,
925 807 1124 896 Μαρδόνιον
1140 811 1175 879 δὲ
1191 808 1296 880 αὐτὸν

161 919 413 998 τρωματίζουσι.
453 909 494 980 ού
519 915 632 1000 μέντοι
658 909 737 982 οὐδὲ
769 908 864 981 αὐτοὶ
893 911 1105 999 δουλοσύνην
1131 919 1296 1001 διέφυγον

113 1033 160 1083 1ου
170 1013 250 1102 πρὸς
264 1017 441 1103 Περσέων·
471 1012 512 1085 ού
525 1012 590 1104 γάρ
605 1014 646 1103 δὴ
661 1012 825 1102 πρότερον
838 1011 1007 1102 άπανέστη
1028 1018 1064 1084 ia
1078 1022 1146 1085 των
1159 1021 1296 1107 χωρέων

159 1121 308 1187 τουτέων
334 1117 548 1206 Μαρδόνιος,
582 1122 664 1208 πρὶν
687 1116 708 1206 ἤ
734 1138 840 1203 σφεας
866 1113 1078 1206 ὑποχειρίους
1108 1120 1294 1207 ἐποιήσατο.

165 1221 310 1299 Τούτους
329 1224 443 1309 μέντοι
462 1222 774 1310 καταστρεψάμενος
794 1219 902 1309 άπῆγε
920 1220 982 1309 τὴν
996 1224 1154 1310 στρατιὴν
1176 1221 1294 1307 ὀπίσω,

159 1321 215 1393 rire
238 1330 286 1416 τῳ
307 1328 394 1415 πεζῷ
413 1351 448 1392 τε
472 1332 699 1413 προσπταίσας
715 1323 797 1412 πρὸς
811 1324 888 1405 τούς
902 1324 1054 1410 Βρύγους
1074 1329 1130 1395 καὶ
1150 1332 1196 1419 τῷ
1209 1354 1293 1396 ναυ·

160 1434 240 1520 usqi
261 1427 415 1515 μεγάλως
435 1430 512 1514 περὶ
531 1427 590 1497 τὸν
602 1426 730 1500 ”Adora
777 1418 885 1508 Οὗτος
905 1430 967 1515 μέν
985 1456 1051 1496 νυν
1073 1424 1091 1497 ὁ
1112 1430 1226 1510 στόλος
1240 1436 1292 1498 orl-

160 1536 266 1618 σχρως
280 1527 532 1618 ἀγωνισάμενος
546 1528 745 1619 ἀπηλλάχθη
761 1534 794 1612 ές
807 1528 868 1618 τὴν
883 1528 1006 1619 Ἀσίην.

234 1636 395 1726 Δευτέρῳ
416 1634 454 1702 δέ
481 1640 549 1703 ἔτει·
569 1631 697 1704 τούτων
717 1631 735 1703 ὁ
757 1643 902 1720 Δαρεῖος
930 1639 1045 1721 πρῶτα
1068 1634 1130 1724 μὲν
1150 1631 1342 1715 Θασίους46

346 1874 411 1925 θεν.
429 1876 512 1929 XLV.

195 1968 301 2041 Βρύγοι
317 1969 451 2042 Θρήϊκες]
469 1978 548 2029 Cous.
563 1980 626 2034 vll.
643 1978 702 2031 185.

159 2049 205 2100 73.
235 2048 284 2097 ubi
308 2049 465 2098 Herodotus
495 2037 596 2097 tradit'
607 2048 703 2112 Briges

159 2116 510 2181 (Βρίγες1ε11οεεδοο11ιιε
520 2133 580 2168 esse
590 2123 703 2168 vocatos

159 2187 295 2252 Phryges:
310 2203 371 2237 cum
382 2192 453 2238 teste
460 2187 606 2238 Heraclide
615 2188 705 2237 Maee-

159 2256 242 2308 doaes
258 2271 354 2308 vocum
371 2257 451 2307 initio
470 2272 608 2321 uunquam
624 2262 703 2306 utsu-

161 2332 203 2376 tur
218 2327 299 2376 litera
312 2325 348 2375 Φτ
369 2326 472 2392 dequo
487 2328 547 2391 ipso
563 2326 643 2391 plura
656 2342 702 2377 ex·

159 2395 395 2448 eitsvitVsleken.
410 2397 499 2461 Atque
510 2396 543 2447 de
554 2396 597 2446 his
608 2396 702 2446 eadem

159 2466 214 2516 lere
240 2466 387 2530 perscribit
408 2465 565 2530 Stephanus
584 2466 701 2527 Byzeut.

160 2552 181 2585 s.
194 2551 220 2586 v.
234 2533 347 2598 Βρίγες;
369 2535 447 2600 plura
460 2551 510 2586 uos
522 2534 559 2584 ad
569 2535 703 2584 Herodoti

160 2605 203 2660 1.1,
212 2605 368 2657 attulimus.
386 2604 461 2656 Idem
471 2603 627 2669 Stephanus
638 2621 703 2669 quo-

160 2691 210 2739 que
226 2676 311 2725 hahet
331 2674 452 2738 Βρυγίας
472 2669 555 2731 πόλις
570 2672 703 2723 Μακεδο-

162 2744 236 2801 νίας·
256 2740 289 2794 τδ
303 2735 424 2794 iuvaris
435 2738 568 2805 Βρύγιος,
589 2748 617 2793 ε1
633 2739 703 2805 Βρύ-

159 2829 237 2877 γιον·
260 2806 342 2870 πόλις
355 2811 557 2869 Μακεδονίας·
578 2806 610 2862 τὸ
624 2805 704 2861 tovi·

159 2878 211 2932 ahs
224 2879 346 2948 Βρύγιος
363 2879 411 2931 καὶ
422 2877 572 2945 Βρυγιεύςτ
592 2882 659 2932 adeo
674 2888 704 2932 ut

160 2954 255 3020 quaeri
277 2953 385 3018 possit,
403 2968 483 3012 num,
505 2952 551 3015 qui
571 2951 623 3002 hoo
643 2952 703 3002 loeo

160 3027 295 3074 vocantur
311 3017 428 3085 Βρύγοι,
446 3022 529 3071 iidem
548 3022 605 3070 sint
623 3027 703 3085 atque

159 3092 266 3156 Βρίγες,
277 3093 324 3157 qui
335 3092 422 3142 altero
436 3089 607 3150 looonI,73
618 3096 646 3141 et
656 3091 703 3141 185

160 3164 346 3212 inveniuntur.
386 3162 504 3225 Utrique
526 3165 600 3211 certe
618 3160 704 3225 Phry·

158 3234 221 3298 gion
238 3234 325 3296 stirpe
338 3231 425 3282 luisse
437 3229 580 3291 videntur,
593 3248 607 3280 e
620 3230 704 3295 Phry·

158 3304 204 3369 gis
214 3301 263 3365 (es.
274 3305 344 3356 nott.
355 3302 390 3351 ad
401 3302 434 3362 V,
445 3299 488 3365 13)
501 3299 565 3349 olim
579 3301 606 3349 in
618 3299 704 3349 'Phra-

158 3374 227 3422 oism
253 3372 370 3433 ingressi
392 3371 510 3434 indeque
534 3369 703 3420 occidentem

159 3458 253 3491 versus
267 3442 301 3490 ad
316 3440 505 3490 Macedoniam
524 3445 608 3504 etque
621 3439 656 3489 ad
670 3438 705 3487 ll·

161 3510 276 3574 lyrieum
293 3524 378 3574 usque
391 3509 542 3573 progressi,
558 3509 606 3558 ubi
621 3524 703 3572 prope

159 3579 360 3643 Dyrrhachium
392 3593 499 3643 quoque
528 3580 704 3627 inveniuntur

159 3651 272 3714 ariges,
292 3652 363 3699 teste
376 3649 510 3699 Strabone
522 3647 585 3697 Vll.
600 3663 626 3711 p.
641 3646 702 3697 326.

159 3721 224 3779 3273
247 3718 304 3771 vid.
318 3717 400 3768 Abel:
420 3717 565 3767 Makedon.
584 3732 634 3767 vor
649 3718 704 3764 liii-

159 3791 205 3855 nig
224 3788 335 3851 Philipp
355 3802 419 3852 pag.
439 3785 483 3837 58.
502 3786 544 3835 61.
568 3786 613 3835 151
640 3784 702 3835 coll.

159 3861 257 3909 Zeuss:
281 3858 332 3906 Die
345 3856 477 3907 Deutseb.
493 3872 519 3905 u.
542 3854 601 3905 ihre
614 3854 702 3905 Nasb-

160 3929 312 3991 harst.pag.
320 3927 380 3985 252,
389 3924 469 3975 Talel
481 3926 508 3975 in
516 3943 522 3973 ε
531 3925 616 3989 Pauly
624 3924 707 3990 Reslg

160 3995 354 4062 encyclopaed.
365 3996 386 4048 1.
396 4011 421 4059 p.
435 3995 502 4046 1183
513 3999 595 4059 atque
606 3995 633 4043 in
640 3996 704 4044 Dis·

160 4074 255 4120 sertat.
272 4067 304 4116 de
317 4066 363 4115 vis
376 4065 497 4130 Egnatia
508 4080 571 4128 pag.
586 4063 627 4115 35.
657 4064 703 4113 Se·

160 4138 219 4187 dem
234 4136 391 4201 primariam
403 4136 502 4198 gentis,
515 4149 585 4198 quse
597 4135 625 4182 iu
637 4134 704 4183 Xer·

161 4207 201 4257 xis
226 4204 402 4269 expeditione
425 4203 510 4267 (vll,
533 4202 583 4266 73)
605 4204 702 4252 iterum

161 4278 403 4331 commemoretur,
418 4271 466 4324 sed
481 4288 551 4338 quae
565 4278 629 4337 post
640 4287 704 4322 eva·

160 4349 228 4404 nuit,
241 4347 269 4394 in
280 4348 372 4393 monte
381 4343 490 4394 Bermio
503 4358 535 4392 ae
547 4341 702 4406 regionibus

160 4415 355 4466 ediscentibus
368 4428 452 4477 prope
464 4413 596 4463 Beroeam
611 4413 639 4461 in
650 4426 703 4461 me·

159 4483 289 4534 ridionali
304 4481 483 4534 Macedoniae
505 4486 596 4533 tractu
618 4481 703 4532 luisse

753 1842 893 1907 probabile
910 1847 961 1894 est.
987 1842 1066 1894 Cous.
1080 1844 1216 1895 Manuert.
1231 1844 1294 1895 1111.

774 1911 827 1962 ,43
842 1929 870 1962 se
892 1947 899 1960 .

753 1929 771 1977 p
790 1971 825 2030 ού
836 1929 932 2044 pilton
945 1971 1013 2028 οὐδὲ
1022 1970 1105 2030 αύτοί
1117 1980 1218 2046 ιι.τ.λ,]
1233 1983 1295 2032 Duo

754 2050 818 2100 libri
832 2042 866 2099 ού
883 2043 934 2114 μέν
948 2040 1031 2109 οὐδὲ,
1053 2055 1083 2100 ut
1101 2050 1146 2112 11,
1167 2051 1223 2101 120.
1247 2052 1294 2113 IV,

754 2121 816 2173 205.
848 2122 915 2170 Post
928 2112 1010 2168 αὐτοὶ
1024 2120 1156 2172 Valcken.
1174 2120 1236 2170 eddi
1249 2137 1295 2170 vo·

753 2189 805 2240 luit
816 2203 861 2254 γε,
876 2194 906 2239 ut
919 2190 948 2238 in
958 2189 1095 2240 locutione
1107 2184 1143 2239 ον’
1155 2184 1294 2252 μέντοι-

754 2273 784 2322 γε
798 2275 815 2309 a
829 2261 951 2324 Poppon.
967 2258 1106 2310 illustrata
1119 2261 1147 2309 in
1161 2259 1294 2310 Observa.

753 2329 895 2393 Thucydd.
912 2345 937 2392 p.
956 2327 1014 2380 190.
1045 2330 1086 2379 sd
1102 2329 1186 2378 verbe
1197 2325 1296 2391 διέφυ·

753 2411 805 2462 γον
821 2392 894 2460 πρὸς
914 2393 1046 2460 Περσέων
1066 2399 1135 2449 idem
1153 2397 1295 2460 Volebam,

754 2469 787 2517 de
796 2483 828 2518 eo
838 2482 889 2518 usu
899 2468 1052 2532 disputans,
1064 2483 1117 2532 quo
1128 2466 1219 2518 verbis
1232 2483 1296 2518 neu-

753 2537 804 2588 tris
835 2536 948 2602 passiva
977 2537 1140 2602 significatio
1168 2537 1297 2588 tribuitur

754 2608 885 2658 adiuncta
895 2607 1099 2672 praepositione
1110 2599 1167 2656 ύπὸ
1179 2623 1201 2657 s.
1214 2598 1296 2669 πράς,

754 2675 893 2727 simillima
905 2677 1008 2726 excitat
1016 2677 1069 2732 ΙΙΙ,
1079 2678 1119 2729 19.
1133 2677 1154 2735 Ι,
1166 2677 1223 2728 159.
1233 2678 1296 2740 VII,

756 2748 806 2796 154
816 2746 877 2796 οοΙΙ.
889 2744 1012 2810 Thucyd.
1021 2746 1044 2806 1,
1058 2746 1115 2796 130.
1127 2747 1173 2809 Vl,
1186 2747 1226 2795 15.
1243 2747 1296 2796 Eu-

754 2816 835 2880 ripid.
849 2814 1059 2869 Phoeniss.3llh.
1085 2816 1128 2865 Tu
1140 2815 1201 2866 add.
1211 2816 1297 2866 Hero·

755 2885 811 2935 dot.
828 2884 874 2947 111,
889 2884 931 2934 112.
949 2883 1006 2935 103.

791 2943 825 3002 ού
839 2949 892 3016 γὰρ
905 2944 941 3015 δὴ
955 2944 1095 3013 πρότερον
1109 2967 1134 3001 κ.
1149 2967 1173 3004 τ.
1190 2950 1229 3015 1.]
1254 2953 1295 3002 De

755 3014 897 3083 πρότερον
914 3017 984 3084 πρὶν
1001 3010 1021 3083 ἦ
1042 3020 1099 3095 vid.
1119 3027 1188 3071 nott.
1211 3021 1246 3070 ad
1263 3022 1297 3083 V,

758 3092 815 3143 118.
842 3092 884 3141 Ad
902 3082 994 3154 άπῆγε
1007 3114 1040 3125 -
1054 3088 1146 3138 οπίσω
1161 3089 1197 3143 el.
1213 3090 1251 3149 11,
1262 3092 1295 3139 27

755 3168 783 3211 et
804 3161 838 3211 de
856 3162 939 3211 verbo
953 3155 1140 3221 προσπταίειν
1154 3160 1255 3210 Herod.
1272 3161 1295 3220 1,

754 3232 798 3282 65.
811 3232 878 3291 1111,
893 3232 935 3281 al.
949 3257 984 3266 —
996 3230 1059 3279 Mox
1074 3245 1133 3279 oum
1147 3245 1217 3281 reor.
1234 3230 1295 3281 edd.

754 3300 937 3351 revocandum
958 3300 1053 3350 oeusui
1068 3316 1099 3349 ex
1115 3299 1214 3376 Aldina
1232 3300 1297 3348 arti-

755 3370 846 3421 culum
858 3373 885 3420 in
895 3370 985 3420 verbis
996 3362 1060 3428 naal
1076 3360 1135 3417 τὸν
1149 3368 1296 3431 diiambi

754 3439 878 3506 plerique
902 3437 982 3490 codd.
1004 3438 1134 3488 omittunt
1158 3430 1222 3497 τὸν,
1242 3454 1296 3504 qua

755 3510 854 3560 vocula
866 3511 913 3561 vix
925 3524 1019 3560 carere
1034 3511 1136 3587 poterit
1151 3509 1248 3560 oratio.

791 3565 884 3635 Ούτος
900 3572 951 3641 μέν
966 3593 1020 3627 νυν
1034 3594 1049 3628 o
1065 3572 1163 3636 στόλος
1177 3593 1203 3628 ν.
1221 3593 1244 3630 τ.
1261 3575 1296 3639 1.]

756 3641 948 3713 ,,άπαλλάχδη
959 3649 1037 3699 rediit
1048 3651 1177 3700 vertitur:
1197 3649 1243 3698 sed
1257 3648 1297 3696 ni·

755 3718 852 3769 mirum
865 3719 999 3779 innuitur,
1011 3718 1142 3783 reliquias
1156 3718 1236 3768 istius
1250 3734 1297 3767 ex-

755 3788 857 3839 ereitus
874 3794 936 3852 post
955 3788 1055 3839 multas
1070 3787 1162 3839 clades
1180 3792 1207 3840 et
1223 3787 1296 3837 eale·

755 3859 866 3909 mitates
890 3859 924 3907 ad
943 3862 1091 3908 extremum
1114 3859 1207 3908 salvas
1234 3861 1262 3907 et
1283 3872 1297 3905 e

752 3930 874 3989 periculis
890 3927 1013 3978 liberatas
1027 3928 1055 3976 in
1069 3927 1162 3978 Asiam
1177 3928 1296 3987 moriem,

754 4001 864 4047 secutas
875 3996 972 4046 Xerxis
991 3997 1156 4053 exereitum,
1175 3997 1221 4058 qui
1240 3996 1297 4044 lere

754 4070 830 4116 totus
841 4068 868 4114 in
878 4066 990 4129 Europa
1001 4066 1111 4130 periit.“
1126 4063 1295 4128 Sedrreiplr.

934 4234 1000 4284 Gan.
1020 4235 1118 4285 XLVI.

790 4331 918 4404 Δευτέρῳ
931 4331 962 4387 δὲ
977 4331 1032 4387 έτεϊ
1042 4327 1163 4413 τούτων]
1184 4337 1202 4386 i.
1220 4352 1242 4386 e.
1255 4352 1295 4386 se-

754 4410 835 4463 cundo
847 4417 907 4471 post
923 4424 998 4459 anno.
1038 4421 1146 4457 τουτων
1166 4407 1228 4457 dedi
1246 4421 1295 4470 pro

753 4475 884 4530 τουτέων.
920 4478 964 4530 Ad
981 4478 1145 4532 looutionem
1166 4478 1203 4529 el.
1224 4480 1294 4530 nott.
