3100 5175
567 402 745 463 ERATO.
769 404 825 465 Vl.
852 415 907 469 tuo.
1244 410 1299 470 ’121

164 560 255 643 done
274 571 493 663 Ἀθηναίοισι.
534 579 815 666 Προσγενομένου
836 579 873 649 δὲ
893 584 954 648 τοῦ
978 580 1086 670 δήμου
1107 579 1199 674 αὐτῷ
1219 582 1303 652 κατὰ

163 678 229 768 τὴν
241 675 407 748 ἀπόλυσιν
420 684 482 750 τοῦ
501 680 669 767 θανάτου,
693 682 917 770 ζημιώσαντος
936 684 973 753 δὲ
994 683 1077 754 κατὰ
1091 683 1153 776 τὴν
1165 684 1302 775 ἀδικίην

167 782 377 871 πεντήκοντα
397 783 603 867 ταλάντοισι,
624 785 815 875 Μιλτιάδης
827 786 890 873 μὲν
902 787 984 875 μετὰ
999 794 1120 876 ταῦτα,
1139 797 1302 878 σφακελί·

165 887 287 967 σαντός
302 914 337 956 τι
350 892 411 957 τοῦ
423 893 533 976 μηροῦ
547 889 602 957 καὶ
615 893 796 976 σαπέντος,
809 896 967 984 τελευτᾷ·
989 890 1028 961 roi
1043 893 1081 963 dl
1094 893 1302 982 πεντήκοντα

165 990 312 1060 τάλαντα
326 993 448 1073 ἐξέτισε
463 988 480 1060 ὁ
496 1007 572 1072 ταῖς
586 988 691 1062 αὐτοῦ
704 1001 834 1081 Κίμων.

209 1220 445 1291 Προσηενομένου
472 1218 503 1274 δὲ
528 1225 579 1277 τοῦ
600 1219 705 1293 δήμου]
758 1228 871 1278 verbum
891 1227 1067 1290 σφακελίζειν
1087 1229 1159 1283 cons.
1180 1234 1249 1281 nott.
1264 1229 1300 1281 ad

163 1299 306 1359 „Venerat
323 1296 464 1348 Miltiades
481 1297 509 1346 in
525 1298 647 1348 barathri
661 1313 708 1362 pe·
757 1297 811 1359 111,
825 1299 868 1349 oo.
885 1301 952 1357 ταῖς
963 1315 1013 1365 pro
1021 1297 1095 1365 vulg.
1110 1295 1179 1356 πάϊς
1188 1299 1260 1361 dedi,
1269 1304 1301 1351 ut

164 1365 281 1417 riculum
316 1380 348 1415 ex
385 1366 508 1416 Platonis
546 1368 705 1418 narratione
756 1368 882 1429 v1‚1·27.

165 1437 194 1486 iu
221 1436 303 1501 Gorg.
332 1450 393 1500 pag.
419 1436 471 1486 bid
494 1437 527 1497 Ε,
550 1441 595 1488 oui
620 1436 707 1489 adsti·
792 1430 954 1502 Μιλτιάδης
966 1429 1018 1501 μὲν
1033 1431 1101 1500 μετὰ
1114 1435 1301 1489 ταῦτα-τε-

164 1505 277 1571 pulstur
298 1504 433 1555 Aristides
458 1506 490 1555 Τ.
506 1506 543 1557 ll.
569 1524 631 1574 pag.
653 1508 705 1556 224
755 1503 851 1573 λευτᾷ]
866 1508 894 1557 Si
904 1506 1031 1559 Cornelio
1043 1507 1299 1560 tidesVit.Miltied.

164 1575 289 1626 edlebb.
309 1573 364 1623 Alii
372 1574 399 1625 id
407 1576 534 1633 reticent.
548 1577 662 1628 solemni
677 1577 705 1626 in
756 1580 782 1638 7,
799 1577 940 1628 Miltiades
950 1576 1022 1643 quod
1035 1578 1180 1641 pecuniam
1193 1577 1299 1629 solvere

164 1644 268 1696 talibus
291 1645 475 1696 variatione.“
513 1647 703 1711 Wessellnp.
755 1661 810 1697 non
820 1651 938 1711 poterat,
951 1647 978 1696 in
989 1645 1220 1713 vinculapublica
1233 1663 1298 1698 con-

162 1707 706 1765 Plutonisverbasicsehabentthlstu'·
755 1716 843 1766 iectus
856 1731 1010 1781 supremum
1026 1715 1064 1764 ibi
1083 1716 1152 1766 obiit
1164 1716 1251 1767 diem:
1270 1719 1298 1767 in

163 1780 220 1848 δην
233 1777 265 1832 tt
275 1775 327 1831 τὸν
339 1774 370 1832 ἐν
381 1782 548 1847 Μαραθῶνι
560 1781 600 1844 εἰς
612 1778 643 1835 τό
657 1778 706 1852 βαξ-
753 1785 810 1835 Vit.
819 1787 923 1837 Cimon.
940 1787 951 1836 l
973 1784 1043 1836 idem
1054 1792 1149 1836 narrat
1159 1785 1299 1837 Cimonem

163 1852 277 1917 ραθρον
296 1844 427 1918 ἐμβαλεῖν
450 1844 631 1918 ἐψηφίσαντο
656 1849 704 1904 aul
752 1853 1216 1907 filiumeauemcustodieretentam
1228 1872 1298 1920 esse,

163 1918 191 1973 el
212 1915 251 1989 μὴ
269 1915 317 1972 διὰ
334 1917 385 1971 τὸν
412 1914 554 1986 πρύτανιν
573 1916 704 1975 ἐνέπεσεν
754 1924 950 1976 donecmulctu
963 1929 1037 1975 esset
1049 1924 1155 1976 soluta:
1171 1926 1297 1991 idemque

163 1983 214 2051 ἆνς
228 1992 572 2059 quibuscumconveniunt‚
588 2010 658 2060 quse
669 1994 703 2044 ad
753 1996 786 2045 de
800 2001 879 2060 patre
890 2000 918 2045 et
933 1994 989 2045 lilio
1000 1994 1138 2046 affirmant
1148 1996 1201 2045 Dio
1213 1995 1298 2060 Chry-

162 2063 298 2114 Herodoti
315 2060 405 2112 locum
421 2063 536 2114 tradunt
551 2064 662 2115 Scholia
675 2064 704 2114 in
753 2072 822 2116 eost.
842 2066 919 2115 Orat.
938 2064 1066 2115 Lxxlll.
1085 2081 1111 2132 p.
1128 2064 1180 2118 634
1201 2071 1229 2115 et
1243 2069 1298 2116 Va-

161 2133 277 2184 Aristid.
307 2134 340 2183 T.
357 2133 410 2183 ΙΙΙ.
431 2149 458 2198 p.
471 2133 538 2183 292:
563 2129 613 2183 ἕνα
632 2127 662 2183 λε’
680 2147 705 2183 ει
753 2134 804 2185 ler.
822 2137 894 2186 Max.
911 2133 974 2196 v‚3
997 2138 1052 2184 ext.
1067 2134 1096 2185 3:
1118 2135 1189 2200 quod
1203 2135 1244 2185 ita
1256 2136 1297 2185 in-

162 2194 399 2283 τὸνΜιλτινὶιλην·
412 2148 706 2266 ὅτεμάρέκρίνετοέτιλ
729 2218 732 2223 ·
754 2203 843 2269 telligi
858 2203 953 2266 debet,
966 2208 996 2253 nt
1008 2204 1105 2254 scribit
1118 2203 1257 2257 Diodorus
1268 2206 1297 2256 in

163 2269 198 2339 τῇ
220 2265 323 2339 Πάρῳ,
340 2266 488 2353 ηθέλησαν
512 2265 601 2322 αὐτὸν
620 2286 718 2323 ιιατα-·
755 2262 1297 2339 Βτοοιμλλ.Χ,64(ὅτιΜιλτιιὶὃοννῑός

161 2333 706 2405 ιιρημνῐσαι·οδὲιιρύτανιςεέσελθών
754 2333 770 2392 ὁ
794 2341 907 2407 Κίμων,
933 2335 1151 2407 τελευτήσαντος
1175 2341 1227 2393 τοῦ
1245 2360 1297 2393 aa·

162 2402 318 2476 ἐξῃτήσατο
346 2401 446 2465 αὐτόν.
482 2411 625 2465 Cornelius
646 2412 666 2464 l.
686 2412 704 2465 l.
754 2403 924 2475 τρόςαῦτοῦ
942 2407 973 2461 ἐν
990 2408 1026 2476 τῇ
1037 2408 1162 2482 δημοσίᾳ
1181 2412 1296 2479 φυλακῇ
1345 2449 1348 2453 -

163 2481 231 2531 haee
246 2486 350 2531 tantum
365 2480 460 2532 habet:
479 2484 582 2545 „caust
594 2483 705 2547 cognite
755 2474 804 2531 διὰ
815 2474 848 2531 τὸ
863 2477 902 2547 μὴ
915 2477 1028 2546 ἰσχῦσαι
1042 2472 1149 2532 ἐκτῖσαι
1161 2476 1193 2531 τὸ
1207 2472 1296 2547 ὄφλη-

163 2552 264 2616 capitis
275 2551 429 2614 absolutus,
445 2554 561 2616 pecunid
572 2552 704 2604 multatus
754 2567 801 2617 μα,
822 2549 870 2602 ἵνα
888 2544 959 2620 λοὶβη
977 2542 1010 2601 τὸ
1023 2552 1103 2614 σῶμα
1119 2548 1296 2614 τοῦπατρὸς

162 2625 235 2673 est.“
264 2621 304 2671 Ad
324 2622 407 2671 rerba
421 2615 492 2670 κατὰ
512 2615 564 2687 τὴν
576 2613 703 2687 ἀδικίην,
753 2616 794 2679 εἰς
807 2616 912 2687 ταφὴν,
927 2616 1030 2674 ἑαυτὸν
1042 2617 1083 2679 εἰς
1096 2617 1150 2687 την
1163 2618 1296 2687 φυλακὴν

162 2707 231 2756 quse
239 2691 392 2742 Lsrcherus
398 2690 516 2742 reddidit
524 2708 590 2755 pour
601 2709 633 2743 aa
642 2694 703 2756 sua·
753 2690 901 2753 παρέδωκε
908 2687 1107 2751 καλσιεδὲξατο
1115 2686 1146 2741 τὸ
1157 2685 1295 2756 ὅφλημα);

161 2768 195 2816 te.
210 2776 398 2826 comparamus
409 2761 704 2826 CorneliumNepotem
752 2767 781 2812 et
793 2763 915 2812 Iustinus
929 2763 967 2825 ΙΙ,
986 2761 1023 2825 15,
1041 2762 1086 2812 19:
1108 2762 1229 2826 „quippe
1247 2757 1296 2826 μα’-

160 2830 177 2879 l.
192 2831 210 2881 l.
226 2832 265 2880 ita
279 2836 448 2881 narrantem:
463 2834 525 2894 „Ea
538 2832 570 2883 lis
584 2834 704 2897 qulnqua-
751 2836 822 2881 trem
837 2831 870 2881 ob
883 2831 984 2881 crimen
999 2829 1143 2894 peculstlls
1159 2831 1186 2879 in
1202 2846 1296 2881 curce·

157 2902 229 2965 pinta
242 2900 354 2950 talentis
364 2901 510 2952 aestimuts
522 2908 572 2958 est.
583 2906 704 2967 quantus
752 2917 808 2951 rem
834 2900 988 2950 coniectum
1014 2900 1106 2964 ibique
1136 2899 1295 2950 defunctum

159 2972 189 3019 in
205 2968 321 3020 classem
338 2976 462 3035 sumptus
491 2971 583 3022 factus
607 2976 675 3021 erat.
685 2972 703 2998 “
752 2969 897 3021 translatis
911 2971 938 3019 in
950 2986 980 3020 se
994 2969 1111 3019 vinculis
1123 2969 1158 3018 ad
1173 2968 1295 3034 sepultu—

160 3041 346 3106 erinquupr'nta
365 3040 486 3102 talenta,
508 3042 533 3090 si
552 3042 702 3091 Wurmium
753 3056 811 3090 ram
825 3039 938 3090 redemit
953 3037 1105 3104 (Cimon).“
1124 3040 1193 3089 Nam
1209 3038 1294 3090 eiure

161 3125 314 3176 sequemur,
330 3108 517 3174 sequentiae,
526 3111 574 3162 291
590 3111 704 3161 florenn.
753 3109 855 3170 Attico,
865 3110 912 3173 qui
923 3108 1048 3159 mulctam
1062 3113 1182 3173 tempore
1193 3108 1295 3159 consti·

160 3181 192 3229 21
218 3181 339 3245 crucigg.
365 3181 423 3230 sive
446 3181 561 3241 atellei
580 3180 704 3230 Francos
752 3184 815 3229 tuto
832 3177 936 3230 solvere
958 3194 1012 3228 nou
1030 3183 1125 3242 posset
1144 3189 1295 3243 nequera·

161 3248 291 3301 Gullicos.
305 3240 467 3298 ταλάντοισι
480 3251 581 3300 retinui
592 3264 651 3299 cnm
663 3266 703 3301 re·
754 3249 815 3298 dem
835 3248 929 3308 daret,
944 3247 1069 3298 custodiit
1088 3247 1174 3297 teneri
1192 3247 1293 3313 potnit,

161 3323 244 3368 centt.
260 3320 333 3382 edd,
348 3320 427 3369 cuius
444 3320 505 3369 loco
518 3335 550 3369 ex
565 3335 620 3369 uno
636 3319 705 3370 San·
751 3318 835 3383 idque
845 3319 873 3368 in
881 3317 1030 3368 Miltiadem
1038 3315 1295 3381 valuiteoquemor-

161 3389 245 3438 crofti
258 3389 328 3439 libro
344 3388 508 3440 Sehaelerus
528 3389 642 3439 dederat
658 3381 703 3438 τά·
753 3393 801 3439 tuo
815 3389 842 3437 in
857 3388 1009 3450 Cimonem,
1035 3386 1120 3439 donec
1135 3387 1237 3438 mulcta
1253 3403 1296 3438 so·

162 3458 256 3521 λαντα,
272 3459 450 3523 quodetiam,
469 3458 547 3509 utab
561 3459 622 3524 ipso
636 3459 704 3507 srri-
752 3459 813 3508 luta
834 3463 916 3508 esset.
947 3459 1046 3508 Verum
1060 3457 1144 3522 igitur
1159 3473 1219 3508 esse
1235 3462 1295 3522 pot·

162 3534 240 3593 ptore
257 3528 409 3593 profectum
428 3543 457 3577 se
474 3529 605 3593 adoptare
621 3529 704 3578 debu·
753 3533 805 3587 est,
819 3528 890 3593 quod
900 3529 1017 3578 testibus
1030 3526 1122 3579 sllatis
1132 3527 1250 3578 traditur
1262 3527 1295 3577 de

162 3600 216 3648 isse
230 3598 270 3648 ait
282 3598 431 3662 Schweigh.
446 3598 474 3647 in
492 3599 585 3648 Lexic.
599 3597 701 3649 Herod.
753 3597 877 3648 Miltiade
896 3598 924 3647 in
943 3612 1080 3648 carcerem
1101 3599 1226 3648 coniecto
1244 3598 1295 3646 ibi-

146 3666 196 3731 ,(l.
208 3683 234 3732 p.
248 3666 312 3731 308)
326 3684 346 3716 s.
364 3684 390 3717 ν.
405 3663 535 3730 ζημιοῦν,
553 3669 577 3716 si
594 3668 702 3731 quidem
754 3683 806 3733 que
819 3672 939 3728 mortuo;
960 3667 1032 3732 quod
1050 3682 1113 3717 num
1134 3684 1166 3718 ex
1184 3666 1293 3731 Ephoro

161 3736 242 3787 simili
257 3738 335 3788 modo
345 3738 409 3799 Vll,
423 3736 458 3787 att
468 3736 512 3787 fin.
527 3739 703 3788 accusativus
752 3738 862 3788 fluxerit
873 3753 908 3788 an
919 3737 1028 3788 aliunde
1037 3737 1165 3787 baustum
1173 3738 1293 3798 sit,nunc

86 3801 90 3808 ’
161 3822 265 3871 poenae
283 3806 407 3857 adiectus
421 3806 549 3857 videatur
568 3800 631 3872 (τὴν
649 3814 703 3869 upu-
752 3806 973 3859 nondecernam.
1003 3806 1159 3856 Herodotus
1174 3806 1244 3870 quod
1261 3804 1294 3855 de

161 3868 215 3940 χὴν
227 3869 404 3941 ζημιώσεαι),
419 3877 537 3942 itemque
554 3877 626 3941 spud
641 3877 702 3927 Sui·
752 3892 786 3927 sa
799 3892 829 3928 re
841 3878 908 3927 nihil
919 3892 1030 3941 prorsus
1040 3876 1135 3934 tradit,
1149 3874 1223 3925 haud
1235 3875 1293 3925 scio

160 3946 236 3996 dam:
260 3943 322 4002 πῶς
341 3938 379 4010 μὴ
395 3940 429 3994 τὰ
440 3943 554 4010 μέγιστα
571 3942 701 4008 ζημιώσαι
753 3962 788 3995 an
801 3962 833 3996 eo
848 3963 901 4012 quo
914 3946 1092 3998 Athenienses
1110 3944 1221 3994 fovebat
1236 3948 1294 3994 stu·

161 4008 229 4071 τούς
247 4005 402 4076 παρόντας.
432 4016 485 4065 Sed
502 4016 559 4066 uid.
576 4015 704 4065 Kuehncr
752 4015 798 4066 dio
811 4016 909 4066 ductus
920 4014 1092 4065 istusilsntio
1105 4027 1225 4077 premere
1238 4026 1294 4062 rna-

160 4084 258 4138 Gr.Gr.
274 4088 300 4149 ξ.
311 4085 371 4145 586,
387 4085 413 4145 d,
433 4086 478 4150 qni
491 4090 565 4136 recte
578 4085 649 4135 bunc
663 4084 703 4134 lo·
750 4085 841 4144 luerit,
856 4100 925 4149 quse
944 4083 1148 4134 Atheniensium
1165 4080 1293 4132 laudibus

160 4169 219 4205 cum
242 4156 276 4205 iis
294 4154 458 4219 adscripsit,
476 4158 503 4204 in
524 4154 701 4220 quibuscum
751 4153 824 4203 haud
854 4155 955 4203 luerint
985 4150 1142 4203 commoda:
1176 4151 1293 4213 accedit,

160 4225 255 4274 modus
267 4224 327 4287 (das
340 4223 430 4289 Μααι)
442 4225 614 4274 instrumenti
624 4223 702 4288 quasi
751 4224 823 4287 quod
840 4238 944 4273 omnem
958 4222 1091 4273 Miltiadis
1106 4220 1294 4271 calamitatem

159 4293 220 4344 loco
232 4294 380 4355 indicetur,
397 4294 508 4347 dativus
521 4295 641 4358 ponitur,
656 4292 703 4358 qui
752 4294 853 4343 Noster
864 4292 950 4355 repeti
963 4291 1022 4341 vult
1037 4307 1054 4341 a
1066 4290 1191 4355 neglecta
1204 4306 1292 4341 rerum

159 4363 210 4414 hoc
226 4364 309 4414 etiam
326 4363 387 4415 loco
404 4364 562 4416 retinendus
575 4367 627 4414 est.
660 4361 700 4411 Ad
751 4362 906 4413 divinarum
929 4376 995 4413 cure
1014 4359 1081 4426 (vid.
1098 4366 1169 4412 nott.
1189 4360 1223 4411 ad
1244 4361 1292 4424 VI,
