3100 5175
461 434 734 498 POLYMNIA.
756 432 830 496 VII.
853 446 897 497 88.
919 442 962 498 89.
1212 427 1275 488 573

142 612 298 688 Φοίνιιιες
312 605 349 678 τὸ
363 606 506 678 παλαιὸν
519 621 649 695 οίκεον,
672 605 716 689 ὦς
729 607 826 678 αὐτοὶ
840 609 992 695 λέγουσι,
1008 607 1062 676 ἐπὶ
1076 610 1116 697 τη
1129 603 1276 697 Ἐρυθρῇ

142 712 315 800 θαλάσση,
339 715 502 782 ἐνθεῦτεν
528 713 565 782 dt
592 709 800 802 ὑπερβάντες
828 719 885 800 της
906 718 1035 799 Συρίης
1060 714 1205 778 οἰκέουσι
1234 707 1275 778 τὰ

143 813 233 900 παρὰ
246 817 434 883 θάλασσαν.
469 822 525 904 τῆς
548 816 584 885 dd
599 825 728 904 Συρίης
747 822 846 885 τοῦτο
866 813 903 882 τὸ
924 822 1047 901 χωρίον
1059 814 1115 881 καὶ
1128 810 1164 880 τὸ
1178 815 1274 901 μέχρι

144 918 320 1005 Αἰγύπτου
336 924 404 987 πᾶν
420 927 627 1008 Παλαιστίνη
643 925 804 989 καλέεται.
850 917 1028 1005 Αἰγύπτιοι
1044 917 1079 984 δὲ
1095 919 1172 995 νέας
1187 943 1271 1004 ναρ-

143 1028 273 1108 είχοντο
294 1028 475 1109 διηκοσίας.
519 1013 611 1091 οὗτοι
640 1024 677 1092 δὲ
701 1022 791 1112 εἶχον
816 1022 893 1110 περὶ
920 1020 983 1108 μὶν
1008 1025 1082 1108 τῇσι
1109 1025 1272 1108 κεφαλῄσι

143 1219 205 1278 λ’τνς
218 1220 343 1287 designat
357 1221 438 1287 clipei
454 1223 586 1274 ambitum
608 1239 630 1275 s.
645 1220 684 1272 la·
734 1222 820 1273 inisse
829 1218 1010 1283 declararem,
1024 1219 1050 1270 in
1060 1234 1114 1285 qne
1125 1219 1272 1270 etiamnum

141 1293 192 1342 bra
206 1290 308 1354 ferree,
323 1307 383 1340 cnm
396 1294 455 1356 ipse
466 1292 570 1359 clipeus
583 1310 616 1343 ex
628 1291 684 1342 slis
734 1295 881 1357 persistere
893 1291 996 1355 piscet3
1023 1291 1117 1354 itaque
1131 1291 1213 1340 verba
1226 1279 1272 1338 tut

45 1390 51 1399 ·
142 1367 217 1410 esset
230 1366 342 1426 paratus
354 1363 482 1411 materie:
502 1363 558 1413 rid.
570 1363 682 1413 Hesiod.
732 1364 768 1427 τῇ
778 1356 907 1427 Ἐρυθρῇ
919 1354 1048 1424 θαλάσση
1061 1359 1094 1409 de
1106 1363 1162 1410 sinu
1178 1376 1199 1408 s.
1210 1362 1275 1410 mori

141 1432 218 1480 Scut.
232 1431 282 1481 314
302 1429 426 1496 aliosque
444 1433 584 1496 poetarum
608 1431 683 1483 locos
734 1432 914 1483 Persicosunt
926 1428 1117 1494 intelligenda,
1136 1430 1271 1479 vidnott.

141 1499 243 1551 allatos
261 1502 288 1549 in
301 1499 383 1551 Thes.
393 1502 471 1565 Ling.
485 1502 580 1554 Graec.
594 1502 643 1552 lv.
655 1518 682 1566 p.
734 1502 769 1551 ad
787 1501 814 1563 1,
832 1502 893 1554 202,
932 1500 964 1548 In
983 1515 1059 1564 seqq.
1071 1515 1120 1564 pro
1140 1491 1174 1546 τὰ
1195 1491 1272 1560 παρὰ

142 1572 194 1619 729
215 1571 257 1619 ed.
276 1569 404 1620 Diodori.
444 1570 523 1635 Apud
540 1570 682 1636 Polybium
732 1564 883 1619 θάλασσαν
895 1569 1022 1619 Enstath.
1041 1569 1077 1618 ad
1093 1568 1207 1632 Dionys.
1222 1569 1272 1618 Pe·

141 1640 683 1704 VI,2l,quemcitatit'esseling.,boc
733 1642 800 1703 rieg.
819 1640 870 1690 904
889 1638 1000 1688 τιταίνει
1017 1630 1051 1686 τὰ
1070 1630 1273 1699 περλθαίλασ-
1362 1660 1366 1667 ·

139 1714 257 1759 vocatur
269 1706 408 1771 σιδηροῦι
421 1701 547 1773 σιάλωμα
556 1709 618 1760 coll.
629 1711 684 1759 He·
734 1723 802 1770 σαν;
823 1708 857 1757 ad
870 1708 938 1756 baec
950 1706 1041 1757 airtem
1055 1708 1140 1757 verba
1152 1700 1187 1754 τὰ
1195 1701 1272 1768 παρὰ

140 1777 219 1843 syeb.
233 1794 256 1828 s.
268 1793 296 1831 τ.
313 1774 403 1841 Πέλτη
418 1781 449 1828 Τ,
463 1779 500 1832 11.
517 1795 544 1844 p.
559 1779 619 1841 999,
636 1780 681 1829 uhi
732 1773 881 1827 deiicerer
895 1777 982 1827 refero
995 1777 1144 1842 genitivum
1158 1774 1208 1839 τῆς
1218 1776 1272 1825 Συ·

140 1854 198 1898 est:
219 1842 319 1911 ιτὲλτη·
335 1839 421 1904 α’σττλς
433 1844 497 1896 ἴτυν
508 1839 560 1896 οὐκ
570 1842 682 1912 ἔχοντα.

139 1920 181 1968 Ac
193 1917 303 1981 proprie
314 1917 422 1981 quidem
434 1914 495 1975 ίιυς
506 1919 628 1982 quemvis
642 1933 685 1969 or·

139 1988 202 2037 bem
218 2001 240 2037 s.
254 1985 439 2049 περιφέρειαν
457 1988 577 2049 indicet,
597 1994 629 2037 ut
641 2003 683 2037 ro·

139 2063 188 2106 tae
200 2055 274 2120 apud
288 2057 396 2107 Homer.
410 2056 452 2106 Iti.
470 2058 524 2119 IV,
538 2058 590 2106 486
607 2056 680 2121 (coil.

140 2129 180 2188 V,
193 2125 271 2189 724),
291 2125 337 2175 ubi
351 2125 457 2179 consui.
471 2131 577 2177 veteres
595 2142 683 2192 gram-

140 2196 273 2257 maticos,
291 2195 373 2259 clipei
383 2197 455 2259 apud
466 2196 587 2261 Euripid.
598 2195 683 2246 Phoe·

139 2267 209 2315 niss.
221 2264 295 2315 1303.
310 2265 434 2330 Xenopb.
446 2266 532 2316 duab.
542 2266 622 2330 1V,7,
634 2267 683 2316 12:

139 2350 195 2401 qno
208 2333 299 2384 codem
313 2349 395 2384 sensu
406 2336 487 2384 etiam
502 2335 574 2401 opud
586 2336 684 2386 Home·

139 2420 201 2455 rom
215 2403 315 2454 dicitnr
324 2395 410 2463 ἄντυξ
420 2403 463 2453 lii.
475 2404 522 2466 vl,
537 2405 591 2456 118.
614 2405 683 2455 Con·

139 2474 216 2524 feres
241 2488 347 2538 quoqne
366 2473 480 2537 Rumpi:
510 2474 637 2539 Bcitrtge
658 2491 682 2525 a.

733 1847 813 1911 ρίης,
833 1863 912 1912 quem
925 1846 1049 1896 nonnulli
1061 1846 1132 1896 haud
1148 1855 1221 1897 recte
1237 1846 1271 1896 ad

731 1917 896 1968 antecedens
923 1906 1096 1981 ὑπερβάντες
1121 1922 1271 1979 traxerunt,

733 2004 750 2037 a
763 2003 816 2052 quo
834 2001 884 2035 nos
897 1994 1031 2037 commate
1049 1987 1212 2051 interposito
1230 2003 1272 2037 se·

732 2058 898 2123 paravimus.
921 2056 1045 2120 Namque
1056 2054 1213 2117 Phoenices,
1226 2057 1272 2121 qui

732 2127 768 2176 ad
788 2140 861 2175 mare
883 2124 993 2175 rubrum
1015 2124 1078 2174 oiim
1100 2124 1271 2189 habitabant,

731 2198 791 2246 inde
803 2195 834 2261 (i.
847 2212 870 2245 e.
883 2209 915 2245 ex
928 2194 969 2244 his
982 2193 1105 2260 sedibus)
1117 2198 1274 2260 erumperet

732 2264 825 2330 (super
844 2279 936 2314 omnes
954 2271 1058 2327 terras,
1085 2279 1153 2329 quoe
1171 2265 1233 2315 inde
1254 2280 1271 2314 a

731 2336 813 2384 rubro
833 2335 901 2384 mari
924 2334 942 2384 i.
960 2351 984 2384 e.
1003 2334 1114 2384 Persico
1133 2350 1217 2400 nsque
1236 2334 1271 2384 nd

733 2420 807 2454 mare
831 2404 1054 2455 mediterraneum
1076 2404 1270 2467 extenduntur)

731 2474 884 2524 obtinuisse
900 2473 1027 2523 dicuntur
1042 2488 1088 2523 eos
1103 2474 1200 2539 Syrise
1216 2482 1271 2524 trs·

139 2543 244 2595 homer.
258 2542 405 2594 Worterkl.
420 2558 478 2608 pag.
497 2543 527 2594 15
540 2559 615 2610 seqq.
731 2550 808 2606 ctus,
823 2543 870 2609 qui
882 2545 948 2594 mari
961 2542 1182 2609 (mediterraneo)
1195 2545 1272 2595 adia·

177 2601 258 2662 οὖτοι
275 2604 306 2662 dt
323 2606 354 2661 οί
365 2610 496 2670 Φοίνικες
510 2604 540 2661 τὸ
559 2606 682 2662 παλαιὸν
733 2620 809 2670 eent.
831 2616 848 2666 i.
870 2631 893 2664 e.
912 2614 1005 2679 ὅροισι
1026 2631 1113 2666 oram:
1138 2616 1270 2679 adquam

139 2680 240 2733 oistov
254 2697 280 2732 κ.
295 2697 318 2735 τ,
334 2680 370 2747 λ.]
384 2682 444 2732 Vid.
457 2687 553 2732 noteta
567 2683 602 2733 ad
617 2682 640 2745 1,
654 2684 681 2733 1:
732 2683 845 2734 eundem
859 2688 988 2747 spectant
1004 2684 1104 2744 verbe,
1123 2698 1193 2747 quae
1207 2700 1271 2735 con-

140 2753 241 2818 quibus
262 2767 332 2802 nune
351 2750 451 2801 sddere
474 2751 551 2802 lubet
574 2759 684 2802 contra·
733 2755 809 2804 tinuo
834 2759 1001 2817 sequnntur:
1032 2750 1083 2814 τῆς
1106 2748 1138 2803 db
1162 2752 1271 2816 Συρίης

140 2825 211 2873 riam
224 2822 388 2871 sententiam
404 2822 447 2870 Pr.
464 2822 498 2871 H.
512 2821 637 2871 Muelleri
655 2823 681 2869 in
732 2820 816 2871 τοῦτο
837 2815 869 2870 τὸ
888 2820 994 2885 χωρίον
1010 2817 1059 2869 καλ
1076 2812 1108 2870 τὸ
1130 2822 1207 2886 μέχρι
1224 2816 1270 2870 Αί-

138 2893 304 2942 Commentt.
324 2892 365 2940 De
384 2890 464 2940 rebus
480 2891 584 2940 Semitt.
606 2907 632 2954 ρ.
648 2892 682 2941 20
731 2887 841 2955 νύττον
859 2889 917 2937 πᾶν
933 2887 1109 2953 Παλαιστίνη
1134 2886 1269 2954 καλέεται,

140 2960 245 3026 (Rerot.
270 2960 363 3023 18:31),
388 2960 434 3024 qui
457 2961 581 3024 regiones
607 2961 682 3010 iuxta
733 2964 751 3010 i.
766 2977 789 3012 e.
804 2961 897 3025 Syriae
912 2973 976 3009 vero
994 2959 1270 3024 (queescit.longius

138 3030 276 3082 Libanum
288 3036 371 3094 atque
381 3029 522 3079 Iordanem
534 3030 682 3094 praecipua
732 3030 889 3081 extenditur
908 3043 1085 3094 magnumque
1105 3034 1193 3081 terrae
1210 3045 1271 3094 spn-

138 3098 681 3160 Pboenicnmhabitnculatuissecenset,
733 3102 799 3149 tium
819 3097 952 3162 continet)
976 3113 1006 3147 ea
1031 3101 1101 3163 repro
1126 3101 1185 3151 sive
1207 3117 1271 3164 porr

139 3185 255 3234 qnorum
269 3183 333 3233 pers
346 3183 367 3217 s.
379 3167 486 3217 colonia
500 3167 563 3218 iude
574 3167 609 3217 ad
620 3169 683 3217 Per·
731 3171 814 3235 (qnae
826 3167 896 3217 mari
908 3167 1044 3231 adiacet),
1054 3178 1130 3232 atque
1140 3172 1217 3218 omnis
1230 3172 1271 3219 itte

138 3243 228 3290 sicnrn
244 3237 315 3303 quod
330 3237 431 3287 dicitur
443 3253 532 3298 mure,
550 3242 683 3288 mercatu·
731 3246 827 3289 tractus
837 3236 1021 3302 (maritimus),
1031 3240 1077 3301 qui
1087 3254 1163 3304 resque
1175 3240 1212 3288 ud
1218 3240 1270 3288 Αε-

138 3325 188 3359 rse
208 3323 269 3358 cum
282 3306 356 3357 Indis
370 3307 433 3356 binc
452 3306 562 3359 facilius
577 3323 610 3357 ue
622 3307 681 3357 bre·
729 3317 831 3374 pppturs
841 3308 933 3368 tendit,
946 3307 1095 3357 Palaestina
1104 3318 1220 3358 occatur.-
1233 3309 1269 3359 cf.

136 3379 218 3429 viere
231 3377 327 3427 itincre
340 3377 527 3427 instituendae
541 3392 637 3439 cause,
653 3392 682 3426 se
733 3379 857 3428 Movere:
880 3376 933 3425 Die
954 3375 1080 3426 Phoenis.
1100 3378 1142 3439 11,
1166 3380 1189 3429 Ι.
1208 3395 1270 3442 pag.

137 3448 285 3511 receperit.
329 3445 428 3497 Contra
451 3441 681 3510 Hengstenberg.‚
733 3445 852 3504 38-e03
870 3445 950 3496 stiter
966 3445 1138 3497 hunclocum
1154 3448 1271 3512 intelligi

138 3532 212 3581 qnae
230 3515 384 3586 Herpdotus
407 3516 439 3566 de
457 3515 622 3566 Phoenicum
640 3532 682 3566 se·
733 3517 792 3569 vult
806 3514 903 3566 stari:
929 3515 1005 3565 Gaza
1026 3521 1077 3567 etc.
1097 3532 1160 3582 pag.
1179 3519 1221 3570 37.
1237 3517 1271 3567 88

137 3587 221 3636 dibus
246 3585 391 3650 primitivis
418 3584 453 3635 ad
479 3600 552 3635 mere
573 3586 682 3635 rnbrum
733 3585 854 3637 celibi).
881 3584 923 3634 Ad
938 3600 1030 3635 vocem
1045 3577 1219 3652 ὑπερβάντες
1234 3588 1270 3636 ei.

138 3663 266 3714 enarret,
291 3653 362 3704 false
375 3657 518 3706 Persarum
535 3656 682 3705 traditione
733 3658 781 3718 VI,
797 3655 856 3706 108.
873 3654 912 3714 11,
929 3654 969 3705 13.
990 3656 1029 3706 14.

139 3725 387 3784 uiticontendens,
404 3724 569 3784 Phoenices,
590 3723 682 3789 pronti
780 3716 927 3788 Αίγύπτοι
952 3717 983 3773 δὲ
1010 3718 1074 3780 νέας
1101 3720 1272 3786 παρείχοντο

138 3810 221 3845 sacra
235 3796 370 3858 scriptura
382 3795 493 3855 edocet,
510 3796 604 3845 statim
621 3803 683 3859 post
733 3790 893 3859 διηκοσίας]
914 3794 972 3842 lom
987 3808 1070 3856 supra
1086 3790 1133 3854 (ed
1148 3793 1210 3850 Vll,
1226 3791 1271 3854 99)

138 3866 251 3938 generis
269 3863 381 3914 humani
407 3863 603 3927 dispersionem
626 3878 681 3924 eus,
732 3863 880 3922 adnotavi,
899 3864 994 3912 mirum
1012 3862 1114 3924 videri,
1134 3862 1205 3925 quod
1223 3865 1273 3911 Ae-

138 3949 211 3999 quas
231 3939 327 3998 posteo
341 3934 478 3983 tenuerint
494 3935 636 3998 regiones,
655 3933 683 3981 in
733 3934 822 4000 gyptii
839 3934 910 3980 iuter
928 3930 1040 3980 navales
1060 3931 1154 3995 copies
1167 3936 1273 3981 tantum

138 4007 203 4069 ipsa
215 4003 364 4053 Phoenicia
380 4003 414 4052 ad
431 4004 514 4053 maris
528 4004 684 4053 mediterra·
734 4005 926 4053 memorantur.
946 4002 1007 4062 Qus
1016 4001 1044 4050 iu
1056 4016 1085 4051 re
1096 4000 1177 4050 aliter
1188 4001 1275 4049 trcrlit

140 4073 188 4124 nei
215 4089 290 4122 orem
315 4072 463 4123 incoluisse
486 4074 598 4122 statuit:
629 4072 683 4120 vid.
734 4069 894 4135 Aeschylus,
907 4071 953 4134 qui
965 4071 1275 4135 commemorsnshegy·

141 4144 307 4197 Commentt.
326 4143 360 4192 de
378 4142 462 4193 Rebb.
479 4143 558 4206 Pyrr.
578 4157 638 4206 pag.
650 4138 684 4189 93
736 4140 1275 4207 ptiorumcopiss,qnsshrssmes,hienr—

141 4227 220 4278 seqq.
246 4212 378 4278 Equidem
388 4212 441 4261 iem
453 4210 686 4276 supreprofessus
737 4208 812 4275 pbidi
840 4207 1010 4272 praefectus,
1037 4213 1064 4258 et
1089 4208 1274 4273 Aricinurdrrs,

142 4298 203 4334 sum
225 4297 285 4348 esm
305 4284 484 4337 sententiam,
506 4295 558 4345 quo
572 4279 688 4329 Phoeni·
737 4279 890 4328 Thebarum
903 4281 1070 4342 procurator,
1084 4285 1180 4327 contre
1193 4279 1276 4328 Grae-

144 4367 191 4402 ces
211 4352 274 4401 otim
296 4352 330 4401 ed
357 4367 432 4401 mare
450 4350 587 4400 Persicum
608 4347 686 4398 habi·
739 4365 785 4397 cos
811 4346 952 4406 duxerint,
977 4348 1117 4408 subiungit
1136 4363 1205 4397 vers.
1224 4351 1274 4399 4⁰:

144 4431 221 4473 tasse
241 4421 356 4485 indeque
377 4419 412 4471 ad
429 4421 525 4484 Syrico
543 4434 617 4469 orem
639 4417 688 4466 mi·
738 4413 786 4467 καλ
806 4406 960 4481 ἑλειοβάται
979 4416 1058 4465 ναῶν
1078 4410 1168 4480 ἐρέται
1185 4415 1276 4468 δεινοί

146 4506 243 4560 grasse
255 4491 432 4558 antiquitatis
445 4494 518 4541 certe
533 4489 688 4555 opinionem
737 4479 853 4554 πλῆθός
870 4481 899 4536 τ’
917 4479 1089 4554 ἀνάριθμον
1117 4487 1189 4541 unde
1207 4488 1277 4541 inie-
