3100 5175
294 370 558 437 excussus
585 371 716 434 vrso
739 369 993 435 unuouou.
1018 370 1077 448 vr,
1102 378 1159 433 ιιι.
1231 365 1288 431 ιιι

531 841 851 919 EXOURSUS
879 843 935 918 VI

374 1010 1083 1095 suuuuooou.v1,1oa

552 1173 594 1232 De
608 1189 706 1246 campo
723 1172 908 1230 Marathonio.

652 1356 813 1368 Μ

182 1514 185 1519 -
250 1478 385 1532 Herodoti
400 1479 484 1532 verbu
500 1479 566 1533 haee
585 1484 666 1532 sunt:
690 1477 738 1534 sui
760 1468 796 1551 ἦν
808 1473 861 1550 γὰρ
882 1472 1066 1549 ὁΜαραθῶν
1080 1473 1296 1549 ἐπιτηδεότατος

164 1565 265 1634 χωρίον
279 1566 329 1634 τῆς
340 1557 459 1636 Ἀιιιιιῆς
473 1560 636 1620 ἐνιππεῦσαι
648 1564 696 1620 καὶ
712 1559 855 1638 ἀγχοτάτω
876 1567 925 1635 τῆς
936 1558 1085 1636 Ἐρετρίης·
1108 1559 1135 1628 ἔς
1148 1559 1232 1621 τοῦτο’
1245 1584 1295 1632 σφι

164 1646 312 1719 κατηγέετο
327 1643 435 1720 Ἱππίης
454 1643 470 1705 ὁ
487 1645 699 1720 Πεισιστράτουι
721 1669 793 1722 quse
820 1651 1100 1719 Schweighaeuserus
1127 1651 1168 1709 sic
1196 1651 1295 1704 Latius

165 1735 297 1788 reddidit:
312 1756 440 1805 „cumque
454 1737 601 1791 Marathon
613 1747 677 1792 esset
687 1739 766 1792 totius
779 1740 882 1792 Atticae
900 1739 1012 1791 maxime
1025 1746 1190 1808 opportunus
1206 1736 1297 1804 equiti·

164 1824 212 1875 hus
226 1824 298 1874 locus
312 1832 338 1876 et
358 1823 494 1893 proximus
514 1825 546 1876 oh
564 1824 686 1890 Eretria,
708 1826 735 1878 iu
756 1825 827 1878 hunc
850 1842 971 1894 campum
984 1826 1042 1876 iilos
1055 1823 1164 1877 deduxit
1177 1823 1297 1893 Hippias,

167 1907 295 1961 Pisistrati
299 1909 404 1976 filius.“

251 1992 292 2043 De
306 1991 480 2045 Marathonio
495 2010 587 2062 campo
605 2010 628 2045 s.
644 1993 766 2062 planitie,
782 2011 852 2064 quoe
869 1994 911 2046 his
926 1993 1060 2046 Herodoti
1085 1991 1179 2044 verbis
1193 1991 1296 2044 indica·

166 2087 227 2143 tur,
243 2077 397 2130 recentiore
412 2084 502 2130 aetate
518 2077 612 2147 plures
626 2078 834 2148 inquisiverunt
848 2079 901 2131 viri
915 2078 1004 2147 docti,
1026 2078 1074 2147 qui
1097 2078 1186 2146 ipsum
1210 2076 1297 2130 locum

165 2162 332 2229 inviserant,
348 2162 419 2229 Gall,
435 2162 556 2231 Tamen,
571 2162 671 2234 Squire
696 2164 765 2231 (vid.
782 2165 818 2215 G.
835 2164 868 2216 de
883 2163 1094 2215 Vsudoncourtt
1115 2162 1297 2230 Schilderung

166 2248 193 2301 d.
217 2248 292 2300 heut.
315 2247 543 2301 Griechenlands.
565 2248 680 2316 Leipzig
707 2251 784 2301 1821.
799 2266 861 2318 pag.
878 2253 929 2301 224
943 2250 1047 2318 seqq),
1064 2247 1188 2301 Dodwell
1203 2247 1296 2319 (Clas-

165 2333 257 2387 sische
273 2332 356 2386 Reise
370 2332 456 2385 durch
474 2332 675 2385 Griechenland
691 2334 734 2400 ll,
752 2337 776 2387 1.
793 2351 852 2404 cap.
869 2338 912 2388 20.
928 2350 991 2402 pag.
1008 2338 1059 2386 258
1079 2351 1157 2403 seqq.
1176 2333 1218 2387 ed.
1236 2351 1297 2385 cer·

166 2418 259 2485 nac),
281 2418 342 2471 alii:
369 2418 500 2487 aquibus
516 2435 587 2488 quae
606 2418 634 2469 in
656 2418 741 2472 lucem
756 2419 863 2488 prolata
885 2426 960 2482 sunt,
977 2416 1103 2473 adhibuit
1124 2426 1151 2470 et
1171 2424 1298 2471 accurate

167 2521 269 2556 omnem
284 2503 421 2571 regionem
437 2503 585 2571 descripsit
598 2503 706 2556 llruse:
722 2503 817 2557 Hellas
832 2505 874 2571 11,
893 2507 916 2556 l.
931 2521 995 2574 pag.
1011 2507 1061 2557 264
1085 2522 1163 2574 seqq.
1179 2504 1297 2556 addidit·

166 2606 221 2660 que
241 2590 320 2642 etiam
343 2589 466 2657 regionis
488 2590 574 2642 totius
600 2589 808 2643 delineationem
833 2592 862 2644 in
883 2591 977 2643 tabula
999 2591 1047 2643 JV.
1066 2590 1137 2659 (vid.
1159 2590 1236 2642 Atlas
1262 2606 1296 2641 zu

166 2674 420 2745 Kruso'sHelles);
446 2674 551 2745 qualern
566 2692 677 2746 qnoque
702 2676 840 2742 exhibuit,
865 2675 962 2746 quiet
986 2676 1046 2745 ipse
1069 2675 1138 2728 hauc
1161 2674 1298 2742 regionem

165 2760 277 2825 inrisit,
294 2758 409 2813 Clarke:
424 2759 541 2812 Travels
559 2761 596 2826 ll,
608 2763 635 2814 3.
652 2778 711 2830 cap.
735 2761 757 2813 Ι.
782 2778 845 2830 pag.
869 2763 900 2812 12
915 2779 993 2829 seqq.
1020 2760 1134 2813 adiectis
1157 2766 1299 2829 praeterea

167 2845 274 2898 duabus
300 2845 384 2913 campi
410 2844 575 2896 Marathonii
603 2845 769 2912 imaginibus
799 2846 856 2897 ueri
883 2846 994 2912 incisis3
1026 2845 1110 2914 lapidi
1138 2844 1299 2913 insculptam

165 2929 309 2998 imaginem
323 2928 399 2981 dedit
413 2929 497 2981 Liber
512 2930 585 2981 Baro
601 2929 635 2981 de
650 2930 830 2997 Staclselberg
848 2930 874 2982 in
891 2929 999 2999 Opere:
1020 2930 1060 2983 La
1078 2930 1177 2981 Grece.
1223 2930 1299 2982 Vues

166 3015 355 3085 pittoresques
373 3019 426 3065 etc.
442 3012 536 3084 (Paris
553 3015 617 3068 1831
631 3015 705 3084 seq.)
719 3015 797 3073 Lirr.
810 3015 1002 3082 xx11.;aliam
1017 3014 1158 3082 imaginem
1173 3014 1300 3067 iuvenies

165 3100 195 3152 in
213 3099 246 3152 C.
266 3097 420 3152 Frommelii
447 3116 540 3168 opere,
557 3100 602 3151 cui
619 3099 733 3152 titulus:
755 3100 883 3168 Dreissig
904 3100 1054 3153 hrosichteu
1078 3116 1130 3151 von
1147 3100 1299 3152 Griechen·

166 3184 231 3237 laud
257 3184 288 3236 ff.
333 3183 549 3236 Delineationeru
579 3185 703 3252 regionis
730 3184 921 3238 Marathoniae
945 3185 1021 3237 dedit
1047 3201 1157 3255 quoque
1179 3184 1242 3236 Gail
1269 3184 1297 3244 iu

168 3287 265 3339 opere:
291 3268 369 3321 Atlas
390 3277 540 3322 contenent
562 3269 604 3323 les
624 3277 714 3323 cartes
740 3270 845 3323 relatifs
866 3272 882 3321 is
902 3269 929 3321 la
949 3270 1116 3339 geographie
1136 3268 1299 3334 d'Herodot,

167 3353 332 3422 Thucydide
346 3359 397 3407 etc.
412 3352 499 3412 tahal.
526 3358 569 3409 23.
615 3355 729 3408 Exstitit
757 3364 854 3424 postea
879 3355 987 3420 Leuke,
1013 3355 1061 3425 qui
1084 3354 1112 3406 in
1139 3361 1300 3407 commenta·

165 3440 242 3492 tione
264 3438 298 3491 de
314 3438 399 3491 demis
414 3438 512 3491 Atticis
527 3443 596 3510 (,‚nn
618 3440 665 3492 the
683 3441 751 3494 demi
777 3442 808 3493 ol
820 3438 961 3508 Attica“),
980 3456 1050 3511 quae
1064 3439 1178 3509 primum
1199 3439 1301 3508 prodiit

166 3523 287 3578 Londini
307 3524 405 3594 (1829)
425 3523 455 3575 in
477 3542 573 3594 opere:
599 3525 801 3578 Transactions
826 3526 857 3577 ol
879 3526 925 3577 the
948 3525 1026 3593 royol
1042 3524 1147 3592 society
1164 3525 1195 3577 of
1207 3525 1300 3577 litere-

167 3609 282 3662 tureos
301 3609 348 3662 the
373 3608 470 3661 unidet
489 3609 627 3678 Kingdom
641 3610 742 3664 v01.1.
759 3609 792 3662 P.
810 3609 849 3663 ll.
875 3627 939 3679 pag.
967 3613 1015 3664 114
1043 3627 1120 3679 seq„
1147 3610 1246 3663 deinde
1271 3608 1300 3662 in

167 3701 293 3747 nostrum
318 3711 471 3748 sermonem
493 3711 629 3748 conversa
643 3695 795 3764 Brunsrig.
813 3699 881 3750 1840
897 3696 984 3766 („Die
1002 3695 1104 3748 Demen
1125 3712 1179 3747 rou
1196 3694 1299 3746 Attila.

167 3779 228 3832 Von
249 3780 293 3831 W.
315 3778 355 3831 Μ.
380 3779 482 3833 Leuke.
532 3778 589 3833 dus
612 3781 672 3834 deni
691 3780 860 3849 Englisclreu
886 3780 1026 3834 ubersetzt
1046 3797 1099 3832 rou
1121 3779 1154 3831 Α.
1176 3779 1300 3833 Wester·

165 3863 303 3931 manu.“)‚
317 3864 522 3918 accuratissime
535 3864 568 3918 da
581 3866 630 3918 hac
640 3865 755 3934 regione
769 3867 804 3919 ab
815 3866 877 3935 ipso
893 3865 1061 3936 perlustrata
1072 3863 1168 3917 retulit
1185 3865 1302 3934 eiusque

167 3949 377 4003 delineationem
395 3950 429 4001 ab
445 3950 506 4021 ipso
521 3951 619 4004 facum
635 3950 751 4017 adiecit3
780 3951 833 4004 vid.
850 3951 1019 4020 potissimum
1044 3967 1106 4020 pag.
1123 3952 1157 4003 65
1174 3966 1252 4020 seqq.
1267 3953 1302 4001 75

168 4051 246 4103 seqq.
263 4034 306 4087 ed.
328 4051 440 4088 vernae.
490 4034 530 4088 Ac
550 4036 640 4090 denuo
662 4036 689 4088 in
712 4035 779 4089 haec
798 4037 858 4089 loca
879 4036 1087 4106 inquisiverunt
1107 4035 1140 4087 1.
1160 4033 1234 4086 Rosa
1258 4033 1301 4086 in:

97 4121 103 4130 '
167 4118 252 4172 Bliitt.
275 4121 295 4172 f.
319 4119 424 4173 literar.
440 4119 645 4189 Uuterhaltung
667 4122 744 4176 1833.
764 4139 808 4174 nr.
831 4123 977 4175 104-106.
999 4137 1062 4189 pug.
1085 4123 1134 4178 427
1151 4137 1230 4188 seqq.
1251 4121 1303 4173 435

168 4222 258 4273 seqq„
273 4204 413 4258 Prolesch
428 4222 456 4257 v.
473 4204 579 4259 Oeten:
604 4206 886 4274 Denhwsirdigleiten
903 4223 930 4258 u.
946 4205 1160 4272 Eriunerungen
1178 4205 1302 4256 eusdem

169 4288 270 4342 Orieut
290 4289 382 4361 (L'ips.
401 4290 493 4364 1836.)
514 4290 552 4343 ll.
574 4311 600 4362 p.
621 4294 672 4346 423
688 4309 778 4361 seqq„
794 4293 830 4343 G.
846 4290 946 4358 Finlay
961 4292 1007 4343 in:
1031 4291 1190 4342 Transactt.
1209 4290 1240 4340 ol
1258 4289 1303 4342 the

169 4373 247 4441 royel
269 4375 376 4442 society
398 4377 428 4428 ol
445 4375 547 4429 literat.
565 4377 668 4447 (hond.
690 4379 781 4445 1833.)
802 4376 863 4430 Vol.
889 4376 1044 4429 111.P.11.
1066 4392 1129 4445 pag.
1146 4376 1197 4429 363
1213 4392 1303 4445 seqq,

168 4459 249 4512 cuius
276 4461 528 4514 commentationem
549 4462 578 4515 iu
603 4469 727 4516 nostrum
751 4480 902 4517 sermonem
931 4461 1090 4515 translatam
1119 4459 1305 4513 exhibuerunt
