3100 5175
264 386 326 448 552

701 384 969 448 Hunouout

265 590 324 644 τας
337 560 479 642 Σκύθας
496 557 714 650 Ἀμυργίους,
739 561 853 642 Σάκας
867 562 1020 631 ἐκάλεον·
1049 566 1082 629 ol
1094 556 1159 647 γὰρ
1174 560 1303 643 Πέρσαι
1319 554 1406 624 πάν-

267 696 324 747 τας
344 664 422 747 τοὺς
437 665 579 746 Σκύθας
599 667 755 734 καλέουσι
769 666 893 745 Σάκας.
936 672 1111 750 Βακτρίων
1131 663 1167 732 dl
1191 665 1245 731 uei
1263 663 1412 751 Σακέων

222 764 290 838 65
272 799 351 860 ηοχε
365 767 564 858 Ῥσταξσπης,
586 766 603 837 ὁ
619 779 768 858 Δαρείου
783 798 818 838 τε
833 772 887 838 ael
907 767 1060 856 Ἀτόσσης
1072 774 1129 857 τῆς
1143 766 1273 852 Κύρου.
1306 762 1410 832 Ἰνδοὶ

271 877 363 945 di“
331 903 448 963 ειματα
471 874 533 962 μὲν
553 871 812 952 ἐνδεδυκότες’
795 872 860 942 απὸ
882 874 992 956 ξύλων
1013 872 1240 959 πεποιημένα,
1267 868 1347 951 τόξα
1369 867 1410 936 di

268 979 434 1068 καλαμινα
458 977 547 1066 εἶχον
566 975 656 1047 ιια1’
642 977 773 1058 οΙστούς
793 985 1014 1067 καλαμίνους
1050 977 1103 1044 ἐπὶ
1131 975 1166 1043 dt
1189 979 1332 1060 σίδηρον
1352 962 1411 1060 ἦν.

303 1175 477 1244 Ἀμυργίους]
496 1179 540 1229 lta
552 1176 726 1229 Florentinus
738 1178 812 1229 exhi-

270 1250 317 1300 bet
336 1251 405 1300 liber
425 1248 649 1330 atqueStepbau.
666 1250 731 1312 Byr
748 1265 770 1301 s.
785 1265 812 1299 v

270 1336 333 1385 pag
353 1322 416 1377 122,
440 1319 486 1383 qui
508 1319 576 1368 haec
597 1318 691 1366 babet:
718 1311 811 1381 Ἀμύρ-

271 1404 350 1464 γιον,
381 1386 481 1437 πεδίον
505 1384 621 1437 Σακῶν·
649 1383 813 1443 ΕΙΙτΙνικος

272 1450 413 1514 Σκύθαις
434 1472 465 1505 το
456 1447 614 1505 ἕθνικὸν’
610 1451 760 1519 Ααύργιος,
775 1448 813 1513 ὠς

271 1521 356 1584 αὐτός
367 1540 465 1591 φησιν.
489 1528 520 1577 In
532 1527 655 1576 blediceo
667 1527 735 1575 libro
746 1526 815 1575 alio

272 1613 324 1664 que
338 1604 381 1648 est
395 1592 465 1659 Alpe
469 1594 580 1675 ργιους,
595 1597 623 1645 iu
633 1597 770 1647 Sancrot'ti
783 1595 814 1645 li·

271 1670 320 1719 bro
330 1684 363 1718 ac
373 1667 454 1716 Viod.
467 1658 656 1729 Ευμυργιόυς
679 1666 744 1716 Cum
757 1666 813 1731 qui·

272 1739 323 1788 bus
340 1736 493 1787 Getterer
486 1752 514 1784 ιο
535 1735 697 1785 Conrmentt.
717 1738 814 1786 societ.

274 1808 349 1859 Gott.
369 1807 401 1856 Τ.
417 1805 489 1854 XIV.
508 1820 572 1869 pag.
591 1806 669 1854 12··
638 1823 689 1855 con
693 1806 757 1854 ferri
774 1807 815 1853 iu-

273 1876 319 1926 bet
333 1875 402 1928 Plin.
418 1874 452 1923 H.
466 1874 500 1926 N.
514 1875 563 1936 VI,
578 1875 609 1926 19
624 1874 681 1939 (17)
697 1879 721 1937 ξ.
734 1875 767 1924 50
782 1874 815 1924 de

273 1944 383 2010 Scythis
399 1946 437 1992 ita
457 1941 624 2007 loquentem:
646 1946 767 2004 „Persae
784 1944 816 1992 il-

274 2014 315 2065 los
338 2016 424 2065 Sacas
451 2014 479 2062 in
508 2014 662 2065 universum
695 2013 816 2078 appella-

273 2100 338 2134 vere
352 2100 368 2133 a
383 2083 504 2147 proxima
519 2091 614 2147 gente,
629 2084 737 2146 antiqui
750 2088 817 2132 Ara·

274 2155 398 2207 maeos.“
418 2153 542 2216 Namque
554 2154 728 2219 Arpraplrueos
739 2154 765 2201 in
777 2153 818 2202 bis

275 2222 360 2273 latere
373 2223 544 2286 suspicatur,
558 2224 605 2287 qui
619 2223 697 2272 iidem
710 2224 765 2271 sint
777 2230 817 2270 at.-

276 2308 328 2357 que
342 2293 475 2340 Herodoti
491 2291 646 2357 Arpippaei‚
669 2293 701 2341 de
721 2291 818 2356 quibus

275 2362 333 2410 elixi
353 2360 388 2409 ad
406 2361 460 2420 ΙΙΙ,
482 2361 531 2419 23,
558 2362 593 2425 ad
612 2361 817 2411 Calmuecorum

276 2436 384 2493 gentem
408 2429 585 2491 pertinentes.
628 2432 649 2482 Ι.
674 2431 707 2479 de
733 2431 818 2480 Ham·

276 2515 341 2552 mer.
370 2496 489 2563 (Annali.
509 2498 607 2548 Vienn.
628 2499 675 2549 ix.
702 2516 762 2564 pag.
784 2498 818 2549 43

275 2568 380 2622 Histor.
402 2569 531 2618 Osmann.
552 2567 575 2621 1.
596 2584 657 2634 pag.
681 2569 744 2620 let
765 2570 816 2621 adt

276 2644 305 2688 et
317 2637 479 2689 Goscluchte
499 2638 525 2690 d.
540 2638 633 2703 goldn.
645 2639 737 2689 Horde
753 2655 817 2703 pag

279 2707 339 2772 14)
333 2725 360 2758 ιο
370 2710 498 2788 Arryrpiis
514 2708 600 2759 latere
614 2708 740 2759 videntur
755 2710 819 2758 Ταν-

275 2794 337 2840 cae,
359 2783 382 2829 si
396 2779 503 2843 quidem
518 2794 565 2842 pro
577 2769 738 2843 Ἀμυργίους
752 2779 816 2828 οΙΙιη

276 2850 417 2899 exstitisse
430 2852 585 2897 statuamus
598 2848 771 2912 Τουργιόυς;
789 2851 817 2896 in

276 2934 328 2981 quo
341 2916 496 2981 obloquitur
508 2917 621 2970 Bohlen.
635 2917 654 2968 l.
666 2917 684 2970 l.
697 2934 759 2983 pag.
773 2919 816 2967 5Ι1.

275 2987 407 3051 Equidem
421 2988 447 3036 id
462 3002 544 3036 unum
560 2986 707 3049 adiiciam,
723 2990 819 3069 Amyr-

274 3059 377 3120 giorum
392 3056 553 3120 Scytharum
568 3057 644 3107 sedes
660 3073 724 3108 sane
739 3057 818 3106 iniis

274 3127 445 3190 regionibus,
469 3140 538 3189 quae
560 3127 709 3176 Turcarum
729 3127 819 3192 primi-

275 3197 350 3246 tivae
369 3196 493 3246 leruntur
506 3194 585 3246 sedes
606 3195 644 3258 (in
662 3203 735 3245 terra
751 3197 819 3247 Ureu

275 3281 297 3314 s.
312 3262 453 3329 Urbelrea),
469 3264 532 3313 olim
550 3265 634 3315 fuisse
649 3267 745 3315 videri.
775 3265 817 3315 Oi.

275 3335 379 3384 Ritter:
391 3333 538 3384 Erdkunde
547 3335 558 3382 Ι
564 3334 582 3382 1.
592 3335 721 3398 ρας.597.
738 3334 819 3384 Cren-

276 3418 355 3453 aerus
372 3407 514 3466 praeterea
533 3404 635 3452 excitat
653 3404 818 3454 Hamacker.

276 3474 304 3520 in
316 3471 386 3524 Bibl.
400 3472 462 3523 crit.
474 3487 536 3522 nov.
551 3472 596 3522 ΙΙ.
611 3488 673 3538 pag.
687 3474 748 3525 321.
776 3475 818 3523 De

276 3540 354 3592 Sacis
373 3539 447 3591 hisce
462 3556 532 3605 quae
550 3547 656 3591 veteres
671 3544 819 3607 scriptores

276 3611 402 3672 tradunt,
424 3610 611 3674 suppeditabit
624 3612 725 3662 Ukert:
751 3611 821 3662 Geo-

275 3681 370 3746 grapb.
393 3680 418 3729 d.
437 3677 543 3730 Griech.
566 3695 591 3729 u.
606 3682 699 3734 Roem.
721 3682 778 3744 ΙΙΙ,
790 3684 817 3735 2.

276 3766 338 3816 pag.
349 3751 400 3800 575
411 3765 487 3815 seqq.
506 3751 537 3800 ln
551 3751 628 3799 Darii
640 3751 819 3816 inscriptione

277 3819 422 3884 sepulcrali
439 3820 505 3884 (vid.
528 3826 635 3869 anuott.
654 3821 688 3870 ad
702 3822 760 3883 111,
775 3823 818 3873 Sti.

277 3890 310 3941 Τ.
327 3890 365 3939 11.
384 3904 447 3954 pag.
466 3889 523 3939 170.
536 3896 593 3939 uot.
606 3889 650 3955 **)
663 3895 818 3952 occurrunt,

277 3959 427 4024 Oppertnm
442 3959 466 4007 si
481 3960 619 4022 sequimur
631 3959 775 4024 (Zeitscbr.
791 3961 817 4011 d.

276 4028 408 4078 Deutsch
421 4027 552 4092 Morgenl.
568 4029 716 4080 Gerellsch.
729 4031 781 4092 xi,
796 4032 817 4083 1,

276 4112 339 4162 pag.
354 4098 402 4148 134
416 4096 504 4162 seq),
519 4097 590 4147 Soka
606 4100 768 4163 ΙιΙαοιανγα,Ι
760 4115 779 4150 1.
794 4114 817 4150 e.

276 4165 394 4228 Scythae
413 4172 554 4247 pastores,
574 4169 631 4246 qui
649 4169 752 4219 Graece
770 4184 818 4217 vo-

275 4240 372 4285 cantur
385 4235 505 4297 Scythae
516 4227 665 4301 Ἆμῦργιοι.
690 4241 729 4288 Ac
742 4238 817 4288 deni-

274 4318 325 4368 que
340 4304 458 4355 conferri
469 4306 552 4354 otiam
565 4313 690 4369 possunt,
703 4323 771 4372 qnae
783 4307 816 4357 de

274 4372 317 4421 bis
335 4373 487 4437 disputavit
504 4374 607 4426 Nickes
629 4377 666 4427 ad
682 4376 815 4427 Estherac

274 4441 335 4494 libr
349 4441 371 4492 I
387 4456 449 4507 pag.
466 4443 513 4494 144
530 4459 589 4509 seq.

899 1171 971 1227 ol
939 1194 991 1243 γαρ
1008 1174 1116 1238 Πέρσαι
1131 1166 1240 1231 πάντας
1255 1165 1323 1229 τοὺς
1334 1162 1413 1220 Σκό-

864 1245 921 1302 θας
938 1242 1070 1296 καΙέουσι
1089 1237 1195 1310 Σακας]
1216 1244 1258 1294 cf.
1276 1241 1409 1294 Eustath.

864 1319 898 1368 ad
913 1319 1029 1382 Dionys.
1040 1317 1145 1379 Perieg.
1158 1315 1208 1364 749
1222 1320 1249 1364 et
1262 1312 1320 1365 vid.
1336 1318 1409 1364 nott.

865 1389 898 1438 ad
914 1388 967 1451 ΙΙΙ,
981 1387 1024 1438 93.
1054 1386 1159 1436 Iniuria
1173 1386 1271 1449 opinor
1284 1383 1412 1432 Herodo-

864 1465 921 1507 tum
943 1459 969 1508 iu
988 1458 1029 1506 bis
1048 1456 1154 1520 lapsum
1170 1471 1230 1505 esse
1248 1454 1412 1517 pronuntiat

864 1529 1075 1606 Βιμαάτῖαοῖοτι
1091 1524 1229 1603 Scy.thicc
1243 1540 1269 1588 p
1282 1523 1320 1583 15,
1336 1522 1412 1586 qnod

865 1590 909 1645 πά
917 1613 999 1651 ντας
1009 1592 1076 1653 τοὺς
1087 1588 1207 1651 Σκύθας
1218 1559 1332 1643 dixerit:
1346 1608 1410 1641 narn

866 1683 959 1718 ornnes
976 1667 1027 1718 has
1043 1671 1139 1730 gentes
1156 1665 1248 1715 varias
1265 1678 1299 1712 ac
1320 1662 1411 1711 direr-

865 1753 911 1786 sas
933 1739 1033 1788 Noster
1056 1734 1175 1799 intelligi
1204 1732 1306 1791 voluit,
1341 1746 1413 1796 quas

865 1806 947 1871 vulgo
962 1808 1061 1857 Graeci
1076 1806 1126 1855 bac
1139 1801 1326 1868 appellatione
1339 1818 1415 1852 com-

867 1878 941 1926 muni
960 1874 1105 1939 complecti
1125 1873 1224 1926 solent.
1238 1900 1273 1909 -
1295 1871 1413 1921 Renncl.

867 1962 930 2011 pag.
943 1949 995 1997 474
1010 1946 1080 1995 banc
1095 1943 1258 2008 Scytharum
1278 1942 1379 1991 tribum
1398 1958 1415 1990 a

867 2018 1055 2079 septentrione
1078 2014 1235 2077 Sogdianus
1261 2013 1335 2060 intra
1360 2011 1415 2061 Ca-

869 2086 933 2134 liam
960 2100 994 2136 ac
1013 2083 1121 2149 Byltam
1141 2084 1200 2133 sire
1217 2081 1357 2132 Baltistan
1378 2097 1415 2130 ac

869 2156 995 2205 Tibeinrn
1021 2168 1133 2219 parvam
1160 2152 1301 2201 habitasse
1324 2151 1415 2215 ponit.

871 2224 925 2285 Qut
938 2224 962 2273 h.
974 2224 993 2274 l
1004 2224 1174 2274 Bactriorum
1186 2229 1213 2271 et
1222 2222 1355 2271 Sacarum
1368 2237 1417 2269 vo-

869 2303 947 2344 catur
960 2295 1015 2343 dux
1026 2284 1199 2352 “,Τοταόπης
1213 2291 1324 2355 quaerit
1334 2290 1418 2339 Stan-

869 2363 937 2414 leius
951 2365 987 2414 ad
997 2361 1122 2425 Aeschyl.
1133 2363 1207 2411 Pers
1220 2364 1254 2409 ‘22
1265 2376 1330 2409 num
1343 2360 1416 2408 idem

870 2436 920 2494 sit,
931 2435 986 2513 qni
1001 2432 1073 2513 apud
1088 2430 1283 2495 Aeschyluml.
1298 2430 1316 2479 Ι
1332 2446 1417 2481 roca-

869 2508 914 2553 tur
931 2492 1112 2565 Ἀστάσπης.

1053 2674 1119 2724 Car.
1138 2673 1222 2722 va.

902 2768 960 2826 eiad
979 2767 1072 2837 ξύλων
1089 2773 1280 2841 πεποιημένα]
1304 2777 1323 2825 Ι
1338 2792 1362 2826 e.
1375 2792 1419 2824 ee-

867 2854 919 2896 rtes
934 2850 1077 2911 epoasppr‘o
1087 2846 1224 2907 consectas.
1264 2846 1329 2896 vid.
1344 2853 1417 2896 nott.

868 2915 973 2978 adili,
988 2918 1047 2969 loo
1062 2918 1096 2966 47
1110 2921 1139 2965 et
1154 2915 1188 2966 de
1205 2930 1257 2965 usn
1275 2931 1393 2979 praepso
1397 2917 1421 2962 i·

869 2978 1125 3036 tionisrirrdltlatth
1149 2987 1196 3035 Gr.
1211 2985 1257 3035 Gr.
1268 2988 1294 3047 ᾖ.
1310 2985 1372 3042 371,
1387 2986 1417 3034 b.

869 3063 926 3109 not.
952 3055 1029 3105 inire
1043 3056 1112 3116 Vll
1126 3055 1157 3104 (11
1173 3054 1322 3118 simplicem
1339 3058 1419 3118 geni-

870 3126 955 3175 tivnrn
966 3124 1107 3175 adstruxit
1117 3126 1226 3175 Noster.
1246 3124 1335 3175 Ges
1305 3143 1335 3189 y
1339 3143 1356 3189 p
1350 3127 1417 3174 iurn

869 3194 921 3245 hoo
946 3195 1005 3246 loco
1033 3194 1149 3259 intelligi
1172 3210 1253 3257 posse
1274 3201 1361 3260 negat
1382 3194 1416 3243 C.

869 3265 959 3315 Ritter
980 3263 1137 3328 (Abbandll.
1159 3266 1184 3312 d.
1205 3263 1307 3318 Berlin.
1323 3264 1416 3314 ared.

870 3335 896 3383 d.
919 3333 1088 3385 wissensch.
1108 3335 1174 3383 anni
1199 3333 1271 3383 1851.
1296 3350 1322 3398 p.
1341 3334 1416 3396 333),

869 3405 916 3467 qui
929 3403 1107 3465 Herodotum,
1122 3403 1211 3453 boc
1189 3418 1214 3452 οι
1226 3402 1351 3454 indicare
1367 3419 1418 3452 ro·

869 3473 974 3550 luisset,
983 3441 1116 3524 dicturum
1132 3471 1418 3523 luisseexistimatsr-

870 3534 1105 3603 ριονοὶπὸξύλουι
1114 3542 1232 3608 quereb.
1240 3542 1258 3592 1.
1265 3544 1417 3607 easpotins

869 3619 930 3662 vest
932 3629 960 3663 es
985 3613 1102 3676 intelligi
1126 3612 1202 3674 vult,
1227 3627 1297 3674 quas
1314 3612 1417 3663 Strabo

870 3683 928 3732 XV.
921 3698 1006 3749 .p.ag
1021 3682 1072 3733 713
1088 3649 1248 3744 ἐσθῆτας
1230 3676 1289 3731 artri
1303 3680 1417 3746 φλοίων

870 3748 1011 3811 δενδρέων
1042 3750 1073 3816 (Ι.
1097 3768 1153 3812 e,
1157 3766 1222 3811 ‚aus
1249 3751 1298 3801 der
1323 3751 1417 3802 Borke

870 3820 1030 3871 derlieiume
1048 3820 1226 3886 gemacht)
1246 3837 1281 3872 αα
1296 3821 1418 3871 urbemn

868 3894 961 3941 cortice
973 3891 1062 3953 sactes
1076 3891 1186 3941 dixerit.
1214 3891 1348 3955 Equidem
1362 3891 1416 3940 boc

868 3959 946 4022 loco,
961 3965 992 4010 ut
1007 3962 1034 4010 in
1049 3960 1153 4011 duobus
1170 3959 1248 4022 aliis,
1264 3975 1332 4024 qnos
1344 3960 1418 4009 indi-

870 4030 944 4092 cavi,
965 4030 998 4081 de
1016 4031 1147 4096 gossypio
1164 4031 1289 4095 cogitare
1304 4030 1416 4079 malim:

869 4113 929 4150 eum
941 4114 1021 4160 vero,
1045 4115 1122 4164 quem
1134 4100 1292 4150 Herodotus
1310 4099 1417 4149 indica-

868 4169 909 4217 vit
921 4168 1047 4219 Indorum
1062 4171 1204 4233 restitum,
1226 4185 1321 4220 revera
1333 4172 1373 4218 ric
1382 4185 1417 4219 se

867 4237 967 4288 habere
977 4238 1209 4289 monuitBoblen·
1224 4239 1280 4287 Das
1292 4238 1340 4289 alt.
1351 4239 1414 4291 Iud

867 4308 1175 4372 laurentiorum
1196 4302 1417 4367 (ΙΙκΙΙτόξακα

866 4370 972 4438 Ιιίιιινα
986 4384 1013 4428 et
1026 4368 1141 4435 ὀϊστοὺς
1153 4375 1344 4442 καλαμίνους,
1366 4393 1415 4428 co-

865 4423 1007 4514 gitandum
1028 4449 1061 4498 de
1081 4447 1212 4498 arundine
1230 4447 1343 4511 Indica,
1366 4449 1416 4498 cni
