3100 5175
284 404 345 469 256
717 401 984 468 HERODOTI

285 581 340 651 διά
353 580 415 670 τὴν
437 587 589 664 ἔκλειψιν
601 585 670 650 τῶν
690 586 779 651 νεῶν
793 585 860 649 τάν
880 583 918 650 ἐν
932 585 971 669 τῇ
991 585 1159 668 ναυμαχίῃ
1180 573 1293 667 οάτεὴ
1313 578 1420 665 πόλις,

284 683 361 755 οὔτε
382 684 422 753 τά
443 684 498 773 ἱρά
518 684 720 773 ἐνεπρήσθη.
762 683 920 772 Μιλήτου
939 683 977 752 δέ
995 679 1139 770 άλοόσης
1152 678 1272 751 αὐτίκα
1287 690 1420 771 Καρίην

286 795 384 876 ἔσχον
398 794 433 857 ol
443 790 587 876 Πέρσαι·
616 786 673 868 τάς
686 788 749 876 μὲν
767 784 951 875 ἐθελοντὴν
965 792 1033 856 τῶν
1046 794 1175 856 πολίων
1187 781 1420 870 ὑποκυψάσας,

285 891 343 970 τὰς
357 892 394 961 δέ
410 888 539 979 άνάγκη
554 891 816 979 προσηγάγοντο.
843 895 947 959 ταῦτα
961 889 1023 977 μέν
1036 887 1078 977 δὴ
1091 886 1180 959 οὕτω
1194 892 1333 977 ἐγίνετο.

165 1077 168 1082 θ
237 1003 278 1064 26
357 990 497 1088 Ἱστιαίῳ
519 995 556 1062 δὲ
571 999 616 1087 τῷ
632 1000 788 1086 Μιλησίῳ
802 993 890 1062 ἐόντι
913 995 990 1079 περὶ
1004 993 1187 1075 Βυζάντιον
1201 995 1257 1061 καὶ
1270 1001 1419 1080 συλλαμ-

284 1097 424 1185 βάνοντι
441 1096 499 1177 τὰς
514 1095 637 1167 Ἰάνων
656 1093 800 1176 ὁλκάδας
815 1095 1029 1176 ἐκπλωοάσας
1044 1099 1081 1164 ἐκ
1094 1101 1156 1165 τοῦ
1170 1096 1305 1164 Πόντου
1323 1097 1420 1180 ἐξαγ-

284 1205 435 1289 γέλλεται
456 1200 496 1270 τά
514 1202 591 1290 περὶ
605 1208 761 1289 Μίλητον
777 1200 957 1288 γενόμενα·
990 1197 1030 1269 τά
1050 1200 1112 1287 μὲν
1132 1196 1173 1285 δὴ
1189 1201 1265 1286 περὶ
1282 1195 1419 1286 Ἑλλήσ-

284 1330 409 1373 ποντον
431 1310 548 1391 ἔχοντα
569 1304 744 1393 πρήγματα
766 1303 940 1390 ἐπιτράπει
959 1300 1123 1390 Βισάλτῃ,
1152 1299 1421 1389 Ἀπολλοφάνεος

284 1410 379 1476 παιδὶ
396 1404 589 1500 Ἀβυδηνῷ,
614 1405 713 1487 αὐτὸς
734 1407 772 1475 ot
786 1412 872 1494 ἔχων
885 1413 1052 1494 Λεσβίους
1073 1409 1106 1485 ἐς
1119 1412 1205 1474 Χίον
1223 1411 1342 1491 ἔπλεε,
1364 1409 1418 1474 καὶ

284 1518 378 1580 Χίων
393 1515 526 1598 φρουρῇ
549 1506 591 1579 οό
613 1513 816 1599 προσιεμένη
829 1538 887 1599 μιν
901 1512 1066 1597 συνέβαλε
1083 1511 1121 1577 ἐν
1133 1514 1286 1578 Κοίλοισι
1300 1518 1418 1576 καλεο-

283 1616 413 1701 μένοισι
433 1619 490 1701 τῆς
504 1622 587 1701 Χίης
600 1613 717 1702 χώρης·
746 1613 875 1681 τούτων
889 1639 924 1681 τε
939 1611 981 1701 δὴ
1001 1611 1164 1699 ἐφόνευσε
1177 1609 1340 1698 συχνοὺς,
1362 1613 1419 1679 καὶ

283 1722 351 1783 τῶν
367 1722 494 1786 λοιπῶν
508 1725 618 1801 Χίων,
640 1712 695 1785 οἷα
716 1714 757 1804 δὴ
773 1719 1019 1803 κεκακωμένων
1038 1718 1075 1783 ἐκ
1096 1721 1154 1802 τῆς
1172 1721 1377 1802 ναυμαχίης,
1400 1711 1418 1782 ὁ

280 1814 430 1898 Ἱστιαῖος
440 1825 525 1907 ἔχων
540 1817 616 1898 τούς
626 1826 791 1906 Λεσβίους
801 1818 1020 1907 ἐπεκράτησε,
1035 1820 1072 1887 ἐκ
1080 1823 1248 1905 Πολίχνης
1258 1823 1315 1905 τῆς
1324 1825 1419 1885 Χίων

237 1919 506 2012 λῖὁρμεάμενος.
544 1925 658 1992 Φιλέει
673 1926 713 1992 δέ
733 1950 799 2002 κως
813 1929 1073 2011 προσημαίνειν,
1095 1911 1166 1989 εὖτ’
1182 1914 1226 1989 dv
1242 1922 1346 2009 μέλλῃ
1360 1947 1417 2009 με-

283 2103 379 2153 aimam
399 2102 492 2151 Peraia
518 2116 628 2165 operam
654 2101 825 2165 praestiterit

283 2185 466 2234 summamque
484 2169 546 2221 inde
562 2169 671 2220 laudem
685 2172 823 2223 meruerit.

319 2229 415 2301 οὔτεή
435 2229 598 2295 moliendae
617 2231 652 2286 τά
673 2232 733 2304 spol]
760 2241 824 2289 vid.

282 2313 353 2357 nott.
369 2308 403 2357 ad
419 2306 503 2368 111,0.
530 2307 563 2357 In
578 2309 699 2371 proxime
715 2313 824 2358 antece-

282 2377 411 2426 dentibus
425 2391 475 2440 pro
495 2373 562 2423 τῶν
582 2367 613 2424 ἐν
630 2375 665 2440 τῇ
682 2377 825 2454 ναυμαχίη

284 2443 505 2509 Schweighaeua.
514 2458 575 2494 cum
581 2446 695 2494 Reialrio
706 2448 824 2497 mavult:

284 2508 349 2579 τὴν
371 2504 402 2561 ἐν
422 2510 456 2577 τῇ
480 2512 641 2577 ναυμαχίῃ,
679 2513 762 2579 idque
783 2530 825 2565 re-

283 2590 368 2636 centt.
380 2583 441 2635 edd.
453 2582 587 2647 probante
596 2597 703 2649 quoque
713 2584 826 2636 Herold.

284 2656 397 2716 Quaeat.
414 2653 450 2703 11.
464 2668 491 2717 p.
511 2654 543 2704 lu
556 2659 730 2718 receperunt,
747 2654 824 2703 libria

282 2730 356 2775 certe
369 2723 479 2785 invitia,
497 2737 612 2787 quarum
632 2726 825 2773 auctoritatem

282 2794 406 2844 deserere
420 2791 504 2843 nolui.

316 2856 366 2918 τὰς
383 2856 435 2926 μὶν
452 2852 608 2927 ἐθελοντὴν
626 2887 661 2896 -
680 2850 823 2923 προσηγά-

281 2929 377 2997 γοντο]
399 2933 440 2983 lle
453 2932 506 2982 loci
519 2936 657 2982 structura
669 2929 822 2980 ολ.1εοο1ιε.

281 3004 316 3052 ad
331 3004 436 3053 Aelian.
451 3003 485 3051 N.
499 3002 531 3053 rt.
552 3001 578 3063 1,
591 3003 617 3050 2.
632 3016 657 3064 p.
675 2999 702 3052 6.
729 3000 823 3064 Neque

282 3075 352 3121 enim
368 3087 445 3136 opus,
461 3078 492 3119 ut
505 3071 570 3119 mihi
584 3070 691 3136 quidem
704 3069 822 3130 videtur,

281 3134 821 3204 lriepraeponerevooulamuul‚quacum

280 3209 505 3261 antecedentibus
539 3212 756 3268 connectantur,
791 3214 823 3257 ut

280 3276 383 3342 placuit
397 3276 578 3328 Valckenario
591 3293 685 3328 vocem
706 3267 821 3325 ἐθελον-

279 3341 332 3408 τὴν
345 3362 362 3395 a
372 3346 511 3397 Gronovio
527 3347 595 3396 bene
612 3346 767 3397 restitutam
780 3362 822 3396 ea·

280 3431 310 3463 ae
322 3415 464 3466 iudicanti.
488 3416 530 3465 De
543 3430 597 3479 qua
609 3430 676 3464 voce
691 3415 745 3463 vid.
761 3415 789 3475 1,
804 3418 820 3465 5

280 3489 308 3534 et
321 3484 437 3534 Bredov.
453 3499 478 3547 p.
492 3486 536 3533 27.
576 3485 694 3533 Verbum
710 3475 818 3533 ὑποκά-

280 3566 361 3600 πτειν
377 3551 416 3615 (τι
429 3555 534 3603 alterius
543 3556 665 3614 potestati
677 3570 699 3601 a.
717 3556 820 3616 r'nrperr'o

278 3622 412 3684 subiicere)
432 3623 569 3672 invenitur
586 3636 693 3686 quoque
712 3625 739 3683 Ι,
759 3622 816 3675 130.

279 3693 327 3748 vl,
344 3692 399 3741 100.
427 3692 467 3740 De
477 3693 555 3741 Corio
568 3691 624 3742 vid.
639 3693 669 3755 V,
685 3692 734 3743 103
746 3698 774 3743 et
786 3693 819 3741 de

280 3762 370 3811 Mileto
380 3764 462 3827 capta
474 3762 521 3824 VI,
534 3761 574 3811 18.

455 3931 520 3983 Cae.
538 3932 639 3985 xxvi.

313 4030 536 4101 συλλαμβάνοντι
551 4026 601 4091 τάς
613 4024 717 4085 Ἰάνων
733 4026 818 4085 όλκά-

276 4102 341 4170 δας]
370 4104 411 4155 01.
428 4106 475 4167 VI,
491 4106 517 4155 ὁ.
530 4132 565 4141 -
582 4098 616 4152 τὰ
629 4106 733 4168 Κοῖλα,
748 4122 817 4171 quae

276 4175 415 4237 dicuntur,
427 4175 455 4223 iu
467 4175 631 4225 occidentali
641 4175 745 4224 insulae
754 4191 816 4240 par·

276 4248 303 4294 te
316 4244 402 4294 suinae
416 4243 556 4301 videntum
579 4258 611 4293 eo
629 4246 698 4294 enirn
712 4244 817 4295 Meletii

274 4311 351 4362 loona
364 4312 440 4361 ducit
458 4330 475 4363 a
489 4313 625 4364 Larclrero
638 4313 738 4363 allatus
753 4329 815 4379 pag.

274 4379 336 4433 487.
378 4382 434 4430 Nec
452 4384 539 4445 magia
561 4387 672 4432 constat
695 4383 729 4433 de
753 4384 814 4433 loco

276 4447 428 4513 Πολίχνης.
458 4450 526 4500 Tale
545 4448 699 4516 Πολίχναι,
718 4456 750 4502 ut
769 4453 815 4503 ob·

875 2106 970 2150 aervat
982 2098 1144 2164 Weaaellng.
1157 2138 1164 2162 ,
1180 2099 1300 2148 Troadis
1313 2103 1341 2148 et
1355 2097 1419 2148 Cre-

875 2174 920 2219 tae
932 2171 1003 2235 apud
1013 2168 1107 2234 Steph.
1115 2170 1182 2233 Bya.
1195 2175 1223 2218 et
1235 2166 1364 2231 Πολίχνα
1374 2168 1418 2217 81-

875 2239 956 2289 ciliae
970 2241 998 2288 in
1012 2239 1185 2301 11100.Χ111,
1200 2239 1224 2286 7.
1250 2238 1353 2302 arrigit
1363 2238 1418 2288 He-

874 2308 965 2358 rodoti
982 2309 1071 2359 locum
1084 2307 1237 2357 Alexander
1255 2305 1367 2356 Blaatne
1388 2308 1416 2357 in

874 2378 991 2427 historia
1014 2375 1121 2427 insulae
1141 2376 1202 2426 Chii
1221 2371 1329 2439 (Χιακὰ
1351 2368 1415 2438 ἤτοι

876 2439 988 2509 ἱστορία
1009 2443 1059 2509 τῆς
1078 2439 1167 2509 νήσου
1186 2443 1261 2493 Κίου
1282 2450 1335 2496 etc.
1356 2440 1417 2507 ‘Ep-

875 2507 1011 2578 μουπόλει
1026 2515 1103 2580 1810)
1116 2516 1137 2567 Ι.
1150 2530 1212 2580 pag.
1223 2513 1257 2564 30
1269 2530 1356 2579 neque
1370 2530 1416 2564 ve-

875 2601 905 2634 ro
930 2583 1077 2650 quidquam
1100 2584 1194 2635 attulit
1225 2582 1260 2633 ad
1283 2600 1317 2635 ea
1342 2584 1413 2645 loca,

875 2668 945 2718 quae
961 2655 1115 2704 Herodolua
1131 2655 1263 2715 nominat,
1277 2657 1414 2704 accurati—

875 2738 906 2772 us
919 2724 1120 2773 constituenda.
1155 2724 1248 2786 Neque
1267 2725 1415 2789 quidquam

874 2794 963 2856 reperi
974 2794 1002 2842 in
1015 2794 1058 2853 iia,
1072 2808 1142 2857 qnae
1154 2791 1249 2842 dehac
1260 2792 1352 2843 incula
1364 2809 1415 2843 nu-

872 2861 1415 2927 perscripsitFuateldeOculangesffld-

873 2933 956 2981 moire
970 2947 1015 2981 aur
1025 2930 1083 2982 l'ile
1095 2932 1129 2981 de
1139 2930 1221 2981 Chioa
1235 2932 1290 2995 int)
1303 2932 1412 2982 Archiv.

873 3000 898 3050 d.
913 3002 991 3051 Mira.
1011 3001 1155 3065 acientifiq.
1171 3003 1205 3051 V.
1225 3017 1252 3064 p.
1268 3001 1318 3051 481
1336 3017 1413 3066 aeqq.

872 3070 968 3120 additu
982 3071 1080 3136 mappa
1091 3068 1199 3121 insulae
1217 3070 1413 3136 geographica.

1038 3241 1104 3291 Can.
1124 3242 1237 3293 XXVII.

906 3338 996 3393 Φιλέει
1007 3372 1040 3381 -
1050 3342 1270 3412 προσημαίνειν]
1294 3347 1413 3398 cumut-

870 3412 965 3464 aohero
978 3414 1013 3463 ad
1028 3413 1136 3464 Weller.
1157 3413 1215 3476 111,
1228 3431 1253 3465 a.
1270 3432 1296 3480 p.
1314 3419 1364 3467 257
1384 3424 1413 3468 et

868 3483 1068 3536 KuelrneroGr.
1080 3482 1126 3533 Gr.
1141 3486 1165 3545 9.
1178 3484 1263 3547 413,3
1279 3487 1413 3552 intellige·

869 3568 898 3601 re
914 3552 1005 3602 malim
1020 3544 1035 3601 ὁ
1051 3545 1137 3616 θεὸς,
1157 3555 1227 3616 quod
1247 3554 1329 3620 paulo
1348 3561 1412 3621 port

870 3621 992 3672 additum
1004 3623 1174 3672 invenimus:
1194 3622 1281 3673 ταῦτα
1294 3620 1345 3686 μέν
1358 3638 1411 3687 σφι

869 3684 977 3755 σημήια
990 3682 1006 3740 ὁ
1021 3682 1091 3748 θεός
1104 3688 1229 3751 ποέδεξε.
1255 3693 1412 3745 Divinatio-

869 3761 912 3810 nia
928 3762 1020 3826 opinio
1043 3776 1104 3811 cum
1123 3761 1175 3810 fati
1199 3763 1309 3813 notione
1333 3770 1411 3815 arete

869 3831 1017 3880 coniuncta
1038 3846 1071 3880 ex
1089 3830 1132 3879 hia
1149 3831 1217 3882 bene
1232 3833 1411 3897 perspicitur,

869 3913 929 3949 cum
940 3899 1094 3965 ubicunque
1108 3900 1173 3964 quid
1181 3907 1410 3965 praeterconaue·

868 3973 925 4017 tum
944 3984 1033 4019 rerum
1048 3968 1170 4019 ordinem
1185 3972 1301 4033 accidit,
1322 3971 1351 4021 id
1371 3973 1411 4021 di-

867 4037 925 4088 vini
940 4040 1058 4089 numinis
1070 4039 1098 4087 vi
1111 4043 1195 4104 atque
1209 4041 1356 4091 efficientia
1369 4042 1412 4090 fa-

867 4111 940 4157 ctum
960 4123 1019 4158 ecoe
1034 4107 1197 4158 declaretur.
1228 4110 1308 4161 Unde
1321 4110 1411 4174 prodi·

868 4177 972 4240 giorum
993 4181 1131 4228 notionem
1152 4178 1223 4242 apud
1240 4179 1409 4230 Herodotum

867 4251 977 4296 enatam
1000 4262 1060 4298 ease
1088 4252 1164 4296 reete
1187 4250 1286 4299 statuit
1312 4249 1410 4313 Iaeger

866 4315 989 4380 Disputt.
1003 4316 1124 4366 Herodd.
1136 4332 1161 4381 p.
1176 4319 1219 4367 47.
1247 4318 1329 4370 ures.
1343 4334 1410 4382 qno·

866 4399 918 4447 que
929 4385 1130 4449 Naegelsbach:
1155 4386 1305 4437 Nachbom.
1320 4388 1410 4437 Theo-

864 4453 918 4518 log.
931 4470 994 4520 pag.
1011 4454 1069 4506 109.
1095 4456 1137 4505 Ad
1151 4444 1213 4506 εὖτ’
1232 4444 1270 4504 dv
1281 4456 1318 4508 cf.
1335 4462 1406 4509 nott.
