3100 5175
534 398 713 459 ERATO.
736 400 790 461 VI.
814 407 856 464 67.
880 410 924 464 68.

1236 402 1298 464 317

162 569 399 660 καλυψάμενος
419 566 472 660 ἦτε
493 573 531 640 ἐκ
550 577 611 641 τοῦ
630 570 778 662 θεήτρου
797 572 883 654 egra
898 575 1144 644 immodulatur·
1177 573 1297 645 αὐτίκα

163 674 200 743 δὲ
214 675 555 763 παρασκευασάμενος
573 681 657 745 ἔθυε
670 681 718 769 τῷ
730 684 795 745 Διῒ
805 682 909 765 βοῦν,
925 678 1033 758 θύσας
1047 679 1082 748 δὲ
1098 677 1158 767 τὴν
1172 683 1296 768 μητέρα

161 778 309 848 ἐκάλεσε.
347 774 547 868 Ἀτιικομένη
569 780 607 849 δὲ
627 785 668 870 τῇ
684 783 784 869 μητρὶ
800 782 912 861 ἐσθεὶς
932 785 965 862 ἐς
985 781 1043 861 τὰς
1057 783 1167 869 χεῖρας
1181 789 1213 851 oi
1226 788 1294 851 τῶν
1303 796 1343 857 68

161 880 364 969 σπλάγχνων
383 885 574 953 κατικέτευε
596 887 704 971 λέγων
717 884 844 953 τοιάδε·
874 876 913 953 Ὠ
928 889 1048 975 μῆτερ,
1069 892 1163 955 θεῶν
1177 909 1215 955 σε
1229 892 1296 954 τῶν

160 1012 197 1054 τε
210 983 324 1055 ἄλλων
342 985 590 1075 καταπτόμενος
610 987 748 1057 ἱκετεύω
766 990 897 1057 καὶτοῦ
912 984 1063 1077 Ἑρκείου
1082 987 1165 1068 Διὸς
1185 995 1296 1075 τοῦδε,

162 1182 327 1250 δαιμονίης]
358 1186 551 1249 „Homericum
566 1195 616 1238 est.
639 1188 702 1241 Vid.

162 1256 205 1306 lli.
226 1255 361 1318 x1,382,
379 1256 451 1308 unde
470 1263 642 1322 sumpserunt
655 1258 704 1307 Or·

161 1324 248 1390 phici‚
276 1329 306 1374 nt
324 1326 425 1389 Hymu.
443 1327 532 1377 LXIV
553 1326 637 1394 (63),
661 1327 703 1377 11.

161 1395 329 1456 LXXXVII,
344 1395 377 1445 12
395 1393 489 1461 (vulgo
502 1399 574 1447 inter
588 1396 702 1463 hymnos

162 1462 344 1529 Homericos).
369 1464 470 1518 Confer
482 1467 563 1516 etiam
576 1468 703 1518 Proclum

162 1534 309 1584 inPlston.
322 1534 393 1585 Tim
407 1551 433 1600 p
448 1535 700 1587 3301‘Creuzer.

161 1607 188 1654 in
203 1604 365 1654 Commentt.
381 1604 501 1656 Herodd.
520 1622 546 1670 p.
561 1605 621 1658 231.
650 1609 702 1658 Vo-

162 1690 218 1724 cem
237 1666 381 1737 κακότητα
398 1680 505 1726 veteres
524 1677 702 1727 Grammatici

162 1748 300 1794 exonnnt
312 1739 477 1807 δυστυχίαν.

162 1759 265 1862 ⁴³¹ditos
280 1809 363 1878 βοῦν]
392 1813 512 1864 Restitui
524 1814 575 1864 hoc
588 1830 649 1864 cum
660 1832 703 1867 re—

162 1888 247 1937 centt.
273 1882 349 1945 edd,
373 1882 451 1933 libris
471 1886 510 1933 ita
535 1884 700 1935 iubentibus.

161 1953 236 2003 Male
245 1951 310 2002 olim
324 1948 391 2016 βοῦν,
406 1954 477 2017 quod
490 1954 578 2004 tenuit
592 1954 700 2005 Schaei.

161 2023 287 2088 quodque
301 2023 384 2072 etiam
399 2023 438 2086 11,
454 2022 489 2073 40
504 2023 604 2073 Aldina
617 2024 701 2074 editio

160 2094 285 2157 praebet3
301 2091 369 2141 haec
382 2097 473 2143 autem
485 2094 603 2143 nominis
614 2094 701 2144 forma

161 2164 261 2213 Dorica
278 2167 321 2212 est
332 2166 361 2212 et
371 2165 496 2225 poetica,
516 2168 548 2213 ut
559 2169 633 2214 reete
647 2179 702 2214 mo·

160 2239 206 2283 net
217 2233 334 2282 Bredov.
355 2246 419 2296 pag.
435 2231 495 2282 272.
525 2232 604 2285 Conl.
619 2236 700 2284 etiam

160 2302 277 2352 dhrens:
303 2302 345 2351 De
361 2301 471 2352 dialect.
484 2302 576 2352 Dorio.
596 2319 621 2368 p.
642 2303 701 2356 166.

159 2399 194 2409 -
207 2365 238 2421 τῦ
252 2365 389 2435 θέητρον,
403 2371 475 2435 quod
486 2371 530 2422 hic
540 2387 701 2423 commemo·

159 2447 244 2505 ratur,
259 2456 314 2490 non
329 2440 408 2505 longe
420 2440 510 2491 abfuit
522 2458 539 2491 a
553 2442 614 2492 foro
629 2443 701 2492 occi-

159 2511 269 2563 dentem
282 2526 393 2572 versus,
406 2515 477 2560 teste
491 2512 631 2562 Pausania
649 2512 700 2572 ΙΙΙ,

161 2584 206 2661 14,
231 2582 261 2644 l,
280 2582 327 2646 qui
351 2580 379 2630 id
400 2579 487 2629 λίθου
507 2578 610 2631 λευκοῦ
629 2575 700 2639 θέας

157 2642 240 2713 αξιον
260 2666 323 2701 esse
340 2650 467 2700 affirmat.
500 2650 578 2702 Cani.
592 2668 700 2717 quoqne

157 2722 256 2773 Athen.
275 2721 324 2772 IV.
347 2737 409 2785 pag.
430 2720 528 2772 13911.
546 2722 577 2770 Ι.
598 2727 626 2771 et
643 2721 698 2773 vid

158 2792 329 2857 potissimum
355 2790 487 2840 Curtius:
516 2791 699 2856 Peloponnes

157 2862 194 2912 11.
213 2876 277 2926 pag.
291 2861 343 2912 220
355 2877 410 2925 seq.
425 2860 493 2922 312,
515 2863 602 2926 quiet
617 2861 700 2912 situm

157 2930 260 2982 theatri
280 2936 307 2981 et
323 2946 370 2993 ea,
393 2945 464 2995 quae
482 2930 570 2982 adhuc
585 2936 700 2994 restant,

158 3006 288 3052 accurate
300 3001 438 3051 describit.

324 3173 389 3225 (lae.
406 3174 533 3225 LXVIII.

185 3266 281 3333 λσθελς
291 3267 319 3333 ἐς
327 3268 376 3332 τὰς
385 3271 479 3340 χεῖρας
490 3270 521 3325 ολ
529 3272 586 3324 τῶν
597 3266 699 3339 σπλάγ-

159 3346 244 3411 χνων]
271 3347 461 3409 „Notissimus
474 3346 503 3395 in
521 3346 700 3396 adiurationi·

158 3418 207 3467 bus
228 3415 527 3481 supplicationibusque
552 3432 615 3466 aras
639 3420 700 3465 tan·

157 3486 240 3551 gandi
264 3491 292 3535 et
312 3488 483 3536 victimarum
505 3487 623 3550 prosicia
641 3501 699 3536 mos

158 3557 236 3606 docte
250 3555 403 3620 explicatur
415 3556 658 3621 adAppian.1ber.
671 3571 700 3619 p

159 3625 206 3677 431
227 3626 262 3675 ab
276 3626 362 3675 Henr.
377 3624 518 3689 Stephano
535 3624 596 3676 coll.
615 3625 657 3675 int
646 3630 700 3675 t·er

158 3700 239 3760 prett.
253 3695 288 3745 ad
301 3693 455 3758 Thucydid.
471 3697 502 3758 V,
515 3696 581 3745 17.“
609 3697 698 3745 Wes-

157 3767 270 3830 selr'ap.
308 3765 370 3815 Vid.
391 3763 475 3814 allata
494 3782 511 3815 s
530 3766 561 3814 C.
583 3765 614 3814 F.
629 3765 698 3815 Her-

158 3850 269 3886 manno.
283 3833 696 3885 Gottesdienstl.Alterthiimd.

159 3904 265 3956 Grieeh.
286 3907 309 3967 5.
327 3906 369 3955 22
389 3908 446 3954 not.
466 3904 507 3955 ll.
543 3906 585 3956 De
599 3903 698 3955 vocula

158 3967 188 4023 ολ
199 3975 235 4026 cl.
249 3974 297 4035 Vl,
309 3972 352 4024 63

192 4044 271 4094 θεῶν
285 4055 315 4091 σε
334 4040 392 4091 τῶν
406 4056 434 4091 τε
453 4033 545 4103 ἄλλων
561 4033 699 4092 κατατιτό·

158 4112 290 4178 praed„
293 4114 357 4162 alios
369 4112 430 4163 deos
441 4097 572 4178 Iovemque
585 4120 699 4164 antesta-

158 4192 212 4235 tus.-
230 4149 405 4235 eonhrmatur
418 4182 495 4243 VIII,
510 4184 544 4232 ab
558 4187 586 4233 et
598 4184 697 4233 Eusta-

159 4254 207 4303 thii
219 4256 463 4318 interpretamento
473 4252 507 4301 ad
514 4252 622 4301 Homer.
634 4267 699 4317 pag.

163 4324 223 4386 155,
240 4323 275 4374 28
291 4338 314 4373 s.
331 4322 394 4385 117,
409 4320 473 4375 34.“
504 4322 698 4386 Wesseliaq.

159 4392 218 4444 Vid.
233 4391 369 4443 Knehner.
389 4390 435 4440 Gr.
457 4390 502 4441 Gr.
523 4393 549 4453 5.
565 4390 626 4441 520.
642 4396 698 4440 not.

159 4460 184 4526 tt,
199 4478 315 4529 quocum
327 4460 381 4513 huc
395 4474 503 4527 quoqne
515 4461 613 4523 refero,
628 4459 700 4525 quod

754 1189 826 1238 mira
834 1188 948 1254 legitur
969 1178 1020 1254 lyci
1034 1206 1075 1238 ων
1088 1203 1117 1239 σε
1129 1183 1296 1256 μετέρχομαι

754 1255 911 1307 τωνθεοῦν

790 1323 837 1375 καλ
851 1325 902 1377 τοῦ
910 1315 1039 1389 Ἐρκειου
1052 1319 1122 1385 Διὸς
1137 1324 1232 1393 τοῦδε]
1262 1329 1296 1379 In

753 1397 796 1446 his
811 1413 864 1449 vox
877 1398 972 1447 addita
984 1395 1069 1447 τοῦδε
1085 1398 1206 1449 indicare
1218 1399 1295 1449 vide-

753 1473 813 1526 tur,
833 1467 901 1518 baec
922 1472 986 1517 ante
1005 1466 1080 1517 lovis
1100 1469 1199 1518 Hercei
1217 1483 1295 1518 aram

753 1553 813 1588 esse
822 1542 948 1601 peracta:
959 1551 1037 1602 quem
1046 1537 1124 1587 deum
1135 1538 1221 1602 digito
1230 1553 1294 1603 qus·

752 1609 777 1657 si
790 1614 958 1657 monstrasse
977 1607 1114 1672 putandus
1132 1612 1184 1656 erit
1196 1608 1294 1658 Dema·

751 1680 848 1738 ratus,
874 1675 949 1726 hisce
973 1676 1064 1726 verbis
1092 1683 1205 1727 matrem
1227 1677 1294 1727 ello·

753 1761 846 1811 quens.
879 1747 920 1795 De
939 1744 1042 1809 reliquo
1060 1745 1113 1794 loci
1132 1752 1292 1812 argumento

752 1819 793 1865 ita
805 1816 923 1865 cremer.
944 1817 971 1863 in
989 1817 1152 1870 Commeutt.
1171 1815 1291 1867 Herodd.

752 1900 816 1949 pag.
835 1884 885 1935 231
908 1899 998 1949 seqq.:
1020 1885 1084 1947 „De
1098 1886 1163 1936 love
1176 1878 1292 1952 Ἐρκείφ

752 1956 857 2005 utiliter
874 1955 1001 2018 exposuit
1018 1953 1145 2004 Larcher.
1166 1956 1201 2004 ad
1226 1954 1253 2006 h.
1273 1954 1291 2004 1.

751 2024 900 2074 Primarios
913 2028 1004 2073 autem
1012 2029 1135 2074 veteram
1145 2027 1292 2089 scriptores

752 2095 811 2158 ipse
833 2093 954 2144 indicavi
970 2094 998 2141 in
1012 2093 1117 2145 Melett.
1132 2094 1156 2143 1.
1172 2110 1234 2160 pag.
1250 2096 1291 2146 17.

751 2163 828 2213 Adde
845 2163 953 2213 Cratini
978 2162 1075 2228 fragm.
1099 2163 1172 2229 apud
1192 2164 1291 2214 Athen.

751 2233 800 2282 XI.
820 2248 846 2296 p.
861 2233 928 2293 460,
947 2232 1020 2297 qnod
1036 2234 1174 2284 Porsonue
1190 2239 1293 2285 tracta-

752 2304 793 2351 vit
811 2305 840 2351 in
854 2303 984 2352 Adversa.
1002 2318 1065 2367 pag.
1089 2303 1138 2355 107
1161 2303 1202 2353 ed.
1216 2304 1292 2367 Lips.

749 2373 830 2423 Nunc
842 2372 876 2420 ad
886 2372 1058 2422 Herodoteae
1070 2373 1234 2423 narrationis
1248 2388 1294 2422 ar-

750 2448 907 2506 gumentum
922 2440 1088 2506 applicanda
1104 2442 1171 2492 haec
1184 2459 1200 2492 a
1214 2442 1292 2492 nobis

749 2513 874 2576 quaestio
893 2516 948 2561 est:
975 2527 1021 2560 car
1041 2515 1065 2560 in
1085 2516 1131 2563 tali
1148 2527 1226 2562 causa
1244 2527 1292 2575 pa-

751 2584 867 2631 tissimus
883 2581 1008 2631 Herceum
1027 2581 1109 2633 Iovem
1130 2591 1236 2633 testatas
1259 2583 1293 2632 sit

749 2652 913 2701 Demaratus
946 2652 1006 2712 Qua
1025 2652 1054 2700 in
1070 2667 1099 2701 rc
1120 2652 1185 2705 bina
1200 2666 1292 2701 occur-

749 2727 813 2770 runt
826 2721 914 2770 nobis.
944 2722 1012 2769 Nam
1026 2721 1150 2784 primum,
1166 2721 1212 2785 qui
1229 2723 1292 2785 lup-

749 2791 867 2853 piter
837 2790 867 2839 11
872 2790 967 2839 manis
986 2792 1094 2840 Cortaltr
1114 2806 1147 2840 ac
1161 2792 1290 2853 Saplutus,

750 2860 863 2911 Graecis
868 2849 996 2918 Ερκειος
1006 2860 1095 2909 dictus
1107 2864 1157 2920 est,
1168 2859 1238 2909 idem
1250 2866 1290 2910 et-

749 2927 1114 3012 ἰαιμπατρρῦοςερρεΙΙεῐαε.
1135 2930 1222 2993 Igitur
1230 2945 1291 2993 pro

751 3001 811 3064 prie
835 3000 894 3047 eius
919 2997 1023 3047 tutelas
1044 3000 1190 3049 commIssa
1211 3003 1290 3049 erant

749 3067 921 3133 gentilicia'
915 3081 976 3117 rura
1001 3082 1035 3116 ac
1065 3082 1145 3118 sacra
1170 3069 1289 3132 privata.
1327 3111 1335 3127 ,

749 3138 823 3188 Hinc
836 3137 910 3201 apud
922 3136 1099 3188 Demosthen.
1115 3138 1223 3188 advers
1236 3139 1290 3187 En·

750 3198 1290 3272 bul.pag.13191teisk.eit’irno'tta-

750 3291 800 3333 νος
810 3267 949 3342 Πατρῷον
962 3271 1009 3324 καλ
1018 3268 1089 3333 Διὸς
1089 3269 1218 3339 Ε’ρκειον
1229 3290 1290 3342 γεν-

749 3342 832 3410 νηταὶ
840 3352 868 3396 et
876 3346 949 3410 apud
958 3344 1068 3400 Platon
1077 3346 1233 3427 inEnthyd.
1245 3348 1287 3425 72.

748 3432 812 3483 pag
833 3419 899 3495 494:
926 3410 997 3473 Ζεὺς
1021 3409 1083 3463 δ”
1057 3432 1140 3495 ημιν
1158 3413 1290 3484 κατρῦος

749 3482 809 3564 μὲν
823 3477 858 3535 οῦ
882 3485 1005 3534 καλειται
1019 3489 1160 3551 ,ερκειος
1183 3479 1215 3534 dh
1238 3468 1289 3534 καὶ

749 3548 888 3621 φράτριος
913 3553 968 3613 nul
986 3548 1123 3620 Ἀθηναίη
1154 3555 1288 3620 φρατρία

748 3626 863 3677 Athenis
880 3626 1023 3676 Minervae
1042 3626 1164 3677 Poliadis
1186 3628 1288 3676 mentio

748 3697 868 3762 iungitur
884 3695 1063 3760 religionibus
1080 3691 1151 3753 Διὸς
1167 3686 1288 3760 ερκείου,

748 3769 828 3817 οαίοι
845 3780 894 3815 ara
914 3767 942 3814 in
955 3765 1105 3816 Pandrosio
1117 3767 1201 3817 inisse
1214 3765 1289 3816 vide·

748 3842 793 3886 tur
806 3834 967 3886 Philochoro
981 3837 1053 3900 apud
1068 3836 1180 3899 Dionys.
1196 3835 1288 3885 Halic.

747 3906 809 3957 Vol.
822 3908 854 3958 V
875 3904 1107 3969 ρος-6361111111(
1141 3904 1288 3957 Ci.Philo·

748 3976 823 4025 chori
838 3974 962 4037 fragmm.
981 3989 1044 4037 pag.
1063 3975 1089 4026 2,
1120 3975 1210 4038 Atque
1227 3989 1288 4023 cnm

748 4047 931 4095 Romanorum
962 4057 1071 4107 quoque
1101 4043 1239 4092 Penatibus
1271 4058 1289 4092 a

750 4113 860 4164 Graecis
879 4118 1052 4175 comparatos
1069 4126 1129 4163 esse
1148 4111 1212 4162 deos
1227 4102 1289 4174 ‘·Ep

748 4180 844 4238 κειόος
855 4180 956 4231 diserte
969 4181 1059 4245 prodit
1069 4181 1183 4244 Dionys.
1196 4180 1287 4232 Helio.

748 4254 780 4303 A.
795 4254 828 4302 R.
843 4252 866 4312 Ι,
878 4252 922 4301 67.
936 4265 962 4314 ρ.
980 4250 1030 4301 169
1043 4250 1135 4300 Reislr.
1161 4252 1289 4314 Propter·

749 4337 783 4371 ea
797 4319 929 4386 quidquid
938 4318 973 4368 ad
986 4318 1045 4369 heri
1059 4320 1198 4384 patrisque
1211 4321 1290 4371 lami·

748 4391 802 4441 lies
815 4394 993 4456 potestatem,
1004 4389 1038 4440 ad
1052 4391 1228 4443 sanctitatem
1242 4392 1289 4443 do·

751 4461 1092 4526 musatqneintemeratsm
1101 4460 1289 4530 illibatamque
