3100 5175
247 414 309 478 390
683 411 950 473 HERODOTI

248 607 343 681 χεῖρα
366 587 548 668 ἀποκοπεὶς
566 587 716 673 πελέκεϊ,
736 595 867 657 πίπτει·
899 590 998 655 τοῦτο
1021 585 1058 655 δὲ
1079 581 1174 655 ἄλλοι
1190 581 1380 673 Ἀθηναίων

157 737 162 744 -
184 701 370 766 115πολλοί
388 722 424 764 τε
444 694 500 761 καί
513 690 724 780 οὐνομαστοί.
761 687 863 760 Ἑπτὰ
877 689 939 776 μὲν
952 688 994 777 δὴ
1009 695 1077 758 τῶν
1094 694 1184 758 νεῶν
1198 688 1378 777 ἐπεκράτη-

230 820 314 868 σαν
332 795 444 892 τρόπῳ
467 796 607 890 τοιούτῳ
625 793 810 882 Ἀθηναῖοι.
854 799 930 883 τῇσι
951 795 987 863 di
1011 798 1145 884 λοιπῇσι
1167 798 1201 862 οἰ
1219 793 1381 882 βάρβαροι

249 900 589 989 ἐξανακρουσάμενοι,
612 901 667 967 καί
682 896 908 986 ἀναλαβόντες
926 901 962 965 ἐκ
978 903 1035 984 τῆς
1049 896 1172 985 νήσου,
1195 899 1232 966 ἐν
1254 903 1294 985 τῇ
1315 902 1380 966 ἔλι-

249 1033 331 1092 πον,
344 1004 385 1075 τά
400 1008 433 1088 ἐξ
447 1001 613 1092 Ἐρετρίης
627 1000 841 1091 ἀνδράποδα,
857 1002 1066 1087 περιέπλωον
1080 999 1245 1082 Σούνιον,
1262 999 1382 1088 βουλό-

248 1136 344 1200 μενοι
359 1114 490 1197 φθῆναι
503 1105 581 1187 τούς
595 1103 799 1194 Ἀθηναίους
812 1103 1009 1194 ἀπικόμενοι
1025 1107 1057 1184 ἐς
1070 1102 1108 1172 τὸ
1122 1100 1214 1173 ἄστυ.
1242 1110 1331 1192 αἰτίη
1346 1103 1383 1173 δί

250 1219 325 1300 ἔσχε
338 1215 375 1281 ἐν
391 1210 601 1299 Ἀθηναίοισι
623 1213 656 1292 ἐξ
670 1207 963 1299 Ἀλκμαιωνιδίων
983 1213 1130 1297 μηχανῆς
1143 1204 1267 1287 αὐτους
1280 1213 1383 1276 ταῦτα

249 1415 272 1464 Ι.
283 1429 309 1479 p.
320 1414 378 1468 471.
390 1411 431 1472 19,
442 1411 613 1462 Bachmaun:
630 1409 751 1462 Auecdd.
766 1412 791 1461 Ι.
842 1411 917 1460 remit
933 1410 1003 1460 idern
1017 1425 1077 1460 esse
1094 1414 1177 1473 atque
1193 1399 1327 1472 πρύμναν
1342 1409 1384 1461 rel

249 1500 311 1566 pag.
326 1482 391 1561 173,
407 1483 439 1567 ¹⁰,
454 1481 590 1558 leguntur:
610 1468 739 1563 ἄφλαστον
755 1472 791 1529 τὰ
842 1470 889 1528 ἐπὶ
903 1475 1037 1542 ποίμναν
1050 1474 1218 1542 κροίεοθαι.
1246 1480 1317 1529 Utui
1329 1480 1384 1544 pls-

249 1547 793 1686 tepiditiz‘iitiitssi§fiii
842 1547 1383 1680 titii,diffidetiieedsi

248 1683 279 1741 ἐκ
300 1688 432 1740 κανόνων
456 1684 583 1738 πλατέων
608 1679 793 1752 ἰπικεκαμμέ·
843 1690 963 1740 statione
975 1704 1059 1754 prope
1073 1704 1184 1753 campos
1195 1688 1383 1739 Marathonius

250 1775 316 1822 νον,
337 1775 423 1825 quae,
442 1764 474 1809 nt
486 1765 579 1810 monet
591 1759 633 1808 vir
647 1758 757 1819 doctus.
778 1774 793 1808 e
844 1760 872 1807 iu
883 1759 967 1808 altum
980 1763 1105 1809 revectus
1116 1774 1192 1819 esse,
1210 1758 1291 1822 idque
1300 1761 1385 1809 Hero·

249 1832 390 1883 Pausania
418 1828 615 1894 lexicographo
643 1829 715 1894 apud
739 1831 792 1878 Eu·
844 1828 937 1878 dotum
951 1828 1107 1890 sipnificare
1118 1827 1238 1878 voluisse
1250 1830 1333 1880 verbo
1344 1819 1385 1889 ἕξ-

249 1900 334 1952 stath.
349 1916 375 1966 p.
392 1899 468 1960 1039,
482 1898 514 1950 37
530 1900 674 1948 finxerunt.
692 1900 792 1950 -Pro
843 1891 1105 1960 uvunoovooipwor,
1119 1899 1137 1949 i.
1152 1915 1175 1948 e.
1191 1899 1297 1948 uscidae
1308 1917 1322 1949 e
1335 1915 1385 1948 νιο-

250 1962 335 2034 vnde,
360 1974 392 2019 ut
414 1968 497 2034 vulgo
522 1968 665 2032 exhibent,
691 1969 754 2019 dedi
778 1984 793 2018 e
844 1971 882 2018 ric
899 1971 954 2018 sinu
968 1976 1038 2017 reiro
1053 1970 1077 2017 in
1098 1969 1174 2018 citum
1189 1970 1274 2017 euecti.
1303 1968 1385 2018 Addi-

249 2040 406 2091 Florentiuo
422 2033 499 2097 νεὸς,
515 2038 612 2089 merito
624 2043 763 2104 receptum
775 2053 793 2087 a
844 2052 904 2088 mus
923 2038 976 2087 hoe
990 2037 1065 2101 loco,
1086 2038 1156 2103 quod
1172 2037 1328 2088 Herodotus
1344 2044 1385 2088 ta-

248 2108 389 2172 Behlrero‚
402 2107 718 2159 Dindorf.etDietschio
732 2122 795 2172 pro·
844 2111 902 2164 cet,
923 2107 1106 2172 'rhanippum
1126 2107 1186 2168 vel,
1208 2111 1239 2156 ut
1258 2107 1307 2158 alii
1330 2115 1385 2158 tra·

250 2182 397 2241 batumque
418 2176 553 2228 BredovIo
576 2192 641 2240 pap.
663 2179 715 2228 260
734 2192 792 2240 neq.
845 2177 929 2237 dunt,
961 2177 1088 2228 Eucleem
1115 2177 1230 2242 primum
1253 2179 1385 2228 victoriae

250 2249 317 2298 Cum
337 2247 433 2297 iisdem
453 2262 513 2296 mox
538 2245 636 2311 scripsi
662 2239 795 2309 οὕνομα·
845 2247 969 2296 nuntium
995 2247 1118 2298 Athenas
1146 2246 1286 2307 attulisse,
1317 2264 1385 2313 quas

250 2311 312 2366 στοί
337 2333 386 2380 pro
405 2316 479 2380 vulg.
497 2307 666 2378 ὀνομαστοί.
700 2317 793 2380 Ipsam
844 2318 936 2381 pugnet
956 2316 1065 2366 vixdum
1086 2317 1162 2367 finite
1183 2322 1279 2380 petens
1305 2334 1385 2368 cursu

250 2402 321 2445 rem,
332 2386 367 2435 ab
378 2385 517 2435 Herodoto
528 2386 623 2449 paneis
633 2384 793 2445 indicatam,
845 2388 941 2447 citato,
954 2386 1001 2435 nbi
1013 2387 1135 2445 advenit,
1148 2387 1291 2437 victoriam
1304 2403 1386 2438 enun-

250 2455 373 2521 pluribus
393 2455 565 2519 persequitur
579 2454 690 2505 Polemo
703 2455 720 2503 l.
734 2455 752 2505 1.
770 2457 793 2505 Ι.
845 2456 917 2505 tiana
946 2461 1066 2505 mortuus
1090 2453 1149 2508 esse
1171 2457 1267 2508 fertur.
1305 2457 1382 2508 Coni.

251 2529 275 2590 9,
288 2524 313 2576 t.
329 2539 391 2591 pag.
407 2525 437 2576 14
450 2523 533 2573 Oreii.
547 2528 575 2573 et
584 2539 659 2590 seqq.
684 2525 794 2574 Etenim
844 2524 983 2575 Plutarch.
1001 2526 1039 2575 II.
1063 2542 1089 2591 p.
1103 2525 1155 2577 317
1165 2525 1194 2575 C.
1209 2554 1241 2563 -
1261 2529 1294 2577 Iu
1309 2543 1383 2594 seqq.

250 2595 349 2662 reliqui
372 2596 518 2661 scriptores
535 2594 736 2658 amplificarunt
753 2595 796 2643 ia·
845 2595 880 2646 ad
896 2596 979 2647 verba
997 2592 1111 2660 φθῆναι
1130 2589 1197 2653 τούς
1218 2589 1385 2661 Ἀθηναίους

251 2666 329 2717 cinus
342 2665 490 2731 Cynaegiri
503 2663 620 2729 simplici
638 2666 796 2716 narratione
844 2655 1016 2725 ἀπικόμενοι
1034 2666 1107 2716 cons.
1124 2669 1193 2716 nott.
1210 2668 1244 2717 ad
1256 2669 1311 2727 IV,
1327 2668 1384 2720 136.

251 2735 385 2787 Herodoti
410 2735 480 2787 satis
507 2733 688 2785 celebratum:
723 2735 794 2785 unde
846 2735 894 2796 VI,
906 2735 948 2786 91.
963 2736 1054 2786 toene
1068 2740 1207 2787 structura
1222 2738 1297 2787 verbi
1308 2734 1386 2801 φθῆ-

252 2805 330 2855 fidem
347 2806 482 2855 Herodoti
504 2820 564 2855 cum
591 2805 704 2870 reliquis
726 2805 796 2856 scri·
846 2819 909 2863 ναις
933 2804 967 2854 ad
986 2807 1070 2856 verba
1083 2796 1275 2870 ἀναλαβόντες
1291 2800 1322 2856 ἐκ
1336 2807 1386 2870 τῆς

251 2875 376 2940 ptothus
404 2876 556 2939 comparati
588 2876 685 2927 merito
717 2874 795 2925 effert
847 2867 1385 2943 rioooinantecedentiburnd.enpra

250 2945 348 2996 Groie:
369 2946 483 3009 History
505 2944 535 2994 oi
549 2945 651 2996 Greece
667 2945 714 2995 IV.
730 2960 792 3008 pag.
846 2943 893 3004 VI,
911 2944 967 2994 107.

249 3015 310 3065 472.
342 3016 418 3077 Quae
434 3015 557 3066 Iustinus
576 3015 594 3069 1.
616 3015 635 3066 I.
654 3014 741 3064 tradit
760 3014 793 3065 de
885 3005 961 3074 αἰτίη
983 3008 1013 3062 δὲ
1029 3005 1102 3081 ἔσχε]
1128 3014 1289 3077 „Plutarchi
1301 3015 1385 3067 leutio

250 3082 338 3132 altera
347 3099 454 3149 quoqne
464 3083 611 3148 Cynaegiri
621 3100 703 3133 mann
715 3100 794 3148 prae·
845 3080 893 3145 (Il.
904 3098 930 3146 p.
941 3082 1044 3147 8620.)
1060 3078 1158 3146 αἰτίην
1171 3082 1201 3134 di
1213 3078 1296 3148 ἔσχον
1309 3086 1384 3147 mihi,

251 3154 310 3202 cisa
329 3158 472 3220 rostroque
496 3153 632 3204 mordicus
649 3153 793 3217 prehenso,
844 3156 875 3202 ut
890 3150 969 3214 aliia,
981 3155 1099 3218 genuina
1110 3154 1257 3214 videretur,
1270 3155 1326 3206 nisi
1340 3156 1385 3206 hio

251 3222 314 3272 inde
324 3223 442 3273 conficta
456 3238 518 3273 ease
533 3223 639 3273 iudicat
651 3222 791 3273 Blorniieid
844 3227 1001 3287 sequeretur
1013 3215 1126 3287 αὐτούς.
1144 3219 1240 3273 αἰτίαν
1254 3219 1341 3287 ἔχειν,
1354 3228 1386 3275 ni

251 3291 278 3339 in
295 3290 416 3342 Glosscr.
432 3293 467 3342 ad
479 3292 609 3356 Aeschyli
623 3294 698 3342 Pers.
713 3293 774 3343 728.
844 3306 927 3356 saepe
943 3291 1015 3354 apud
1029 3292 1113 3355 alios,
1127 3295 1198 3359 apud
1211 3295 1385 3345 Plutarchum

369 3373 381 3379 ·
844 3363 928 3411 etiam
941 3362 1075 3425 significat
1090 3365 1154 3423 clici,
1167 3364 1295 3427 perhiberi
1307 3365 1345 3415 11.
1358 3381 1384 3425 p.

439 3460 504 3513 cm
524 3462 605 3515 CXV·
844 3430 930 3512 81130.
950 3432 1045 3482 scih.
1063 3432 1155 3486 85013.
1174 3434 1263 3484 teth.
1280 3435 1385 3486 11348.

286 3532 575 3630 ἐξανακρουσάμενοι]
594 3566 612 3615 i.
627 3582 651 3616 e.
667 3569 751 3616 citatis
769 3583 792 3616 s.
844 3500 984 3621 glhdghiw
986 3502 1068 3636 111)ἰὲ
1081 3503 1386 3624 :adhthghdffthshigairfl

249 3633 333 3684 aalide
343 3634 452 3694 pulsaris
470 3636 544 3683 remia
559 3651 615 3685 rese
634 3639 794 3699 recipientes,
845 3639 913 3689 dori.
934 3639 968 3690 ad
979 3641 1086 3694 Platon.
1105 3644 1187 3707 Gorg.
1206 3647 1231 3706 ξ.
1250 3643 1306 3694 126.
1322 3658 1385 3708 pag.

251 3709 282 3754 ut
291 3702 404 3766 exponit
413 3702 566 3767 Schweigh.
576 3705 713 3766 reficiens,
724 3721 795 3771 quae
849 3709 907 3773 1114,
921 3710 967 3759 ubi
979 3705 1076 3760 αἰτίαν
1085 3707 1158 3776 ἔχειν
1170 3714 1198 3762 in
1210 3711 1309 3763 bonam
1322 3728 1386 3777 quo-

252 3774 327 3839 prius
343 3771 469 3822 dederat:
488 3776 513 3823 in
521 3779 621 3837 puppim
633 3777 794 3839 remipaniea,
846 3795 898 3844 que
910 3779 1054 3831 adhibetur
1066 3787 1188 3846 partem,
1211 3783 1332 3847 itemque
1344 3775 1387 3831 αἰ·

250 3847 281 3894 ut
293 3840 363 3891 idern
383 3841 442 3892 fere
462 3850 535 3893 esset
553 3848 637 3909 atque
654 3833 701 3894 ἒπί
723 3840 794 3903 κου’·
845 3847 963 3898 tedoini
983 3850 1045 3901 aliie
1063 3850 1154 3917 iocis]
1188 3853 1248 3901 Mos
1265 3854 1386 3902 usitatus

250 3925 325 3977 μνην
340 3905 601 3993 ἄνακρουσηίμινοι,
614 3918 645 3966 ut
657 3915 734 3979 VIII,
749 3914 792 3966 84.
845 3919 983 3969 scribendi
996 3918 1052 3972 iilic
1070 3937 1177 3988 quoque
1195 3923 1328 3972 substitui
1339 3938 1387 3987 po-

164 3994 168 4003 ’
250 3982 302 4034 Sed
313 3981 425 4034 obstant
437 3983 620 4048 saepiuntur,
632 4001 793 4051 quaemanu
844 3989 899 4038 tuit
913 3990 1078 4044 Herodoteo.
1110 3992 1190 4055 Quod
1205 3991 1268 4042 aliie
1284 3991 1388 4042 dicere-

249 4053 338 4105 tenuit
347 4052 524 4118 Cynaegirus,
535 4069 658 4119 quicque
668 4058 696 4105 in
707 4057 792 4121 puppi
845 4063 889 4107 tur
914 4053 1010 4107 αἰτίαν
1035 4054 1149 4125 ἔχουσιν
1171 4052 1386 4124 Ἀλκμαιωνίὸαι
1417 4063 1423 4073 ’

249 4123 335 4173 fuisse
346 4122 426 4172 modo
439 4123 566 4174 diximus.
602 4125 791 4176 HinoGrono·
844 4125 983 4189 φονεῦσαι
995 4123 1099 4189 αὐτους
1109 4132 1152 4183 vei
1165 4132 1217 4180 τοῦ
1228 4123 1323 4193 φόνου
1336 4122 1386 4180 αὖ·

249 4193 310 4243 vius
326 4196 353 4241 et
368 4193 583 4259 Wesselingins:
596 4195 712 4249 ,navibus
732 4211 793 4245 eae·
844 4194 1082 4264 torminesehyl.
1092 4201 1286 4265 Eumendfli),
1296 4202 1322 4251 id
1331 4204 1386 4251 He·

250 4263 312 4312 terri
328 4262 499 4319 inhibuerunt.
516 4267 548 4314 ui
559 4264 655 4315 Cicero
672 4264 792 4331 quuitur
844 4266 941 4316 rodoto
956 4268 1054 4319 dicitur
1066 4269 1206 4333 φονεῦσαι
1219 4260 1326 4326 αὐτοὺς
1343 4264 1387 4319 αἰ-

251 4331 285 4380 ad
299 4330 357 4379 Art.
376 4332 464 4394 XIII,
484 4334 532 4393 21,
553 4334 589 4384 ad
604 4350 682 4400 quern
701 4335 792 4386 iocum
843 4332 889 4398 τίη
908 4330 963 4399 ἔχει
985 4333 1201 4402 Ἆλκμαιωνίδας
1220 4341 1259 4399 V,
1285 4341 1334 4403 71,
1355 4343 1387 4389 ut

249 4398 359 4449 Ernesti
373 4399 401 4449 In
414 4401 492 4452 Clav.
506 4403 564 4455 Cic.
581 4418 602 4453 s.
618 4419 645 4453 r.
660 4419 674 4455 e
688 4404 794 4454 Grono·
843 4420 905 4468 cap.
919 4406 952 4457 70
968 4405 1026 4472 [nbi
1041 4409 1078 4459 cf.
1099 4408 1181 4474 nott]
1197 4405 1249 4459 τὸν
1265 4405 1386 4471 Κλεομὲ·

248 4468 289 4519 vii
301 4467 434 4524 Observr.
451 4471 504 4535 IV,
517 4473 549 4522 21
565 4473 658 4537 affort,
681 4473 793 4525 inhibere
844 4488 894 4523 νεα
917 4467 974 4538 εἶχε
993 4474 1071 4542 αἰτίη
1090 4476 1204 4543 φοιτᾶν.
1219 4478 1221 4483 ’
1239 4479 1281 4528 Ad
1302 4480 1386 4529 iatam
