3100 5175
283 400 344 470 tot
703 406 1011 474 uxouususl

282 592 372 636 autem
388 582 477 637 Mileti
498 583 611 637 colonos
631 586 735 652 fuisse,
761 585 956 653 lonicaigitnr
977 585 1066 655 stirpe
1082 582 1233 651 oriundos,
1259 602 1338 636 nemo
1359 583 1411 635 lere

283 670 382 721 nescit.
399 670 526 737 Accedit,
550 670 624 740 qnod
643 672 672 723 in
688 671 799 724 decreto
815 672 916 742 βουλῆς
932 667 1008 737 [ερᾶς
1026 666 1055 724 ἐν
1067 666 1198 723 Ἐλευσῖνι
1223 686 1314 738 nuper
1329 686 1412 737 reper-

284 754 348 819 ω’)
370 756 491 808 occurrit
512 756 642 808 sacerdos
654 749 751 824 Ἀρεως
766 749 910 810 Ἐνυαλίου
924 754 972 809 nal
984 750 1098 817 Ἐνυοῦς
1111 753 1161 809 sul
1176 750 1262 816 Διὸς
1279 753 1414 807 Folior-

282 857 356 901 roc:
376 841 423 911 qui
439 841 565 910 luppiter
578 841 707 894 tutelaris
723 842 793 894 deas
807 842 890 894 buius
904 842 995 894 tribus
1009 842 1098 893 luisse
1113 841 1235 894 ridetur.

369 926 421 978 His
438 925 533 993 igitur,
550 942 621 996 quae
635 927 816 997 protulimus,
838 944 935 979 nomen
958 927 1046 996 ipsum
1068 926 1151 978 huius
1163 925 1256 977 tribas
1279 941 1340 976 eum
1355 923 1415 975 saus

284 1018 372 1062 tatum
393 1010 518 1079 ipsisque
538 1020 662 1065 veterum
684 1013 850 1065 testimoniis
869 1012 1000 1064 munitum
1025 1011 1165 1064 videatur:
1189 1020 1364 1063 transeamus
1387 1009 1416 1059 sd

286 1096 403 1148 nominis
441 1097 574 1163 originem
604 1102 687 1166 atque
719 1097 958 1165 significationem.
1019 1095 1223 1163 wesselingius
1255 1095 1299 1147 vel
1332 1095 1417 1164 potius

285 1180 582 1248 Hemsterbusius**)‚
608 1182 642 1233 ad
664 1199 744 1252 quem
771 1183 845 1235 hicce
872 1188 1019 1252 provocat,
1040 1198 1135 1234 nomeu
1154 1176 1316 1234 Γελεόντων
1337 1178 1418 1248 repeti

285 1266 345 1317 vult
362 1283 378 1316 a
399 1266 485 1317 verbo
512 1270 610 1337 γελεῐυ,
636 1268 710 1337 quod
729 1275 803 1320 teste
818 1268 958 1335 Hesychis
979 1267 1003 1318 I.
1019 1284 1082 1336 pag.
1102 1269 1151 1319 811
1177 1265 1249 1319 idem
1271 1272 1317 1317 est
1341 1272 1419 1332 atque

284 1344 411 1419 λάμπειν,
422 1344 533 1420 ἀνθεῖν,
549 1359 682 1422 notatque
692 1353 764 1405 idem
773 1352 988 1420 Wesseiingius,
1000 1353 1113 1405 verbum
1125 1351 1207 1420 γελᾶν
1219 1351 1248 1407 in
1259 1351 1419 1422 rplendcndo

285 1453 316 1487 ac
329 1437 472 1490 renidendo
481 1437 611 1490 usitatum
619 1455 680 1490 esse
688 1434 766 1506 ***):
781 1438 853 1490 unde
860 1437 939 1507 plura
950 1437 1131 1506 perhibentur
1142 1437 1249 1490 nomina
1260 1438 1355 1502 duaa,
1364 1451 1419 1486 nc.

287 1520 379 1576 Γέλων
394 1521 440 1573 ille
451 1521 650 1589 Syracusarum
664 1542 721 1590 rex,
739 1522 850 1594 ipsique
865 1520 1044 1583 bil'rle'omc
1058 1523 1210 1574 incivitate
1226 1522 1329 1588 Attica,
1345 1520 1420 1585 Teia,

287 1606 435 1675 Cyzicena,
454 1607 471 1665 i.
483 1626 506 1659 e.
523 1609 660 1677 splendidi,
676 1611 792 1662 illustres
807 1608 926 1677 indeque
941 1609 1049 1675 nobiles,
1065 1608 1256 1679 optimates†),
1274 1608 1356 1659 iidem
1367 1607 1420 1657 lere

287 1693 335 1761 qui
355 1692 538 1745 Romanorum
564 1694 744 1760 buceres††).
791 1694 812 1744 Α
833 1710 887 1763 qua
908 1693 1080 1746 derivatione
1098 1710 1153 1745 non
1174 1693 1288 1745 multum
1309 1687 1420 1753 recedit,

287 1794 400 1829 censum
416 1777 495 1829 modo
507 1777 530 1829 si
543 1780 685 1848 respicias,
700 1779 738 1847 id,
754 1779 829 1848 quod
842 1796 931 1847 nuper
942 1777 1059 1847 protulit
1076 1779 1263 1844 Haaseffl),
1277 1778 1327 1848 qui
1340 1779 1422 1848 regios

201 1864 206 1869 '
288 1862 686 1931 interpretaturGeleoutesob
695 1882 789 1916 vocem
801 1861 888 1931 γέλας,
901 1879 972 1932 quae
985 1862 1422 1933 testeStepbaooByzautino*†)

287 1947 361 2015 apud
375 1947 462 1999 Cares
477 1966 569 2018 regern
583 1949 705 2001 denotat.
749 1950 820 2001 Utut
835 1948 935 2000 statuis
950 1947 985 2001 de
996 1948 1073 2001 vocis
1089 1948 1212 2016 origine,
1229 1951 1332 2003 nobiles
1344 1956 1422 2017 atque

288 2035 428 2103 optinentee
443 2032 561 2101 intelligi
572 2033 732 2099 Geleontes,
749 2034 810 2103 ipsa
825 2033 894 2086 ratio
911 2033 1039 2086 evincere
1053 2034 1171 2101 ridetur,
1188 2035 1356 2103 praesertim
1368 2050 1422 2084 con

288 2117 316 2168 in
332 2117 503 2185 singularum
519 2119 639 2171 tribuam
654 2119 870 2187 enumeratione,
887 2135 958 2189 quae
974 2118 1047 2188 apud
1058 2119 1237 2186 Herodotum,
1254 2119 1422 2190 Euripiden,

289 2201 426 2254 Pollucem
442 2203 481 2269 lit,
497 2203 611 2272 primum
626 2203 713 2258 locum
729 2205 872 2256 obtineant
886 2199 915 2256 oi
929 2201 1079 2273 Γελέοντες,
1098 2220 1214 2274 quorum
1230 2223 1330 2257 nomen
1350 2205 1396 2275 qui
1410 2221 1423 2254 ι

290 2287 406 2338 vocibus
420 2289 455 2356 γῆ
470 2296 498 2339 et
517 2285 582 2350 λέως
600 2289 719 2354 ducunt,
745 2289 890 2356 indigenas
905 2288 1057 2355 significari
1072 2289 1125 2341 rati
1139 2288 1181 2341 vel
1204 2289 1301 2359 potius
1320 2292 1424 2362 agrico-

290 2371 416 2438 lae*††)‚
428 2372 476 2441 qui
487 2382 662 2443 opponantur
672 2374 869 2443 quodammodo
881 2373 924 2441 iis,
935 2390 1005 2443 qrros
1014 2367 1161 2444 Ἐρναδεῐς,
1169 2374 1188 2427 i.
1198 2393 1223 2427 e.
1232 2376 1346 2444 opificia
1356 2386 1424 2428 trac·

290 2463 398 2523 taates,
418 2458 509 2509 vocari
531 2475 617 2527 supra
631 2458 765 2525 vidimus,
790 2459 946 2529 neutiquam
963 2477 1058 2512 verum
1081 2458 1183 2512 vidisse
1205 2461 1268 2512 mibi
1284 2461 1423 2514 videntur.
1452 2515 1459 2535 ·

292 2542 353 2595 Nec
370 2542 456 2610 magis
472 2560 519 2596 eos
538 2543 649 2614 probari
669 2562 753 2614 posse
770 2543 904 2612 cristino,
922 2544 969 2615 qui
986 2544 1081 2599 falsam
1097 2561 1177 2616 quam
1191 2546 1310 2600 diximus
1333 2546 1423 2600 lectio

292 2645 353 2680 nem
362 2625 505 2691 Τελέονυες
521 2638 758 2699 consequantur,
774 2629 910 2698 agricolas
926 2632 1109 2684 mercenarios
1125 2631 1424 2703 vectigalesquefffl)

292 2712 410 2782 intelligi
425 2713 531 2782 volunt,
546 2714 565 2768 i.
581 2733 606 2767 e.
623 2714 745 2767 homines
767 2714 896 2782 rusticos,
914 2715 1015 2768 iiberos
1031 2717 1148 2786 quidem,
1164 2718 1213 2769 sed
1229 2719 1334 2771 tributa
1349 2735 1424 2789 prae·

363 2948 389 3015 *)
402 2950 464 3003 Vld.
484 2951 566 3000 Roas:
586 2950 638 2999 Die
656 2950 761 3001 Demeu
779 2966 805 3003 v.
824 2952 918 3002 Attica
939 2968 1002 3019 pag.
1016 2954 1078 3006 v11.
1101 2955 1282 3022 Arcbaeolog.
1301 2959 1425 3021 Zeituog.

295 3017 371 3069 1844.
385 3036 447 3085 pag.
460 3022 521 3080 247,
535 3019 624 3084 Bergk
637 3020 781 3070 ianabrb.
795 3021 820 3071 d.
833 3021 966 3087 Philolog.
979 3039 1005 3073 n.
1018 3024 1138 3090 Paedag.
1152 3026 1424 3092 v01.val.p.401.

292 3089 371 3139 Haec
392 3090 536 3154 inscriptio
554 3097 700 3154 antequam
716 3092 743 3139 iu
765 3090 852 3142 lucem
865 3093 998 3156 producta
1013 3101 1069 3156 est,
1086 3096 1170 3146 bleior
1180 3098 1222 3147 De
1235 3098 1354 3162 gentilit.
1366 3113 1424 3162 pag.

293 3161 319 3210 4.
336 3159 377 3207 its
391 3160 571 3221 iudicaverat,
586 3165 617 3209 ut
631 3153 784 3217 Τελέοντας
796 3161 939 3226 antiquius
956 3162 1036 3213 huius
1049 3165 1137 3216 tribus
1150 3183 1247 3218 nomen
1262 3183 1322 3220 esse
1336 3168 1425 3224 vellet,

294 3229 365 3293 quod
382 3227 496 3280 Athonis
506 3228 569 3279 olim
582 3229 610 3279 in
621 3243 673 3279 usu
684 3245 744 3280 cum
753 3229 853 3282 luisset
865 3236 963 3283 etcum
975 3235 1167 3299 antiquissima
1178 3237 1310 3304 religione
1317 3239 1425 3305 agraria

294 3298 471 3359 cohaesisset,
484 3300 511 3348 in
524 3298 626 3350 Ionicis
640 3297 755 3351 coloniis
767 3302 902 3365 paulatim
914 3304 942 3352 iu
957 3296 1112 3363 Γελέοντας
1126 3307 1233 3358 abierit.

363 3367 407 3432 ²¹⁴³)
420 3367 691 3434 Schweighaeuserus
714 3371 790 3421 addit
804 3372 951 3437 Lennepii,
968 3376 1013 3439 qui
1033 3390 1048 3424 o
1065 3377 1160 3428 schola
1181 3376 1426 3430 Hemsterbusiaus

295 3442 338 3489 ⁶³²
356 3439 693 3570 diuidundo
706 3441 895 3577 ilidii?
911 3444 1089 3576 lilioli&
1103 3517 1160 3576 120,
1175 3517 1217 3569 n.

363 3578 393 3643 †)
406 3577 527 3628 Probent
546 3578 673 3630 Creator.
690 3581 810 3644 Symbol.
830 3582 882 3632 111.
900 3597 962 3647 pag.
976 3583 1009 3634 53
1026 3585 1069 3634 ed.
1088 3602 1160 3648 sec,
1174 3585 1263 3651 Bergk
1276 3584 1295 3635 1.
1312 3600 1395 3651 supra
1407 3584 1424 3633 l.

293 3648 410 3714 aliique,
423 3664 491 3714 quos
503 3649 606 3700 excitat
617 3648 646 3698 C.
660 3651 705 3699 Fr.
714 3651 868 3701 Hermann:
888 3652 996 3706 (iriecb.
1010 3653 1216 3709 Staatsalterth.
1234 3659 1259 3720 5.
1274 3654 1318 3708 94.
1331 3661 1389 3707 not.
1400 3654 1424 3707 d.

293 3720 470 3781 Soboemaun,
484 3719 568 3783 quiin
582 3718 650 3769 libro
659 3720 691 3771 de
702 3720 828 3771 Comitiis
840 3737 902 3787 pag.
915 3723 967 3774 356
978 3719 1049 3774 idern
1062 3727 1237 3791 probaverat,
1249 3734 1348 3792 postes
1359 3726 1425 3778 reie-

294 3791 345 3850 oit3
361 3788 416 3841 vid.
431 3788 578 3853 Antiquitt.
591 3790 643 3838 iur.
658 3790 758 3854 public.
773 3792 887 3843 Greeoc.
903 3808 965 3858 pag.
981 3793 1039 3848 lon.

363 3857 413 3923 ††)
428 3856 600 3923 Vid.Bergls.
614 3858 663 3908 l.l.
716 3871 718 3876 ·

363 3927 432 3992 †††)
447 3926 464 3980 l.
478 3942 562 3992 suprs
575 3928 592 3977 l
610 3943 673 3994 pug.
687 3929 728 3980 78.

363 3998 412 4060 *†)
425 4014 447 4048 s,
459 4014 486 4051 v.
504 3996 678 4062 Σουαγγελα,
698 3999 745 4049 ubi
757 3998 825 4050 baec
842 3999 942 4065 legitur
956 4000 1064 4067 glossa:
1089 4001 1206 4056 καλοῦσι
1221 3998 1275 4070 yolo
1288 4000 1319 4056 oi
1334 4004 1424 4071 Κᾶρες

295 4065 385 4117 συῦαν
402 4060 735 4132 τὸντυὲφον,γέλυνδὲ
751 4064 813 4118 τὸν
830 4064 989 4133 βασιλέα,
1328 4087 1331 4090 ·
1430 4081 1435 4098 ·

362 4137 430 4202 *††)
444 4139 490 4188 lto
501 4139 531 4188 C.
544 4139 589 4187 Fr.
601 4139 751 4193 Hermann.
764 4139 782 4188 l.
802 4139 817 4189 l.
832 4140 909 4190 Cous.
928 4142 1011 4193 etiam
1021 4143 1121 4195 Meiere
1139 4145 1182 4196 De
1192 4145 1310 4211 gentilit.
1325 4161 1388 4211 pag.
1400 4144 1424 4196 d.

294 4211 322 4255 et
332 4223 402 4271 quse
413 4208 469 4257 alia
483 4206 597 4273 protulit
610 4209 643 4261 E.
656 4209 690 4257 H.
705 4211 737 4258 Ο.
753 4209 866 4260 Mueller
880 4210 898 4264 l.
913 4210 930 4264 l.
941 4227 1004 4278 psg.
1012 4213 1044 4265 81
1059 4229 1128 4280 seq,
1140 4215 1187 4280 qui
1199 4231 1294 4267 vocem
1309 4218 1397 4281 ipsein
1410 4231 1424 4265 a

293 4272 330 4338 νῆ
344 4283 372 4326 et
384 4273 445 4338 λέω,
460 4278 488 4327 in
499 4293 553 4343 qua
562 4277 654 4329 radice
667 4277 792 4342 volendi,
805 4281 943 4345 sumendi,
956 4283 1082 4348 capiendi
1097 4287 1237 4336 notionem
1256 4286 1347 4337 inesse
1359 4285 1423 4348 uult,

294 4349 473 4411 compositam
488 4363 548 4398 esse
561 4348 667 4401 statuit.

363 4415 450 4481 *†††)
461 4418 507 4468 Sic
519 4418 638 4469 Boeckb.
650 4419 668 4469 l.
684 4433 768 4482 supra
781 4418 799 4467 l.
815 4436 841 4484 p.
855 4421 888 4470 54
902 4420 1170 4475 etStcstshsnshslt.
1179 4423 1205 4477 d.
1219 4424 1319 4477 Athen.
1333 4428 1356 4478 1.
1364 4441 1422 4494 pag.

293 4483 345 4537 643
356 4486 399 4540 ed,
414 4502 469 4539 sec.
483 4487 552 4538 sdd.
566 4488 595 4540 C.
609 4489 654 4541 Fr.
668 4490 847 4542 Burmanni
861 4490 877 4540 1.
894 4497 951 4543 not.
963 4491 989 4543 8.
1090 4545 1094 4556 ,
