3100 5175
697 419 964 482 HERODOTI
1009 495 1037 541 0

263 593 520 684 Κορίνθιοιμὲν
533 598 660 683 πρῶτοι
673 595 734 682 ool
747 589 878 664 αὐτοῖσι
894 592 1008 672 δόντες
1022 591 1138 680 λόγον,
1156 586 1200 670 ὡς
1213 586 1255 659 οὐ
1269 604 1400 659 ποιοῖεν

263 698 303 768 τὰ
318 704 448 786 δίκαια,
466 697 705 786 μετεβάλλοντό
720 725 755 767 τε
772 700 828 768 καί
847 695 1115 782 ἀπαλλάσσοντο,
1135 691 1216 783 perol
1231 695 1267 763 δὲ
1281 692 1398 781 Δημά-

264 829 362 891 ρητος
382 798 400 870 ό
423 799 618 888 Ἀρίστωνος
633 800 698 871 dolo
712 803 767 871 καί
782 792 878 882 οὗτος
891 798 1048 890 βασιλεὺς
1061 800 1318 888 Σπαρτιητέων,
1343 799 1400 865 κοιλ

264 904 501 995 συνεξαγαγών
528 933 564 975 τε
582 904 644 994 τὴν
663 903 822 996 στρατιὴν
842 909 878 975 ἐκ
899 910 1150 993 Λακεδαίμονος
1176 903 1231 971 καλ
1250 898 1312 969 οὐκ
1333 898 1400 968 ἐόν

265 1010 424 1098 διάφορος
439 1014 475 1079 ἐν
489 1014 537 1101 τῷ
550 1009 701 1098 πρόσθεν
714 1007 823 1101 χρόνῳ
838 1013 1029 1097 Κλεομένει.
1064 1004 1142 1076 Ἀπό
1157 1006 1194 1074 dl
1208 1005 1329 1091 ταύτης
1342 1007 1401 1090 τῆς

265 1119 474 1201 διχοστασίης
488 1115 587 1200 ἐτέθη
601 1112 702 1201 νόμος
715 1117 753 1181 έν
766 1112 924 1202 Σπάρτη,
939 1110 989 1200 μὴ
998 1115 1119 1194 ἐξεῖναι
1134 1113 1275 1178 ἕπεσθαι
1290 1105 1398 1195 ἀμφο-

264 1220 379 1307 τέρους
393 1215 471 1295 τοὺς
485 1219 660 1304 βασιλέας,
680 1214 830 1304 ἐξιούσης
850 1221 907 1304 τῆς
920 1219 1089 1304 στρατιῆς·
1116 1216 1197 1292 τέως
1211 1209 1275 1298 γὰρ
1289 1208 1398 1300 ἀμφό-

264 417 324 482 142

297 1406 509 1481 μετεβάλλοντο]
521 1416 566 1465 lta
576 1413 716 1465 meliorum
726 1415 805 1465 codd.
856 1418 890 1467 V.
902 1418 938 1466 Η.
954 1417 976 1479 l,
987 1414 1031 1476 30,
1044 1414 1072 1464 id
1087 1412 1159 1478 quod
1173 1412 1289 1463 maxime
1301 1426 1402 1462 eonve-

264 1501 278 1535 e
304 1500 438 1535 consensu
468 1485 531 1535 dedi
553 1500 601 1549 pro
629 1477 806 1549 μετέβαλλον,
857 1484 1194 1536 nitHerodoteieverbis:
1212 1477 1333 1544 πρότοό
1347 1475 1401 1544 γὰρ

264 1555 337 1622 quod
358 1571 391 1605 ex
409 1554 509 1605 Aldina
525 1555 653 1618 fluxerat,
679 1554 806 1619 quodque
857 1549 893 1620 δὴ
911 1551 959 1603 aul
977 1543 1056 1603 οὖτοι
1077 1546 1234 1617 ἀμφότεροι
1253 1544 1404 1612 ἐπίκλητοί

264 1632 291 1676 et
306 1626 395 1690 ipsum
407 1629 481 1675 etare
494 1639 573 1689 poaae
587 1624 635 1673 alii
651 1624 751 1674 docent
766 1624 807 1673 lo·
857 1637 908 1688 σφι
928 1616 1023 1679 ἐόντες
1039 1620 1174 1684 εἵποντο,
1193 1622 1241 1671 ubi
1253 1610 1401 1682 ἐπίκλητοι

263 1695 303 1751 ei,
329 1695 374 1744 ubi
394 1698 514 1757 activum
533 1695 645 1744 notione
664 1695 806 1757 reciproca
857 1690 1401 1759 (quiaolemniterevooatisuntadopem

263 1764 385 1828 adeoque
398 1765 510 1828 paeaiva
522 1764 659 1828 reperitur
670 1763 692 1824 l,
705 1764 748 1814 66.
761 1762 806 1813 66.
857 1762 1061 1828 praestandam)
1085 1761 1148 1811 inde
1172 1775 1280 1826 quoque
1298 1760 1401 1809 intelli-

262 1833 347 1900 VIII,
372 1834 430 1887 169.
449 1833 516 1894 Vll,
538 1833 602 1896 170,
620 1831 719 1897 quibua
741 1832 805 1882 add.
856 1826 1119 1898 ςαηλιιτσόμμαχοι.
1146 1830 1321 1881 Cauterium
1336 1829 1400 1891 Vll,

263 1903 393 1955 Gataker.
412 1903 447 1952 ad
462 1902 643 1963 Antonin.V,
660 1902 699 1954 13.
726 1901 805 1952 Unde
856 1903 907 1953 203
920 1902 1013 1968 ibique
1025 1906 1097 1951 nott.
1122 1901 1194 1950 Hinc
1207 1899 1400 1950 dimicantibus

263 1971 536 2037 Schweighaeuserua
552 1971 581 2021 in
596 1970 689 2019 Lexic.
701 1970 804 2021 Herod.
854 1972 896 2021 illi
909 1972 1004 2023 adeeae
1022 1972 1189 2036 putabantur
1202 1970 1351 2030 salutares,
1367 1974 1401 2017 nt

263 2041 313 2106 (ll.
324 2057 388 2107 pag.
400 2041 445 2105 99)
459 2032 659 2106 μετεβάλλοντο
674 2040 804 2090 escholio
856 2046 933 2106 patet
945 2057 978 2091 er
992 2041 1116 2090 Frontin.
1132 2041 1160 2100 Ι,
1177 2039 1216 2089 ll.
1230 2041 1254 2101 ξ.
1268 2041 1294 2090 6.
1317 2038 1400 2102 Poly-

244 2163 248 2168 ,
262 2116 358 2160 natum
369 2111 457 2161 videri
469 2111 573 2172 scribit,
587 2109 659 2174 quod
672 2109 737 2158 mibi
749 2110 805 2159 dis·
856 2126 916 2160 aen.
930 2109 1047 2175 1,41.§.
1064 2111 1086 2161 l.
1101 2109 1194 2170 11,31.
1208 2111 1233 2171 ξ,
1248 2111 1273 2158 4.
1288 2107 1345 2158 Cio.
1356 2109 1400 2158 De

263 2180 361 2245 plicet,
380 2180 501 2245 quicum
520 2183 635 2228 recentt.
653 2178 713 2228 edd.
732 2181 804 2228 inta-

262 2256 334 2300 ctum
348 2249 446 2313 reliqui
456 2242 664 2313 μετεβάλλοντο.
685 2249 717 2296 ln
726 2263 802 2313 aeqq.

262 2318 400 2369 Gaiasord.
415 2314 558 2383 βασιλῆας,
572 2316 644 2381 quod
660 2317 749 2380 miror,
762 2320 804 2366 iu·

261 2392 366 2437 tactum
382 2387 501 2451 reliquit.
537 2386 669 2450 Equidem
693 2386 805 2450 reposui

261 2450 399 2523 βασιλέας,
411 2455 482 2520 quod
491 2454 591 2505 Matth.
603 2470 709 2520 quoque
718 2456 802 2506 dedit.

295 2516 334 2590 μὴ
347 2515 451 2585 ἐξεῖναι
466 2517 587 2573 ἕπεσθαι
605 2538 629 2572 ιι.
643 2540 666 2573 τ.
682 2523 719 2591 λ]
745 2526 803 2574 Lex

260 2597 302 2646 ita
314 2612 343 2647 ee
360 2595 493 2657 habebat,
511 2604 539 2643 ut
554 2597 717 2657 inposterum
736 2599 804 2646 alter

260 2666 354 2716 tunnam
363 2681 448 2731 repam
457 2667 575 2716 educeret
584 2666 720 2714 exeroitrnn
730 2663 802 2729 (cum

259 2734 348 2785 adhue
368 2743 482 2800 uterque
502 2751 549 2785 rex
571 2734 606 2784 ad
623 2733 721 2784 bellum
741 2750 802 2784 eum

260 2806 382 2855 exercitu
393 2804 529 2871 proficisci
540 2803 660 2869 soleret),
670 2806 748 2853 alteri
757 2820 802 2854 αα-

259 2882 305 2925 tem
319 2876 387 2940 rapi,
404 2878 447 2940 ραί
456 2875 521 2927 domi
532 2884 657 2936 nruneret,
676 2875 803 2939 Tyndari-

259 2946 348 2995 darum
361 2961 458 3011 quoque
471 2948 537 2995 ulter
546 2945 712 2993 veloticurtoa
725 2946 803 2994 reliu-

259 3024 378 3079 queretur
392 3024 417 3065 et
430 3016 544 3064 toletanis
558 3014 628 3063 dena.
654 3014 716 3063 Duo
730 3015 801 3064 enim

259 3099 319 3133 cum
338 3088 431 3133 essent
449 3082 637 3148 Tyndaridae,
657 3082 753 3134 Castor
774 3089 802 3133 et

258 3152 369 3213 Pollux,
389 3152 556 3215 totidemque
574 3153 696 3202 civitatis
712 3170 801 3218 reges,

259 3237 375 3286 aequum
388 3220 547 3281 videbatur,
564 3225 596 3268 ut
608 3236 702 3284 regum
714 3222 801 3272 altero

257 3292 331 3339 domi
350 3296 476 3340 manente
495 3289 564 3339 alter
581 3289 717 3340 duntaxat
728 3293 802 3357 Tyn·

257 3359 415 3408 deridarnm
428 3359 457 3407 in
467 3359 668 3422 expeditionem
679 3375 801 3410 aasume-

256 3433 339 3477 retur.
360 3430 411 3478 Eat
422 3428 491 3477 enim
502 3428 677 3491 cogitandum
688 3429 801 3494 deTyn·

257 3496 413 3546 daridarum
433 3497 519 3561 signia
536 3498 564 3545 in
578 3495 676 3547 bellurn
695 3513 799 3549 aarum·

257 3567 330 3629 plia,
365 3581 435 3632 quae
458 3564 597 3618 Plutarch.
617 3567 659 3617 De
684 3568 797 3619 tratern.

256 3635 799 3702 am01·.p.478Aacribitluiaseduoligna

255 3705 407 3770 aequaliter
422 3705 555 3755 distantia
564 3704 722 3770 duobusque
734 3707 798 3758 aliia

856 2187 912 2230 nat.
925 2181 998 2231 deor.
1009 2180 1048 2242 ll,
1060 2183 1084 2240 2,
1096 2180 1143 2228 ubi
1152 2178 1208 2231 vid.
1218 2177 1313 2226 Davia.
1327 2178 1399 2226 Nam

856 2265 925 2315 quae
938 2249 1159 2299 Hematerhueiue
1174 2247 1285 2312 collegit
1297 2248 1332 2297 ad
1344 2249 1401 2296 Lu-

855 2321 927 2368 cian.
950 2319 1075 2384 Dialogg.
1097 2318 1184 2367 deorr.
1204 2317 1309 2375 xxvl,
1331 2317 1354 2367 l.
1369 2331 1397 2380 p.

855 2387 904 2439 331
918 2389 950 2439 T.
966 2389 995 2438 Il
1011 2389 1052 2439 ed.
1066 2389 1143 2452 Bip.,
1158 2387 1211 2436 buc
1227 2387 1316 2436 minua
1329 2385 1399 2435 iaci·

853 2463 912 2507 unt.
943 2459 1009 2507 lude
1023 2473 1088 2506 vero
1106 2455 1309 2521 explicandum,
1326 2455 1399 2520 quod

853 2528 950 2577 Locris
964 2526 1155 2593 Epizephyriie
1171 2526 1314 2591 Spartam,
1335 2541 1397 2575 cum

853 2597 1074 2647 crotoniatarum
1086 2595 1184 2647 bellum
1194 2597 1330 2659 timerent,
1338 2597 1399 2644 mir.

854 2668 976 2731 tentibus
999 2668 1186 2731 auxiliumque
1205 2667 1259 2716 sibi
1281 2667 1398 2730 petenti-

854 2737 903 2786 bue
910 2737 1040 2802 Spartani
1049 2736 1257 2801 responderunt,
1264 2751 1293 2786 ae
1303 2736 1398 2800 copias

853 2806 926 2856 haud
939 2807 1063 2868 daturos,
1076 2806 1124 2855 aed
1138 2807 1286 2855 Dioaouroe
1300 2806 1398 2855 missu-

852 2892 897 2927 ros
911 2892 985 2939 ease,
1002 2882 1073 2926 teate
1084 2875 1184 2929 Zenob.
1200 2876 1278 2927 Ceut.
1296 2875 1325 2924 11
1333 2912 1340 2933 ,
1353 2876 1395 2924 17.

852 2946 981 2999 Eustath.
993 2947 1028 2996 ad
1038 2947 1147 2995 Homer.
1161 2960 1188 3008 p.
1199 2946 1260 3007 278,
1271 2944 1288 2994 6
1300 2961 1323 2996 a.
1335 2945 1395 3006 210,

852 3015 896 3065 30.
910 3017 999 3081 Atque
1007 3017 1059 3066 buc
1069 3030 1176 3081 quoque
1186 3017 1314 3079 pertinet,
1322 3015 1395 3079 quod

852 3085 964 3147 intrav,
977 3086 1012 3136 80
1025 3086 1168 3135 memoriae
1181 3084 1317 3148 proditum
1328 3083 1396 3147 legi·

852 3170 928 3204 mus:
950 3156 1098 3220 Aeginetae
1111 3153 1250 3203 Thebanis
1263 3153 1396 3203 auxilium

853 3225 1008 3289 petentibus
1022 3226 1129 3287 miaiaae
1142 3224 1281 3283 Aeacidae,
1295 3223 1395 3274 beroae

853 3309 932 3354 auoe;
962 3310 1031 3360 quor
1054 3310 1115 3345 curu
1142 3293 1293 3343 imbecillos
1311 3299 1396 3357 atque

852 3363 965 3415 inutiles
978 3380 1037 3415 oeae
1052 3363 1246 3427 comperissent
1258 3361 1394 3423 Thebani,

850 3432 1002 3484 reddidisse
1015 3434 1147 3490 feruntur,
1158 3434 1226 3483 or'ror
1237 3431 1302 3495 (non
1314 3435 1395 3497 rigna

851 3501 973 3565 deorum)
981 3504 1033 3552 eibi
1044 3503 1147 3553 auxilio
1157 3503 1231 3551 mitti
1240 3504 1394 3566 cupienter.

849 3572 918 3623 Add.
930 3573 1007 3635 Vlll,
1017 3572 1061 3633 83,
1074 3572 1119 3621 ubi
1133 3572 1168 3621 ad
1183 3586 1301 3636 pugnarn
1315 3571 1395 3622 Sala·

850 3641 960 3691 miniam
978 3642 1139 3707 Aeginetica
1156 3642 1235 3691 navia
1255 3641 1393 3691 Aeacidae

849 3710 885 3760 ad
906 3711 1039 3761 auxilium
1063 3710 1247 3776 praebendum
1275 3713 1395 3762 arceari-

255 3777 420 3827 transversis
434 3775 589 3825 coniuncta.
618 3776 672 3837 Qui
686 3777 798 3842 Tynda·
848 3780 922 3831 virae
946 3781 1055 3831 dicitur.
1091 3784 1148 3832 Nee
1167 3781 1295 3845 sugerunt
1323 3781 1394 3831 talia

253 3847 332 3896 ridae
348 3862 370 3899 a.
383 3846 526 3909 Dioscuri,
543 3860 612 3910 quoa
626 3846 741 3910 Spartae
754 3847 798 3911 pie
848 3850 1035 3900 Waehsmuth.
1060 3850 1166 3901 Hellen.
1193 3850 1393 3903 Alterthumrlr.

254 3915 342 3965 cultos
355 3931 415 3966 erse
426 3914 474 3980 (of.
486 3915 588 3964 Herod.
602 3916 650 3978 lx,
664 3915 708 3981 73)
719 3932 797 3967 nemo
849 3918 885 3969 11.
895 3935 921 3984 p.
931 3920 991 3982 302,
1003 3920 1050 3970 ubi
1061 3918 1241 3985 depretiaris
1252 3921 1281 3970 vi
1294 3921 1322 3970 in
1335 3919 1393 3971 bel·

253 3986 354 4047 nescit,
377 3985 457 4035 rebus
472 3984 576 4034 bellicio
597 3999 657 4034 eum
671 4001 798 4049 praeesse
848 3988 915 4038 lieas
926 3989 1089 4041 Graecorum
1100 3991 1286 4054 expeditiones
1299 3990 1393 4055 dispu-

252 4060 422 4119 putarentur,
435 4055 569 4119 aregibue
579 4054 613 4104 ad
625 4054 726 4105 bellum
736 4071 798 4121 pro·
848 4063 910 4109 tana
929 4058 980 4109 hoe
999 4075 1107 4125 quoque
1121 4060 1216 4122 affert,
1237 4062 1272 4109 ad
1289 4059 1392 4111 bellum

251 4126 436 4176 deterentibus
446 4125 510 4175 boni
529 4125 627 4175 ominis
641 4141 725 4176 cauea
740 4125 798 4176 vel·
848 4129 1126 4179 exeuntibuelreroum
1138 4130 1179 4180 rei
1189 4129 1302 4179 militari
1312 4145 1392 4195 prae·

253 4195 295 4243 nti
315 4199 484 4246 auxiliatores
508 4194 665 4245 solemniter
687 4198 798 4247 evocati
848 4197 981 4248 scotorum
993 4201 1072 4263 eigna
1084 4198 1179 4249 addita
1191 4199 1290 4249 suisae:
1312 4201 1391 4265 quip-

253 4266 461 4314 aaanmebaatur
475 4279 606 4330 regesque
625 4266 700 4329 ipaoe
717 4266 797 4330 quasi
847 4283 882 4331 pe
897 4283 965 4332 quae
980 4268 1015 4318 ad
1029 4284 1144 4334 pugnarn
1162 4270 1272 4333 eiusque
1285 4271 1391 4320 exitum

253 4333 394 4413 cpmitari⁹
412 4333 638 4411 perhibebantur,
673 4331 797 4398 σωτῆρες
847 4337 960 4388 multum
976 4338 1068 4388 valere
1094 4339 1287 4402 opinabantur.
1317 4339 1388 4392 Add.

251 4397 796 4469 (οντες)ναηαθολπαρασταται,αλοραᾶ
847 4406 876 4456 0.
889 4408 923 4457 Ο.
936 4407 1063 4458 Mueller:
1075 4408 1142 4461 Dor.
1157 4410 1180 4459 Ι.
1195 4406 1325 4473 parete,
1341 4412 1391 4474 qui

251 4471 394 4523 Aelianum
415 4471 560 4539 legimure
581 4474 665 4540 poeta
680 4475 795 4541 antiqno
846 4475 882 4529 ad
890 4476 969 4529 huiue
979 4476 1069 4530 cultae
1079 4479 1272 4546 antiquitatem
1283 4478 1310 4528 iu
1320 4480 1392 4533 mira
