3100 5175
289 455 352 517 480

726 456 993 518 HERODOTI

241 641 276 702 tt
293 619 400 698 Αόται
424 632 461 697 αί
478 633 599 715 πᾶσαι,
622 631 677 697 καὶ
696 625 771 698 οὐδ’
785 632 827 697 ἐί
846 633 956 721 ἕτεραι
984 628 1066 719 πρός
1086 630 1224 720 ταότησι
1249 631 1437 720 γενόμεναι

288 739 543 821 στρατηλασίαι,
565 737 642 821 μιῆς
662 737 762 820 τῆσδε
776 732 839 801 οὐκ
853 732 951 816 ἄξιαι.
993 741 1028 802 τί
1040 732 1104 821 γὰρ
1118 732 1181 802 οὐκ
1199 732 1305 821 ἤγαγε
1321 740 1359 804 έν
1373 742 1436 822 τῆς

284 835 392 925 Ἀσίης
407 843 508 917 έθνος
526 837 581 906 ἐπὶ
602 835 663 924 τὴν
678 832 818 905 Ἐλλάδα
831 840 971 926 Ξέρξης;
999 854 1094 906 κοῖον
1109 840 1146 907 δὲ
1168 839 1359 926 πινόμενόν
1371 868 1434 931 μιν

287 938 381 1028 ὕδωρ
396 937 459 1009 οὐκ
473 944 626 1024 ἐπέλιπε,
653 938 741 1028 πλὴν
760 944 830 1008 τῶν
847 943 1003 1028 μεγάλων
1026 947 1200 1029 soranum
1230 947 1266 1010 οί
1285 944 1350 1030 μὲν
1364 942 1433 1029 γὰρ

287 1049 365 1124 νέας
386 1051 603 1131 παρείχοντο,
631 1047 667 1112 ol
689 1044 726 1111 tt
750 1046 784 1122 ές
812 1043 910 1126 πεζόν
938 1045 1128 1131 ἐτετάχατο,
1155 1060 1240 1114 τοῖσι
1265 1047 1304 1114 el
1326 1051 1433 1124 ἵππος

288 1150 545 1236 προσετέτακτο,
559 1161 645 1215 τοῖσι
662 1147 698 1215 (ll
712 1148 891 1234 ἱππαγωγὰ
907 1158 1022 1231 πλοῖα,
1037 1145 1105 1235 ἅμα
1118 1154 1429 1238 στρατευομένοισι,

252 1253 257 1263 ’
287 1267 372 1334 τοῖσι
387 1250 424 1319 δέ
438 1255 471 1330 ἐς
483 1249 541 1331 τὰς
555 1250 706 1339 γεφύρας
719 1249 847 1339 μακρὰς
865 1252 942 1332 νεάς
956 1254 1131 1339 παρέχειν,
1145 1266 1231 1321 τοῖσι
1246 1253 1285 1322 et
1301 1253 1378 1322 etesi
1391 1280 1430 1321 τε

287 1356 343 1424 καὶ
358 1357 445 1433 νέας.

289 1530 331 1595 (ut
343 1530 366 1592 1,
381 1530 421 1579 50.
434 1528 476 1579 39.
491 1529 533 1579 77.
547 1527 605 1577 ito.
621 1526 679 1577 153.
696 1528 753 1578 itii.
770 1528 828 1579 157.

289 1600 346 1651 lte.
367 1598 427 1662 lte)
447 1596 562 1663 indeque
581 1596 663 1646 etiam
681 1596 754 1647 infru
766 1598 829 1660 vll,

289 1670 338 1721 133
348 1670 502 1720 restitutum
513 1657 743 1729 νοΙλέξηλαονον.
757 1668 829 1716 Adel.

288 1740 350 1801 Vll,
362 1739 394 1788 41
411 1739 470 1787 init.
503 1738 545 1787 Tu
560 1737 615 1786 vid.
630 1751 700 1785 nuuc
711 1737 829 1788 Bredov,

287 1825 312 1874 μ.
324 1808 384 1868 2119,
400 1809 446 1873 qui
458 1805 609 1857 omnishnc
620 1807 776 1871 spectantia
789 1812 830 1856 at·

287 1880 359 1930 tulit.

426 1956 429 1963 '
477 1980 543 2031 civ.
564 1979 638 2031 εει.

322 2081 369 2134 καὶ
385 2078 450 2133 οὐδ’
470 2077 496 2130 εἰ
511 2077 613 2146 ἕτεραι]
635 2082 679 2132 Ite
696 2082 828 2144 Florent,

286 2156 423 2206 Mediceus
433 2154 461 2218 (a
470 2167 521 2216 quo
535 2158 626 2202 temen
638 2152 716 2201 abest
728 2148 786 2215 καὶ)
794 2168 827 2200 ac

287 2231 343 2274 tres
357 2224 405 2274 elii
419 2222 507 2283 codd.,
520 2223 653 2285 probante
665 2221 827 2285 Schweigh.‚

287 2296 403 2358 itemque
427 2289 514 2341 Gaisf.
540 2296 567 2343 et
593 2291 654 2354 ipso
675 2292 772 2341 Matth.
799 2293 828 2340 iu

287 2366 332 2413 Gr.
352 2366 397 2413 Gr.
421 2377 447 2425 p.
469 2358 533 2409 1251
557 2358 669 2423 (uiride
689 2359 828 2411 locutione

287 2432 338 2481 hac
360 2427 475 2492 monuit)
505 2435 533 2478 et
556 2430 584 2477 in
603 2436 670 2480 nota
693 2430 727 2479 ed
748 2430 774 2479 h.
798 2429 826 2490 1.,

286 2503 334 2552 ubi
355 2490 421 2549 οὐδ’
443 2493 469 2547 εί
492 2492 583 2561 ἕτεραι
607 2498 677 2548 idem
702 2515 762 2550 esse
787 2502 828 2549 ait

286 2577 370 2638 atque
383 2559 447 2620 οὐδ’
464 2561 573 2631 ἕτεραι,
590 2562 617 2618 εἰ
634 2562 725 2634 ἕτεραι
743 2558 826 2633 ἦσαν,

287 2643 376 2693 citans
400 2641 432 2694 G.
456 2641 604 2702 Hermann,
637 2638 672 2688 ed
699 2639 825 2704 Sophocl.

285 2714 362 2765 Aiac.
377 2727 418 2762 vs.
431 2710 495 2772 179,
519 2709 613 2774 quide
631 2724 683 2759 usu
701 2708 753 2759 hoc
771 2709 827 2760 elli-

285 2784 358 2850 ptico
380 2780 532 2847 particulae
554 2775 581 2827 εί
600 2777 739 2844 eirposuit,
765 2795 826 2828 cum

285 2852 394 2904 verbum
407 2853 495 2917 ipsum
509 2866 542 2898 ex
556 2850 652 2912 eltero,
667 2850 738 2913 quod
748 2851 827 2899 iuxta

284 2924 402 2990 positum
415 2921 568 2981 inuenitur,
584 2917 761 2984 supplendum
773 2920 826 2978 sit;

285 2995 379 3059 itaque
398 2990 539 3042 commode
559 2990 585 3037 h.
605 2990 622 3039 l.
642 2988 678 3038 ad
694 2981 720 3036 εί
734 2983 826 3050 ἕτεραι

285 3069 374 3114 mente
388 3061 474 3112 eudes
486 3059 551 3108 licet
564 3047 638 3123 ἦσαν
649 3072 671 3108 s.
686 3048 826 3123 ἕγὲνοὶτο,

285 3151 299 3184 e
321 3126 469 3198 γενόμεναι
495 3128 670 3192 repetendum
695 3128 745 3177 hoc
768 3129 826 3180 iere

284 3217 381 3255 seusu:
406 3209 482 3266 atque
498 3214 529 3247 nc
542 3213 588 3247 eae
606 3198 703 3262 quidem
717 3199 826 3261 expedi-

284 3277 378 3335 tiores,
392 3271 415 3319 si
430 3284 494 3334 qnae
506 3275 565 3330 post
576 3268 733 3330 timefactae
745 3270 826 3317 exsti·

281 3345 367 3404 serint,
379 3355 400 3389 s.
408 3354 486 3402 neque
496 3353 576 3386 ornnes
585 3336 633 3385 lure
642 3338 825 3400 empeditiones,

282 3427 363 3475 neque
381 3409 461 3470 aliae,
480 3408 504 3456 εἰ
522 3422 587 3470 ριιαε
605 3414 664 3470 poet
677 3407 824 3468 terrefactus

281 3489 348 3538 suut,
363 3480 454 3541 dipnue
464 3484 536 3539 sunt,
549 3492 613 3541 qaue
624 3491 678 3525 cum
687 3475 764 3526 leucoe
773 3493 824 3526 απα

283 3551 457 3613 conseruntur.
472 3547 570 3611 ltaque
579 3545 646 3594 nihil
657 3548 771 3605 mutavi,
781 3559 824 3597 as-

282 3616 619 3670 sentienteWannowskio
630 3615 745 3680 Syntax.
756 3630 824 3666 eno-

282 3688 346 3739 mel.
360 3687 472 3738 Graece.
488 3685 576 3751 (Lips.
592 3684 669 3748 1835)
681 3701 743 3750 pag.
758 3686 819 3740 213.

282 3757 456 3810 ESuncroiti
467 3756 536 3806 libro
553 3754 719 3806 recentiores
734 3755 821 3806 edito·
841 3770 844 3778 ’

281 3845 325 3880 res
352 3832 500 3894 praeeunte
520 3824 666 3877 Schaeiero
689 3824 822 3876 dederunt

282 3899 404 3964 (abiecti
419 3897 517 3948 voculei
532 3891 606 3960 uul):
635 3887 698 3943 οὐδ’
717 3887 820 3960 ἕτεραι,

280 3969 353 4034 quod
370 3970 397 4017 in
416 3957 483 4016 orlei
499 3963 589 4028 ἕτεραι
604 3965 704 4014 mutari
720 3966 819 4016 dudum

279 4039 405 4090 voluerat
416 4037 628 4098 Valckenarius,
643 4049 694 4100 quo
709 4035 820 4086 iubente

279 4109 426 4159 articulum
438 4100 470 4156 el
482 4112 546 4157 aute
562 4103 762 4168 στρατηλασίαι
774 4107 820 4157 de·

278 4178 332 4229 levi
348 4195 364 4228 a
377 4177 534 4228 melioribus
549 4175 625 4225 libris
640 4174 779 4226 omissum.

313 4246 380 4312 μιῆς
397 4244 482 4311 τῆσδε
502 4238 554 4295 οὐκ
571 4235 658 4310 ἄξιαι]
679 4245 697 4293 i.
715 4261 737 4295 e.
754 4245 818 4297 iudi·

275 4335 341 4383 μιιαι
361 4327 430 4380 suut,
455 4333 519 4381 quae
543 4331 596 4365 cunr
615 4331 665 4363 απα
683 4316 734 4365 ista
753 4331 817 4366 com-

273 4396 407 4455 parentur.
443 4388 513 4451 Apte
531 4389 671 4450 comparat
686 4384 816 4437 Valckcu.

276 4459 330 4510 VII
339 4495 346 4521 ,
360 4458 407 4507 20:
425 4448 505 4519 μαρὰ
522 4451 628 4503 τοῦτον
642 4451 732 4518 μηδὲν
751 4452 817 4518 φαί-

275 4526 388 4589 νεσθαι,
401 4526 429 4577 id
437 4526 508 4592 quod
518 4523 612 4576 eodem
620 4524 700 4589 redit,
711 4524 816 4576 addens

880 1527 963 1577 scribi
977 1541 1082 1592 quoque
1098 1527 1220 1592 potuisse
1233 1527 1269 1576 ab
1282 1527 1428 1578 Herodoto

879 1595 930 1716 pepp
953 1595 1021 1661 τῇδε
1042 1590 1094 1644 oria
1117 1587 1197 1657 ἄξιαι
1220 1595 1431 1662 συμβληθῆναί

880 1680 943 1716 εσι,

913 1736 997 1784 τοῖον
1007 1728 1038 1783 δὲ
1048 1728 1205 1798 πινόμενόν
1216 1748 1267 1798 μιν
1280 1725 1361 1798 ὕδωρ
1371 1725 1426 1782 οὖν

878 1795 1001 1869 ἐπέλιπε]
1034 1804 1199 1871 Schweigh.:
1233 1820 1325 1869 „qaue
1347 1822 1425 1869 uque,
1448 1859 1450 1862 ,

877 1891 943 1940 quoe
960 1891 1009 1927 nou
1023 1876 1162 1938 defecerit,
1184 1876 1218 1925 ab
1234 1877 1352 1923 evercitu
1370 1878 1426 1923 eius

878 1946 969 2008 epoto?
999 1943 1104 1994 Vocula
1115 1959 1180 2008 μιν,
1202 1959 1285 2009 qnam
1303 1946 1425 1994 retinent

877 2014 1042 2078 Florentin,
1055 2014 1210 2078 Mediceus,
1228 2014 1294 2075 alii,
1314 2016 1341 2062 in
1355 2015 1424 2065 San-

879 2085 960 2134 crofti
980 2085 1049 2135 libro
1072 2085 1188 2149 aliisque
1211 2099 1265 2133 non
1287 2086 1423 2149 reperitur

878 2170 965 2219 neque
986 2156 1087 2219 requiri
1104 2155 1214 2204 videtur
1227 2152 1422 2215 Valckenario‚

878 2226 925 2289 qui
939 2226 1008 2273 citet
1020 2223 1196 2276 Demosthsn.
1209 2239 1231 2272 c.
1242 2223 1347 2288 Polycl.
1358 2240 1421 2289 pag.

877 2296 938 2357 674,
954 2294 997 2344 87,
1013 2293 1127 2345 Aristid.
1148 2295 1168 2342 1.
1182 2310 1207 2359 p.
1222 2293 1282 2343 223.
1305 2295 1422 2344 Diodes.

878 2364 931 2425 xl,
948 2366 972 2413 5.
1005 2365 1062 2413 Νεο
1081 2370 1172 2413 umen
1190 2363 1318 2428 equidem
1333 2365 1423 2413 eiece-

878 2434 937 2483 rim.
951 2432 1037 2497 cell,
1045 2435 1078 2483 25
1088 2433 1155 2498 ibiq,
1170 2432 1421 2494 lendd.ct111,25.

914 2496 944 2551 οί
954 2495 985 2551 et
998 2495 1026 2559 ές
1041 2498 1125 2560 πεζὸν
1139 2495 1300 2566 ἐτετάχατο]
1317 2503 1421 2552 Eadem

878 2572 980 2624 locutio
995 2573 1057 2632 Vll,
1070 2572 1113 2623 81.
1126 2574 1159 2623 85
1172 2573 1215 2622 fin.
1229 2573 1273 2623 tlt.
1290 2572 1420 2623 1111403.

875 2644 954 2704 Vlll,
971 2644 992 2694 l.
1003 2642 1046 2694 63.
1061 2643 1110 2703 IX,
1126 2643 1168 2692 32.
1183 2644 1215 2691 44
1233 2642 1294 2694 οοΙΙ,
1308 2642 1363 2704 111,
1375 2644 1419 2694 97.

876 2714 1020 2762 Caeterum
1039 2713 1137 2762 Xerxis
1164 2714 1260 2776 copiee
1285 2712 1421 2775 triplices,

877 2797 944 2846 quae
963 2782 988 2832 li.
1009 2782 1027 2831 l.
1049 2782 1269 2847 distinguuntur,
1297 2782 1421 2842 navales,

876 2852 1032 2916 pedestres,
1054 2861 1208 2916 equestres,
1229 2852 1323 2902 eodem
1337 2851 1419 2901 morlo

876 2926 1015 2985 ponuntur
1032 2922 1103 2985 apud
1123 2920 1250 2985 Aeschyl.
1272 2922 1349 2972 Pers.
1370 2921 1419 2971 l8:

876 2983 908 3038 οί
918 2986 970 3053 μὲν
983 2982 1032 3053 ἐφ’
1051 2988 1161 3054 ἵππων,
1180 2984 1210 3039 oi
1225 2987 1257 3039 δὲ
1269 2982 1315 3039 έπὶ
1330 2989 1417 3052 ναῶν,

875 3057 956 3120 πεζοί
972 3075 1000 3110 τε
1019 3056 1126 3126 pedm:
1152 3060 1198 3110 ubi
1218 3065 1282 3125 apte
1301 3061 1419 3111 afferunt

875 3130 1006 3180 Simonid.
1018 3131 1106 3181 XLIV
1121 3132 1164 3181 ed.
1177 3130 1315 3181 Gaisiord.
1334 3147 1374 3180 vs.
1386 3130 1416 3180 3:

875 3195 1024 3264 αἰχμηταὶ,
1045 3198 1125 3258 πεζοί
1140 3213 1168 3249 τε
1190 3197 1236 3248 καὶ
1256 3192 1418 3261 ὠκυπόρων

875 3260 922 3317 ἐπὶ
951 3267 1037 3334 νηῶν.
1082 3269 1123 3319 nd
1152 3271 1236 3320 verbe
1262 3262 1416 3333 ίππαγωγά

873 3337 960 3387 πλοῖα
979 3340 1050 3391 conf.
1071 3346 1141 3390 nott.
1157 3341 1192 3389 ed
1207 3340 1260 3399 Vl,
1273 3339 1322 3399 48;
1345 3354 1415 3404 quae

873 3409 1009 3459 edduutur
1027 3409 1123 3474 verba,
1150 3399 1209 3472 ἅμα
1229 3407 1412 3473 στρατευομέ-

873 3491 958 3542 νοισι,
972 3495 1052 3544 quse,
1064 3479 1099 3529 ad
1111 3484 1276 3531 structuram
1289 3479 1361 3544 quod
1373 3487 1416 3528 at·

872 3549 950 3611 tinet,
958 3549 1113 3599 referuntur
1121 3550 1156 3599 ad
1165 3548 1331 3599 antecedens
1341 3551 1414 3598 τοῖσι

872 3612 918 3680 el,
938 3619 1092 3684 significant
1112 3624 1220 3684 praeter
1238 3619 1354 3682 navigia
1370 3634 1414 3669 ex·

871 3688 990 3738 hibenda
1009 3688 1087 3738 simul
1105 3689 1228 3740 homines
1247 3686 1413 3737 militaturos

872 3759 940 3822 ipsis
959 3759 1101 3823 impositos
1120 3774 1179 3810 esse
1204 3774 1226 3808 s.
1246 3758 1322 3823 ipsos
1340 3757 1413 3807 erhi-

871 3827 935 3878 bere
945 3828 1033 3878 iussos
1043 3843 1111 3879 esse.
1131 3830 1172 3878 De
1182 3842 1292 3877 numero
1301 3829 1412 3878 nerium

871 3898 1080 3962 copiarumque,
1102 3899 1199 3964 quibus
1217 3896 1287 3947 haec
1305 3898 1412 3961 expedi·

872 3968 910 4015 tio
930 3968 1070 4027 constitit,
1086 3968 1121 4018 cl.
1136 3968 1199 4028 VII,
1215 3967 1271 4017 184.
1305 3968 1410 4016 Distin-

869 4037 930 4101 guit
938 4043 1026 4086 autem
1038 4037 1063 4087 h.
1074 4037 1091 4087 l.
1100 4037 1258 4087 Herodotus
1269 4031 1334 4093 νέας
1346 4036 1377 4101 (i.
1387 4055 1411 4086 e.

869 4121 953 4155 naves
972 4106 1099 4168 bellicas,
1121 4108 1257 4170 triremes)
1279 4111 1307 4156 et
1324 4100 1411 4156 ἱππα-

869 4169 944 4240 γωγὰ
960 4176 1047 4225 πλοῖα
1060 4176 1092 4240 (ἰ.
1107 4193 1131 4228 e.
1146 4178 1258 4240 navigia
1273 4177 1308 4226 ad
1325 4191 1411 4241 equos

869 4246 1056 4310 vehendoslet
1065 4241 1173 4309 μακρὰς
1183 4241 1411 4309 senecensem

867 4315 964 4381 longas
975 4316 1011 4366 ad
1020 4323 1131 4380 pontem
1140 4315 1305 4380 iungendum
1315 4322 1408 4380 aptus:

867 4401 935 4451 qnae
948 4402 1002 4436 nou
1011 4386 1079 4436 alias
1090 4400 1150 4436 esse
1160 4392 1243 4451 atque
1252 4399 1410 4448 πεντηκον-

866 4450 964 4518 τέρους
976 4456 1038 4516 VII,
1050 4456 1097 4508 184
1104 4454 1258 4520 appellatas
1268 4455 1411 4506 existimet

865 4527 966 4577 Kruse:
977 4524 1068 4577 Ueber
1076 4525 1214 4577 Herodoto
1221 4524 1408 4591 Auemessung
