3100 5175
1195 386 1255 449 793

414 398 440 459 P
449 394 687 458 OLYMNIA.
710 394 781 455 VII.
802 404 863 459 ⁶235.
884 402 945 458 ⁸236.

130 569 353 659 ἐνδεκόμενον
366 569 501 659 λόγους,
523 542 715 660 ὃςκφθονέει
732 596 784 639 τοι
801 559 839 637 εὖ
853 566 1050 657 πρήσσοντι,
1070 560 1160 654 ήκαὶ
1174 589 1255 650 προ-

132 683 224 747 διδοῖ
242 676 417 765 πρήγματα
438 673 477 743 τό
497 674 548 744 σύ.
584 676 641 745 καὶ
665 673 730 762 γὰρ
760 672 879 762 δήκαὶ
905 672 1055 759 τρόποισι
1080 668 1257 740 τοιούτοισι

130 780 313 870 χρεόμενοι
336 784 370 848 oi
383 775 541 868 Ἕλληνες
561 787 729 869 χαίρουσι·
758 783 819 847 τού
837 804 872 846 τε
887 773 1061 864 εὐτυχέειν
1072 776 1258 861 φθονέουσι

130 887 188 953 καὶ
199 883 238 955 τό
254 887 396 972 κρέσσον
410 887 598 970 στυγέουσι.
638 879 727 953 Ε1ι1’
745 883 799 952 ἐπὶ
818 885 893 970 τήσι
908 880 1112 968 παρεούσῃσι
1125 877 1258 970 τύχῃσι,

130 994 199 1058 τεόν
212 991 286 1069 νέες
298 985 546 1077 νεναυηγήκασι
560 986 780 1076 τετρακόσιαι,
796 983 949 1066 ἄλλαςέκ
961 989 1021 1053 τού
1034 985 1260 1071 στρατοπέδου

131 1100 322 1180 τριηκοσίας
345 1087 553 1179 ἀποπέμψεις
573 1089 778 1182 περιπλώειν
792 1089 1069 1176 Πελοπόννησον,
1090 1084 1265 1175 ἀξιόμαχοί.

130 1223 183 1267 τοι
210 1202 360 1283 γίνονται
379 1201 413 1264 οἱ
427 1193 614 1265 ἀντίπαλοι.
649 1191 731 1284 ύιλής
757 1194 793 1263 ot
822 1191 887 1263 ἐόν
908 1189 925 1261 ό
946 1189 1103 1271 ναυτικὸς
1122 1187 1260 1277 στρατός

132 1299 444 1388 δυσμεταχείριστός
462 1327 499 1369 τε
512 1297 642 1369 αότολσι
657 1305 802 1386 γίνεται,
820 1299 875 1366 καὶ
896 1293 1001 1384 ἀρχήν
1018 1293 1081 1364 οὐκ
1093 1292 1263 1382 ἀξιόμαχοί

131 1433 183 1475 τοι
199 1410 348 1473 ἔσονται·
386 1405 441 1472 καὶ
462 1399 726 1485 πᾶςόναυτικὸς
745 1406 791 1496 τῷ
805 1406 891 1494 πεζῷ
911 1397 1042 1489 ἀρήξει,
1061 1401 1117 1468 καὶ
1136 1394 1261 1480 όπεζός
1311 1412 1314 1419 ’

131 1514 179 1603 τῷ
201 1513 366 1602 ναυτικῷ,
393 1502 479 1597 όμού
502 1508 737 1597 πορευόμενος.
772 1510 803 1574 εἰ
822 1505 860 1574 δὲ
880 1503 1090 1589 διασπάσεις,
1117 1497 1194 1573 ούτε
1219 1500 1262 1570 σύ

168 1735 203 1804 ὃς
212 1740 334 1809 φθονέει
342 1760 385 1796 τοι
397 1733 428 1796 εὖ
438 1741 604 1813 πρήσσοντι]
621 1749 676 1798 Ea-

132 1818 195 1868 dam
206 1821 346 1868 structura
356 1817 413 1881 111,
427 1818 475 1868 140
487 1817 532 1867 fin.
561 1831 676 1882 μεταμε-

132 1881 212 1951 λήσει
231 1873 263 1937 εύ
281 1880 446 1950 ποιήσαντι,
466 1889 513 1939 ubi
531 1889 585 1939 vid.
604 1892 672 1938 nott.

133 1958 305 2009 structuram
320 1957 396 2006 verbi
406 1957 545 2019 φθονέειν
558 1974 617 2008 cum
630 1974 675 2023 ge·

134 2029 223 2078 nitivo
233 2028 262 2076 in
271 2042 347 2093 soqq.
358 2028 454 2092 attigit
462 2028 563 2079 Matth.
572 2028 618 2081 (ir.
627 2028 675 2080 Gr.

134 2103 159 2162 5.
175 2097 237 2159 3o8,
251 2113 274 2146 a.

173 2159 328 2232 χρεόμενοι
341 2158 371 2215 οἲ
383 2155 517 2230 Ἕλληνες
534 2163 675 2230 χαίρουσι]

134 2238 153 2286 i.
169 2252 195 2286 e.
207 2238 344 2288 istiusmodi
355 2236 462 2286 moribus·
474 2253 496 2288 s.
506 2238 568 2288 istoc
580 2239 677 2301 ιἰιμιιιὲο

134 2308 220 2359 solem
231 2322 286 2358 erac
299 2308 398 2358 Graeci.
414 2306 497 2357 Plane
508 2306 583 2357 aliud
593 2308 677 2371 signi·

135 2377 249 2440 ficaret,
266 2382 298 2427 ut
312 2377 379 2427 banc
398 2382 515 2427 annotat
527 2377 678 2427 Valckena-

134 2448 207 2497 rius:
233 2444 379 2511 χαίροντες
396 2443 528 2510 χρῶνται.
565 2447 678 2496 Obtinot

136 2517 209 2567 enim
221 2515 248 2567 h.
261 2515 280 2566 1.
294 2532 328 2566 aa
340 2516 415 2566 verbi
427 2516 603 2581 significatio,
623 2530 677 2582 qua

136 2586 233 2638 addito
247 2585 403 2652 plerumque
422 2586 570 2652 participio
587 2585 677 2638 vulstr

135 2658 261 2709 labentius
274 2658 366 2720 soom
389 2673 412 2707 s.
427 2658 523 2721 aliquid
531 2659 622 2721 faeere
637 2673 678 2708 so·

134 2732 200 2780 lere.
234 2727 296 2776 Vid.
314 2724 346 2776 G.
367 2726 515 2777 Hermann.
536 2727 572 2777 ud
587 2728 678 2791 Viget.

136 2796 302 2849 Idiotismm.
312 2811 374 2861 pag.
386 2797 438 2849 too
446 2813 503 2862 seq.
517 2797 578 2849 coll.
589 2797 680 2848 Blom-

135 2867 208 2919 field.
227 2868 256 2916 iu
272 2865 394 2917 Glossar.
417 2867 451 2917 ad
463 2866 590 2930 Aeschyli
602 2868 678 2917 Pars.

137 2937 189 2989 843
202 2936 326 2987 Addcud.
339 2943 367 2986 et
380 2936 414 2986 ud
426 2936 578 3001 Ohoiiphor.
590 2939 651 2989 442.

172 3005 231 3055 tros
247 2999 307 3063 νέες
324 2997 532 3071 νεναυηγήκασι
551 2998 680 3069 τετρακύ·

725 1747 784 1797 iuro
797 1746 869 1797 hunc
886 1745 989 1807 locum,
1007 1745 1099 1808 inquo
1113 1741 1201 1792 nudus
1217 1757 1262 1807 ga·

726 1817 828 1867 uitivus
846 1813 926 1881 (τόν)
943 1815 977 1864 ab
989 1814 1128 1865 Herodoto
1143 1813 1263 1877 ponitur,

726 1887 781 1937 illis
794 1885 925 1950 exemplis
937 1884 1115 1935 adnumerare
1127 1882 1218 1942 liceat,
1235 1883 1263 1930 iu

726 1957 824 2021 quibus
847 1970 926 2006 casus
947 1955 1079 2005 secundus
1103 1952 1180 2003 tertii
1202 1951 1263 2001 loco

704 2037 709 2048 ’
727 2043 787 2081 esse
800 2031 920 2092 putatur,
935 2040 1005 2091 quae
1021 2029 1063 2074 cst
1075 2023 1169 2088 opinio
1178 2021 1264 2072 Eltzii

727 2098 745 2148 l.
759 2097 778 2147 1.
793 2098 834 2147 ita
845 2095 977 2146 dicentis:
1003 2094 1063 2157 „ita
1077 2088 1133 2141 τοῖν
1147 2094 1265 2157 pertinet

727 2166 762 2217 ad
790 2167 940 2232 proximum
965 2178 1062 2214 nomen
1084 2154 1198 2230 τύχῃσι,
1224 2167 1265 2212 at·

727 2252 780 2302 qua
795 2236 931 2288 sententia
949 2234 1018 2285 haec
1031 2237 1085 2285 cst:
1111 2234 1226 2298 „quadri
1239 2234 1266 2282 ιἰι

726 2308 775 2357 Ιιαο
790 2308 922 2369 praesenti
938 2307 1095 2365 cularuitote,
1118 2320 1169 2369 qua
1189 2317 1266 2353 naues

727 2377 926 2443 quadringentae
946 2375 1082 2439 παυίναμίο
1103 2370 1265 2437 perierunrf‘

727 2449 803 2510 Quae
817 2446 954 2498 sententia
966 2447 991 2495 si
1002 2444 1090 2507 valet,
1106 2446 1266 2509 exspectan·

728 2516 791 2567 dum
805 2521 879 2568 corte
890 2522 950 2567 erat
964 2506 999 2564 έιι
1013 2515 1057 2564 coi
1061 2529 1079 2562 ν
1095 2513 1178 2580 (quod
1193 2514 1267 2563 inve-

728 2588 803 2638 nitur
817 2586 846 2650 I,
861 2588 886 2637 8.
906 2585 965 2638 193.
980 2585 1037 2648 ΙΙΙ,
1057 2584 1115 2636 115.
1137 2583 1190 2645 IV,
1207 2583 1266 2635 183.

728 2658 791 2720 Vll,
809 2657 857 2707 122
871 2656 947 2722 etc),
962 2656 1042 2721 idque
1055 2656 1139 2720 magis
1153 2655 1266 2710 arridet,

729 2743 810 2793 quam
831 2727 934 2791 siquis
951 2722 1009 2774 τεόν
1027 2730 1113 2777 mutet
1130 2726 1158 2774 in
1173 2715 1211 2781 ὥς
1223 2722 1267 2774 vel

729 2796 818 2847 simile
836 2796 913 2862 quidr
934 2795 1066 2846 excidisse
1081 2794 1213 2858 quaedam
1226 2793 1268 2842 in·

729 2872 771 2917 tar
780 2860 879 2931 τύχῃσι
894 2870 922 2916 et
930 2867 987 2914 τῶν
998 2864 1124 2915 videntur
1134 2864 1269 2915 Bredovio

729 2937 748 2988 Ι.
759 2936 795 2998 1.,
811 2932 929 2999 qui-coir
942 2934 985 2985 val
1000 2936 1151 2999 genitivum
1162 2949 1271 2999 posses·

730 3007 817 3056 sivum
827 3004 870 3054 val
879 3006 1027 3070 genitivum
1040 3004 1198 3070 partitivum
1210 3018 1270 3054 esse

138 3074 209 3142 σιαι]
225 3075 357 3127 Voculam
368 3074 425 3125 τῶν
436 3075 566 3127 Valckcn.
579 3076 680 3127 mutari
730 3081 812 3142 putot
826 3076 886 3125 eius
904 3091 1023 3125 summac
1040 3074 1083 3124 ve]
1097 3074 1155 3125 aius
1169 3075 1209 3125 rei
1221 3072 1271 3122 ho·

137 3147 198 3200 vult
211 3146 240 3196 in
253 3143 306 3212 roi:
326 3145 365 3196 Τιι
382 3150 432 3197 cci
452 3145 514 3213 (τῷ)
529 3162 606 3197 noves
617 3163 680 3212 ῃιια-
731 3148 895 3211 suinumque,
907 3161 1019 3211 quorum
1029 3143 1174 3204 inlocum,
1187 3159 1270 3207 quam

138 3218 260 3281 droyiuta
271 3217 408 3282 ααιιῙναμιο
420 3218 566 3280 perierunt,
586 3218 609 3266 si
625 3223 677 3269 etc.
730 3216 838 3277 statuit,
851 3216 951 3267 mentio
964 3215 1046 3266 tuerit
1058 3214 1168 3263 iniecta.
1192 3213 1270 3275 Mihi,

138 3286 214 3352 „Sed
234 3285 679 3352 (verbasuutBredoviipag.15)
730 3292 761 3338 ut
773 3286 845 3347 dixi,
865 3287 951 3352 magis
969 3285 1139 3350 plecctentes
1155 3278 1212 3332 τῶν
1232 3299 1272 3333 ro·

137 3362 332 3424 praeterquam
346 3357 417 3422 quod
433 3356 499 3407 illud
512 3356 559 3423 τῷ,
575 3358 599 3408 si
613 3356 681 3408 reci·
730 3372 832 3423 ponere
844 3347 895 3419 έιι,
911 3356 984 3421 quod
995 3354 1077 3407 facilc
1088 3353 1212 3405 excidero
1224 3369 1271 3418 po·

140 3426 268 3495 piendum
289 3432 376 3490 assat,
400 3426 481 3492 plano
506 3426 596 3478 aliano
619 3427 679 3478 loco
731 3427 794 3478 tuit.
896 3441 898 3448 ’

138 3500 260 3565 positum
273 3505 355 3560 esset,
371 3498 526 3548 Herodotus
539 3499 610 3547 enim
622 3500 681 3562 ipsa
772 3482 1035 3560 δυσμεταχείριστός
1054 3506 1082 3541 τε
1100 3484 1210 3541 αύτοίσι
1232 3489 1272 3555 yi-

140 3571 238 3632 opiuor
262 3571 320 3617 tum
342 3568 383 3619 sic
404 3569 496 3632 potius
516 3567 631 3617 dixisset
656 3559 682 3615 εἰ
732 3563 979 3631 νεται]”,,ι1ι“[χλοι’1ιό
996 3565 1046 3613 illic
1067 3560 1202 3626 (Graecis)
1226 3563 1275 3612 crit

140 3634 173 3689 δὲ
189 3632 290 3703 ού,τῴ
303 3634 363 3695 νέες
376 3652 402 3686 κ.
417 3650 441 3687 τ.
457 3636 495 3689 λ.;
510 3638 593 3687 stiam
606 3642 681 3687 totus
732 3638 769 3688 ad
780 3636 970 3702 ομμαῃιιοασιαα
980 3630 1134 3698 (classis).“
1160 3632 1205 3681 lta
1215 3630 1274 3681 rad·

140 3708 336 3760 sententiarum
353 3723 439 3759 naxus
457 3723 507 3758 nos
526 3713 602 3758 votat
616 3707 682 3772 ipsis
733 3708 775 3758 dit
795 3702 1081 3770 Schweighsefieruu
1100 3703 1187 3752 minus
1205 3702 1274 3752 bano

142 3777 285 3832 vocabulis
300 3778 459 3843 pronomina
469 3776 625 3842 personalia
638 3794 683 3828 ax·
734 3777 864 3828 Schaeiar
884 3775 930 3840 (ad
948 3771 1085 3825 Plutarch.
1101 3771 1214 3825 Aristid.
1232 3772 1272 3824 11.

142 3851 268 3916 primaru.
278 3848 296 3874 ⁸⁸
335 3849 414 3911 Quod
427 3847 498 3898 idom
515 3848 584 3900 bans
597 3848 684 3899 sensit
735 3849 813 3898 Tom.
825 3848 858 3897 V.
872 3862 897 3910 p.
912 3843 973 3908 41):
992 3844 1103 3906 disfldlis
1116 3844 1152 3892 od
1159 3857 1275 3908 μιμαικ-

142 3918 205 3971 Eltz
216 3917 340 3982 (Jahrbb.
351 3918 371 3972 i.
382 3916 516 3983 Philolog.
525 3935 551 3969 u.
562 3919 684 3983 Paedag.
735 3918 800 3968 ιΙιιοι.
815 3908 926 3965 αύτοίσι
937 3914 972 3963 sd
983 3913 1148 3964 antecedens
1158 3908 1277 3960 ἀντίπα-

143 3989 237 4054 Suppl.
252 3989 302 4043 IX.
324 4004 384 4054 pag.
397 3988 478 4054 340),
497 4004 557 4039 cum
567 3987 684 4039 Vulcka-
736 3987 780 4036 λοι
794 3990 915 4050 spectat,
936 3983 1007 4049 quod
1023 3983 1093 4034 idem
1112 3982 1146 4032 ad
1159 3977 1276 4044 ἀξιόμα-

144 4059 216 4110 uarii
227 4061 414 4110 coniecturam
426 4059 536 4109 admitti
545 4074 627 4124 possa
639 4074 685 4108 ue·
735 4055 783 4121 χοί
799 4070 843 4104 τοι
862 4047 974 4104 ἔσονται
994 4059 1084 4103 mente
1100 4052 1275 4117 repetendum

144 4129 233 4195 garet.
274 4129 352 4191 Quod
379 4134 469 4179 sutem
488 4128 684 4193 Wesselingius
737 4130 797 4177 orit.
838 4126 904 4192 Ipsa
929 4140 983 4174 vox
1013 4120 1277 4187 δυσμεταχείριστος

146 4201 259 4260 statuit,
279 4200 313 4249 atl
328 4214 409 4249 voces
424 4190 470 4247 lut
486 4195 549 4262 τήοι
562 4190 685 4258 παρεού-
735 4197 809 4261 apud
824 4196 967 4245 Platonem
990 4194 1049 4258 pari
1073 4208 1154 4244 seusu
1176 4191 1278 4258 legitur

147 4283 210 4334 σῃσι
223 4264 323 4333 τύχῃσι
338 4269 392 4319 nisi
405 4269 565 4319 adsumatur
578 4258 685 4331 ἡμέων,
736 4265 945 4330 Delogg.V11.
966 4280 991 4328 p.
1010 4263 1093 4314 8081)
1113 4253 1140 4326 (ό
1160 4255 1191 4311 δὲ
1210 4264 1279 4319 παῖς

147 4354 252 4389 omnem
276 4338 402 4390 laborare
425 4339 605 4389 sententiam:
636 4337 686 4387 tali
736 4328 853 4385 πάντων
879 4332 993 4398 θηρίων
1020 4324 1077 4383 ἐστὶ
1104 4330 1279 4396 δυσμετα-

147 4409 686 4473 pronomineadscitovixopusossaax·
736 4397 1030 4471 χειριοτότνιτον)
1063 4405 1182 4469 itemque
1207 4403 1278 4468 apud

147 4479 248 4530 istimo.
286 4480 344 4531 Nec
362 4480 448 4546 magis
471 4478 608 4545 intelligo,
633 4494 686 4544 quo
736 4475 843 4529 Aulion.
855 4478 890 4529 N.
904 4477 936 4525 A.
953 4475 1000 4534 lv,
1015 4475 1057 4525 st.
