3100 5175
442 421 715 483 POLYMNIA.
738 421 811 484 VII.
832 431 893 487 238.
916 431 977 488 336.

1216 422 1278 483 797

143 591 277 682 λαβών,
300 593 359 665 τὸν
373 594 479 684 κηρὸν
496 595 602 666 αὐτοῦ
616 599 785 686 ἐξέκνησε,
806 599 862 665 καὶ
876 601 989 666 ἔπειτα
1006 599 1044 666 ἐν
1057 601 1103 689 τῷ
1117 595 1205 691 ξύλῳ
1218 602 1279 665 τοῦ

145 704 281 767 δελτίου
307 706 432 786 ἔγραψε
464 697 526 789 τὴν
560 704 713 788 βασιλέος
744 700 901 790 γνώμην·
942 700 1081 789 ποιήσας
1108 700 1144 770 δέ
1174 706 1278 770 ταῦτα

73 868 79 881 ,
143 800 252 872 ὀπίσω
267 806 406 890 ἐπέτηξε,
415 802 474 874 τὸν
487 802 592 892 κηρὸν
606 805 661 873 ἐπὶ
673 804 714 872 τὰ
728 804 919 894 γράμματα,
935 809 991 873 ἵνα
1006 803 1194 892 φερόμενον
1207 832 1277 876 κει·

144 905 208 975 νὸν
227 905 265 975 τὸ
286 912 418 977 δελτίον
438 909 545 995 μηδὲν
558 913 693 996 πρῆγμα
713 912 851 995 παρέχοι
866 906 949 996 πρὸς
962 913 1029 977 των
1042 903 1277 995 ὁδοφυλάκων.
1315 964 1318 975 .

92 1031 144 1083 618
155 1013 227 1079 ἐπεὶ
247 1010 284 1079 δέ
299 1012 354 1079 καὶ
366 1008 504 1081 ἀπίκετο
524 1016 557 1092 ἐς
570 1010 631 1100 τὴν
645 1018 896 1101 Λακεδαίμονα,
922 1009 985 1081 οὐκ
1005 1010 1095 1100 εἶχον
1109 1018 1277 1102 συρβαλέ·

144 1124 228 1183 σθαι
246 1119 279 1183 οί
290 1115 568 1204 Λακεδαιμόνιοι,
590 1125 670 1204 πρίν
689 1143 727 1204 γε
742 1115 785 1205 δή
798 1137 876 1203 σφι,
902 1112 947 1195 ὡς
962 1114 1027 1203 ἐγώ
1049 1118 1278 1208 πυνθάνομαι,

144 1219 352 1305 Κλεομένεος
366 1220 427 1308 μὲν
446 1219 620 1309 θυγάτηρ,
643 1225 823 1289 Λεωνίδεω
844 1220 881 1288 δὲ
896 1218 982 1308 γυνὴ
994 1213 1113 1308 Τοργοδ
1133 1217 1279 1292 ὑπέθετο

109 1406 111 1409 ¹
144 1325 395 1410 ἐπιφρασθεῖσα
410 1321 510 1412 αὐτὴ,
533 1322 592 1393 τὸν
605 1324 709 1413 κηρὸν
727 1330 812 1393 κνᾶν
831 1323 1032 1407 κελεύουσα,
1053 1326 1109 1393 καί
1125 1322 1280 1416 εὑρήσειν

144 1429 251 1512 σφέας
265 1424 440 1515 γράμματα
461 1431 499 1497 έν
510 1433 559 1522 τῷ
572 1429 670 1521 ξύλω.
707 1427 906 1515 πειθόμενοι
922 1428 958 1496 δὲ
979 1418 1081 1516 εὗρον
1094 1431 1149 1498 καί
1165 1433 1278 1502 ἐπελέ-

144 1536 262 1615 ξαντο,
277 1537 391 1600 ἔπειτα
407 1531 444 1601 δέ
460 1546 546 1601 τοῖσι
560 1529 689 1601 ἄλλοισι
701 1529 835 1621 Ἕλλησι
850 1534 1053 1602 ἐπέστειλαν.
1094 1538 1204 1603 Ταῦτα
1218 1536 1280 1624 μὲν

145 1631 189 1721 δὴ
204 1630 292 1703 οὕτω
307 1637 437 1722 λέγεται
451 1637 621 1725 γενέσθαι.

145 1835 200 1897 dit,
214 1835 287 1900 quod
301 1833 371 1886 idem
385 1835 525 1900 Poiyseno
539 1837 583 1895 11,
596 1838 631 1888 20
647 1842 690 1888 est

145 1895 286 1969 έκήρωσες
312 1905 360 1955 sed
378 1908 484 1956 Aeneas
500 1907 609 1959 Taetio.
627 1922 688 1972 esp.

145 1975 178 2026 31
201 1976 260 2042 (ubi
274 1975 331 2027 vid.
347 1975 465 2027 (ἔκεισο.
487 1983 514 2027 et
527 1976 609 2030 Orcii.
626 1993 688 2042 pag.

146 2044 200 2095 238
211 2044 282 2110 seq.)
305 2052 332 2096 ot
349 2045 401 2096 Iul.
418 2046 503 2097 Atrio.
520 2045 553 2097 53
567 2047 691 2097 Herodo-

146 2121 221 2166 teom
240 2116 353 2166 verbum
368 2117 462 2167 eodem
481 2117 508 2165 in
526 2131 554 2166 re
571 2118 691 2167 retinue-

145 2190 221 2237 runt.
253 2184 331 2236 Coni.
352 2186 434 2235 etiam
449 2187 548 2237 lustin.
565 2188 644 2247 xxl,
663 2188 689 2240 6.

145 2256 215 2306 lnde
229 2270 291 2305 oum
302 2254 487 2307 Valckensrm
500 2257 540 2308 sio
559 2258 691 2322 interpro-

147 2328 202 2376 tsri
215 2325 307 2375 malim
319 2326 451 2375 Herodoti
466 2326 567 2376 Iocum:
587 2329 691 2391 sumptis

146 2395 248 2447 tabellis
271 2396 413 2460 duplicibus
433 2412 518 2449 eurum
534 2413 617 2447 εενιιπι
634 2413 692 2446 ενα-

145 2467 193 2526 sit,
215 2482 317 2531 εαυιριιε
337 2470 361 2516 in
385 2468 452 2530 ίίρπο
476 2469 544 2531 roais
565 2469 691 2518 consilium

146 2539 306 2599 scm'psisset,
332 2551 417 2585 ceram
433 2536 593 2603 liquefactam
610 2539 692 2589 itteris

146 2608 338 2671 superinduxit.
364 2603 476 2658 δελτίον
488 2605 629 2672 δίπτυχον
645 2625 693 2661 vo-

147 2683 197 2727 cat
212 2676 329 2727 tabellam
342 2677 493 2742 duplicatum
510 2694 532 2728 ιι.
544 2681 691 2744 ρνρίίίαεεε,

147 2748 194 2796 Sic
208 2743 320 2795 δελτίον
333 2747 406 2811 apud
420 2746 521 2801 Herod.
537 2749 619 2808 VIII,
634 2747 690 2798 135.

147 2818 190 2867 De
210 2816 277 2866 voce
300 2811 396 2874 δέλτος
414 2817 492 2883 pluro
513 2818 569 2870 vid.
590 2818 618 2867 in
632 2818 691 2868 Ste-

147 2886 231 2951 phan.
250 2885 332 2936 Thes.
351 2887 430 2952 Ling.
449 2887 546 2937 Graec.
567 2888 605 2937 11.
627 2903 690 2952 pag.

147 2957 198 3009 981
216 2954 258 3006 od.
274 2956 400 3006 Diodori.
440 2957 513 3007 Bene
530 2962 621 3007 autem
638 2958 693 3008 He-

148 3026 241 3078 rodoti
263 3025 352 3077 iocum
373 3024 504 3077 adhibent
528 3026 562 3076 ιδ
581 3027 692 3078 Homer.

149 3096 196 3147 lli.
208 3097 257 3159 VI,
274 3095 340 3160 166,
356 3095 403 3146 ubi
415 3091 503 3156 πίναξ
517 3088 638 3154 πτυκτδς
652 3098 693 3147 νὶ-

149 3168 230 3217 detur
252 3181 312 3216 esse
336 3164 447 3228 tabule,
472 3165 577 3217 duobus
595 3169 693 3218 asseri-

148 3237 201 3287 bus
213 3241 359 3300 constans,
379 3238 425 3303 qui
436 3237 596 3303 complicari
613 3243 641 3288 ot
656 3238 692 3287 si-

150 3308 230 3372 gnari
254 3310 396 3371 poterent,
422 3307 501 3372 quale
524 3308 620 3373 utique
642 3306 692 3358 hoc

150 3378 240 3442 ipsum
265 3375 348 3427 fuerit
366 3373 478 3425 δελτίον
501 3373 641 3442 δίπτυχον
666 3381 694 3427 et

152 3461 222 3512 queo
234 3446 317 3511 vulgo
329 3451 462 3497 vocentur
481 3443 582 3512 βυβλία
594 3446 691 3497 δίπτυ-

152 3531 198 3580 χοι.
237 3515 316 3566 Cous.
333 3516 429 3581 Heyne
452 3517 488 3568 sd
506 3517 617 3568 Homeri
639 3518 657 3570 I.
673 3516 692 3566 1.

153 3587 185 3636 Τ.
202 3586 235 3637 V.
269 3601 314 3652 ug.
332 3589 392 3637 222.

187 3602 277 3719 ρηδέν
297 3653 412 3720 πρῆγμα
430 3653 561 3720 παρέχοι]
587 3657 603 3705 i.
620 3671 646 3706 e.
663 3671 695 3705 νε

154 3726 241 3776 tabula
252 3729 320 3775 πενία
332 3743 384 3775 ενοι
392 3729 522 3789 ferretur,
536 3728 611 3775 ultum
622 3729 695 3776 νιοίε·

152 3799 228 3855 sticm
240 3804 346 3862 caperet
360 3812 376 3846 ο
388 3798 484 3847 siarcum
495 3797 646 3859 custodibus,
661 3811 694 3856 s.‚

153 3873 184 3915 ut
198 3856 469 3930 Schweighserrserus
482 3865 584 3918 reddit:
603 3882 634 3916 πε
649 3882 694 3914 nu-

154 3937 211 3986 ιλιιοι
223 3938 318 3998 ferenti
334 3937 452 3986 ιαδεδοπι
465 3938 576 3987 nsoiestiu
593 3935 695 3986 εωλίδε-

154 4014 227 4056 retur
244 4023 260 4056 a
272 4008 368 4056 οίοναπι
384 4007 534 4058 custodibus.
564 4007 607 4056 De
621 4005 696 4056 Iocu-

155 4077 230 4126 tione
242 4073 357 4141 πρῆγμα
367 4071 500 4141 παρέχειν
512 4076 568 4132 vid.
579 4081 649 4130 nott.
660 4075 696 4125 ad

156 4147 184 4210 1,
205 4148 260 4199 155.
299 4147 377 4210 Quod
397 4152 459 4212 post
476 4144 594 4210 παρέχοι
613 4146 696 4196 inseri

740 1835 800 1885 vuit
819 1826 849 1884 οἷ
858 1833 988 1884 Abresoh.
1008 1834 1036 1884 in
1054 1835 1191 1887 Dilucidd.
1206 1837 1280 1888 Thu-

740 1905 819 1972 cydd.
831 1921 856 1969 p.
865 1905 924 1965 247,
936 1904 963 1954 id
974 1914 1134 1971 receperunt
1144 1906 1281 1973 Schweig-

739 1975 890 2026 hseosorus
902 1979 929 2024 et
938 1974 1120 2033 Geisfordius,
1133 1979 1282 2028 omiserunt

740 2050 857 2098 recontt.
874 2043 935 2095 edd.
954 2043 1017 2095 inde
1033 2061 1050 2095 α
1063 2045 1204 2111 ΒεΙιΙτοτο,
1223 2048 1281 2112 qui·

740 2117 792 2166 bus
806 2113 1029 2179 adstipuiondum
1042 2118 1152 2179 consui,
1173 2132 1233 2169 oum
1251 2120 1281 2168 in

741 2184 815 2236 nullo
830 2182 899 2234 libro
915 2185 1017 2248 scripto
1030 2187 1183 2250 reperietur
1196 2181 1226 2236 οἱ
1236 2203 1282 2238 ne·

741 2271 793 2321 que
814 2257 923 2304 omnino
944 2257 1128 2306 necessarium
1146 2257 1281 2312 videatur.

741 2353 773 2362 -
787 2324 828 2381 Ad
842 2325 917 2375 verbi
930 2320 1121 2388 συμβαλέσθαι
1134 2326 1280 2394 (conticere)

741 2394 967 2461 significationem
986 2396 1059 2446 cont.
1071 2397 1101 2459 1,
1122 2396 1165 2447 68.
1183 2396 1217 2448 63
1230 2398 1282 2448 ibi·

740 2481 793 2531 que
805 2463 906 2528 aliato,
922 2464 975 2528 111,
989 2464 1032 2517 68.
1061 2466 1102 2517 Ad
1116 2456 1234 2516 cinisem
1248 2484 1282 2520 ex

742 2534 967 2588 antecedentibus
985 2533 1162 2602 supplendum
1176 2531 1208 2588 ιδ
1221 2536 1282 2590 δελ·

740 2605 813 2656 τίον.

778 2668 891 2739 Γοργώ]
912 2674 1003 2740 Gorgo
1018 2675 1156 2729 Leonidae
1169 2694 1223 2730 non
1237 2695 1280 2730 so·

741 2762 786 2796 ror
799 2751 871 2806 erat,
886 2750 916 2794 ut
927 2743 998 2795 isiso
1010 2745 1096 2797 tradit
1107 2747 1206 2799 lustin.
1220 2749 1239 2798 i.
1253 2749 1282 2814 i.‚

742 2816 790 2866 sed
802 2831 879 2875 uuor,
890 2812 1040 2865 Cleomenis
1050 2814 1116 2868 filiu.
1137 2819 1199 2870 Vid.
1211 2825 1281 2872 nott.

742 2887 778 2936 sd
789 2886 821 2948 V,
832 2885 876 2935 48.
895 2884 938 2933 Ad
949 2884 1061 2935 verbum
1072 2878 1283 2952 ἐπιφρασθεῖσα

743 2955 815 3007 conf.
832 2955 886 3017 lv,
899 2952 959 3003 200.

782 3018 835 3073 τὸν
853 3013 946 3087 κηρὸν
966 3018 1051 3087 τινοῖν]
1074 3023 1162 3076 Affert
1184 3025 1284 3078 fluidos

744 3111 765 3146 s.
783 3110 809 3148 v.
827 3090 899 3143 κνᾶν
911 3093 949 3143 ΙΙ.
962 3110 988 3159 p.
1002 3093 1053 3144 333
1066 3094 1128 3145 coil.
1145 3113 1167 3147 s.
1182 3113 1209 3146 v.
1224 3086 1284 3147 ἐπε·

742 3162 858 3226 λέξαντα
875 3164 897 3214 Ι.
917 3178 943 3229 ρ.
958 3163 1018 3216 763.
1051 3164 1092 3214 Ad
1106 3166 1291 3231 significatio:

743 3251 805 3286 nem
821 3234 868 3286 vix
881 3231 993 3283 muitum
1006 3232 1098 3285 differt
1111 3232 1185 3284 κνᾶν
1200 3243 1228 3288 et
1242 3229 1285 3288 ἐκ·

744 3302 1285 3443 tttttttti{ttit’tttfttttt

744 3444 806 3510 28),
827 3444 937 3504 rudere,
960 3446 1078 3498 eradere.
1119 3447 1198 3497 Coni.
1215 3447 1285 3499 'rhe-

744 3530 817 3566 sour.
835 3514 914 3579 Ling.
936 3513 1033 3564 Graec.
1052 3516 1084 3565 Τ.
1102 3515 1149 3566 1v.
1169 3534 1195 3582 p.
1219 3518 1285 3570 toro

746 3585 788 3636 ed.
801 3582 926 3634 Diodori.
938 3585 1077 3635 Extremo
1090 3588 1190 3650 ospitis
1203 3588 1285 3639 huius

745 3655 828 3705 verbs
846 3650 935 3702 surico
957 3646 1009 3716 μὲν
1030 3647 1066 3717 δὴ
1086 3643 1160 3705 οὕτω
1179 3652 1285 3723 λέγεται

744 3718 879 3789 γενέσθαι
899 3724 982 3788 vulgo
1000 3723 1034 3773 sd
1051 3727 1143 3776 octavi
1157 3726 1221 3779 libri
1235 3729 1286 3778 ini·

746 3796 815 3845 tium
827 3793 996 3856 referuntur,
1016 3794 1063 3845 ubi
1078 3811 1147 3847 sone
1162 3801 1244 3849 etiem
1257 3800 1285 3848 iu

746 3864 825 3915 codd.
851 3863 1023 3924 Florentino,
1054 3865 1192 3928 Μεδίεεο,
1223 3869 1285 3920 siiis

745 3941 906 3999 comparent
922 3935 981 3984 sine
1001 3933 1056 3984 ιι11ιι
1071 3951 1156 3987 conso
1176 3940 1284 3991 iterato.

747 4004 825 4055 Coni.
844 4011 914 4054 nott.
930 4005 966 4054 od
982 4004 1051 4055 VIII
1070 4003 1117 4055 fin.
1147 4008 1287 4061 Sanoroiti

745 4073 814 4125 liber
832 4074 915 4126 semel
930 4091 963 4124 ea
978 4076 1081 4139 profert
1101 4077 1129 4127 in
1147 4084 1240 4133 octavi
1256 4082 1288 4132 ii·

746 4145 790 4195 bri
804 4144 895 4195 initio.

429 4316 665 4391 ‘IZTOPIRN
687 4318 947 4391 ‘HPOAOTOY
970 4320 1015 4393 Z'.
