3100 5175
507 371 873 437 TERPSIOHORE·
896 382 933 442 V.
955 391 998 445 53.
1275 375 1316 443 87

116 548 304 622 398ἕόνιων
319 548 531 642 πεντήκοντα
551 554 608 624 sel
621 562 853 643 τετρακοσίων.
888 555 1094 647 πεντήκοντα
1115 556 1152 628 δὲ
1169 560 1226 629 καὶ
1238 561 1312 630 ἑκα-

169 755 281 807 caudis:
312 755 410 822 utqui
435 756 464 805 in
484 759 563 808 tanto
585 756 721 807 Susianae
771 763 831 811 erat
843 764 1072 823 consentaneum,
1087 762 1180 825 pronti
1191 761 1219 811 id
1230 763 1313 812 etiam

168 827 244 876 urhis
269 825 376 877 ambitu
395 830 525 878 accurate
550 843 610 877 eum
631 828 719 892 ipsum
771 829 1047 881 declarantStrabol.
1053 831 1071 879 l.
1080 831 1315 885 etDiodorusSic.

168 897 258 946 locum
279 896 404 946 indicare
421 894 523 960 voluit,
541 897 719 949 undeexibat
770 901 808 961 11,
822 902 864 950 ‘22
884 901 1313 967 DiodoroauctoreaTQentamo

167 983 214 1016 vra
227 981 319 1030 segra
334 982 405 1031 quae
418 981 516 1016 cumrn
526 982 630 1033 regrum
640 984 718 1019 nsum
769 971 854 1020 Assae
867 985 945 1035 rege
960 972 1095 1032 Memnon
1108 972 1179 1023 filins
1191 974 1313 1032 Trthonr

136 1079 139 1084 .
168 1038 246 1087 facta
266 1041 356 1094 essct,
386 1053 420 1086 cx
441 1036 501 1099 ipso
524 1040 596 1102 regis
614 1037 718 1103 palatio
771 1038 832 1104 (qni
858 1044 886 1090 et
911 1042 972 1105 ipse
999 1038 1099 1091 dicitnr
1120 1043 1232 1094 Persiae
1258 1045 1312 1096 dux

124 1161 129 1169 ,
168 1123 243 1158 carre
254 1121 365 1170 quoqne
378 1106 504 1156 debebat
532 1108 592 1156 Hoc
601 1123 666 1159 vero
677 1125 718 1159 rc
769 1124 835 1172 prae
846 1110 964 1160 caeteris
974 1110 1047 1175 apud
1057 1127 1147 1178 regem
1157 1114 1247 1178 grant
1257 1115 1314 1179 pol

166 1178 241 1242 giam
251 1178 399 1226 Persarum
408 1176 717 1241 palatiumaDarioSn·
768 1177 839 1243 lens)
859 1180 977 1229 mittitur
996 1196 1056 1230 cum
1077 1183 1180 1247 copiis,
1201 1186 1312 1235 Priamo

168 1248 206 1296 sis
227 1246 368 1296 conditum
383 1260 433 1295 cnr
445 1246 600 1296 Herodotus
615 1250 717 1298 Graeca
768 1249 934 1300 etTrorsnrs
946 1266 1023 1313 opem
1035 1250 1156 1302 laturus:
1173 1255 1311 1305 tumidam

168 1314 356 1381 appellatione
383 1315 482 1365 dixerit
505 1308 545 1363 sol
569 1311 717 1381 Mspvo'-
767 1320 920 1399 pergitsic:
934 1313 1161 1401 οἰκοδομῆσαιὸ
1166 1314 1311 1374 attentat

167 1401 242 1448 νια,
261 1402 286 1435 ιιι
301 1400 481 1450 quaeramus
500 1387 610 1438 rrdetnr
621 1390 716 1451 utrque
766 1386 816 1452 τῆς
836 1379 926 1449 ἄκρας
943 1405 977 1438 τα
966 1381 1164 1449 {vlodoare
1183 1390 1311 1475 βμαιλιια

166 1458 269 1507 Noster
280 1471 315 1505 ea
329 1459 440 1506 secutus
456 1469 529 1515 esse,
554 1472 624 1520 qnae
645 1457 715 1507 inter
768 1457 817 1575 Ἧι.
832 1454 924 1538 φασι)
926 1474 960 1506 ια
950 1450 1200 1544 όιαμεινοντα’
1167 1477 1247 1544 μεχρι
1259 1480 1310 1527 της

167 1528 288 1578 Graecos
299 1526 363 1576 rndc
372 1526 528 1576 ahHomerr
537 1531 629 1578 aetate
638 1542 714 1592 spar
797 1524 888 1585 ιοσοῐν
910 1521 1078 1593 ἡγεμονίας,
1108 1527 1253 1595 κληθέντα
1279 1528 1310 1582 δ’

166 1613 198 1648 sa
224 1598 427 1662 poetarumque
454 1597 618 1650 carminibus
643 1596 714 1646 cele
764 1591 806 1645 oin
809 1586 943 1647 ’ἐκείνου
958 1594 1124 1681 Μεμνόνεια
1139 1596 1310 1653 κατασκευά-

165 1667 246 1717 brata
259 1671 342 1715 erant
355 1665 388 1715 ds
399 1667 581 1716 Memnona
559 1682 617 1717 sare
630 1667 713 1717 hero'c

164 1740 224 1787 sive
236 1736 289 1785 deo
301 1735 379 1785 Susis
392 1735 513 1798 reposito
527 1734 593 1798 (vid.
605 1736 710 1787 Aelian

163 1809 198 1858 N.
212 1807 244 1855 A.
263 1807 296 1866 V,
314 1803 355 1865 li,
369 1805 449 1855 onius
461 1805 520 1854 sive
534 1804 638 1869 palatia
653 1807 713 1857 sive

164 1875 268 1940 templa
280 1875 367 1924 variis
378 1873 448 1925 locis
457 1874 596 1938 lingebant
606 1875 713 1927 eadem-

164 1962 217 2008 qne
238 1944 274 1994 ad
290 1960 380 1993 rerum
395 1945 578 1995 Asiaticorum
596 1948 712 2010 primor-

163 2017 209 2066 dia
226 2014 407 2064 revocabant.
435 2015 532 2078 ltaque
546 2016 728 2076 Herodotus,

164 2086 209 2151 qui
228 2084 398 2134 Graecorum
420 2084 448 2134 in
471 2099 549 2134 usum
566 2086 711 2146 scribebat,

164 2155 361 2220 praetermissa
372 2155 485 2204 Persica
495 2155 567 2209 arcis
578 2156 711 2206 Susianae

164 2226 295 2289 sedisque
310 2226 403 2288 regiae
418 2223 603 2288 appellatione
616 2223 710 2290 (quarn

163 2295 281 2344 forsitan
303 2293 466 2356 ignorabat,
499 2294 524 2344 si
545 2295 652 2359 quidem
676 2293 711 2343 sd

163 2365 233 2415 Susa
245 2378 334 2426 usqne
344 2362 418 2414 illum
430 2363 588 2427 pervenisse
596 2366 643 2414 vix
653 2380 710 2414 cre·

163 2434 246 2484 dibile
258 2433 325 2498 est),
339 2449 410 2495 cam,
424 2449 493 2497 quae
508 2435 579 2483 inter
589 2434 708 2484 Graecos

162 2505 275 2566 connita
290 2502 416 2568 adeoque
429 2502 568 2553 celebrata
580 2503 645 2566 fuit,
661 2520 709 2568 sp-

161 2572 339 2640 pellationem
358 2574 507 2639 assumpsit
529 2573 610 2639 idque
624 2575 709 2624 etiam

163 2645 263 2710 opinor
275 2643 443 2709 significavit
461 2643 556 2693 addita
577 2660 645 2694 voce
661 2658 709 2691 ιια-

161 2711 293 2775 λεόμενα,
316 2730 369 2779 qna
383 2713 498 2778 intelligi
512 2714 599 2764 voluit
615 2716 710 2777 sepiam

162 2786 259 2840 sedem,
282 2799 348 2848 quse
362 2782 472 2849 (vulgo,
493 2784 563 2833 inter
577 2781 707 2846 Graecos)

164 2855 309 2905 ,llemnonia
318 2861 434 2904 uocatur.
453 2854 608 2903 Memnonia
618 2857 709 2902 antem

162 2925 220 2975 sire
233 2924 343 2989 palatia
356 2927 415 2974 sive
434 2924 535 2987 templa
548 2925 576 2972 in
588 2924 708 2972 Memno-

163 2996 204 3044 nis
224 2994 356 3044 honorem
382 2996 535 3053 exstructa,
560 2994 632 3057 quod
653 3007 708 3041 non

162 3065 239 3114 Susis
256 3068 379 3120 tanturn,
400 3078 494 3113 verum
516 3061 578 3112 aliis
598 3076 708 3126 quoque

163 3134 245 3197 locis,
266 3149 293 3183 v.
312 3150 336 3183 c.
351 3132 453 3182 Thebis
468 3132 645 3196 Aegyptiacis
662 3148 706 3180 ex-

162 3208 234 3255 stars
249 3204 394 3253 dicuntur:
414 3202 441 3251 id
455 3203 562 3264 quidem
579 3201 629 3249 hoc
644 3200 704 3249 loco

162 3274 276 3338 amplius
287 3273 413 3337 persequi
424 3271 496 3320 nolo.
520 3272 706 3335 Disputarunt

161 3344 194 3393 de
209 3343 254 3393 his
269 3342 385 3393 Iacobs:
409 3339 577 3390 Vermischte
592 3339 704 3389 Schrift.

160 3413 206 3463 lv.
219 3414 307 3477 pag.3
320 3427 408 3475 seqq..
419 3412 556 3460 Letronue
568 3410 611 3458 in:
624 3408 704 3459 Μόιιι.

161 3484 193 3533 de
202 3482 311 3532 l’nead.
324 3480 372 3530 des
385 3481 526 3543 Inscriptt.
535 3480 609 3531 T.X,
619 3494 645 3543 p.
655 3478 706 3526 een

161 3568 252 3616 seqq,
266 3553 315 3617 qni
327 3544 416 3600 totam'
432 3550 502 3598 hanc
516 3550 549 3599 dc
563 3549 705 3599 Memnone

159 3622 284 3672 fabulam
311 3619 433 3684 pluribus
464 3619 599 3681 persecuti
627 3622 705 3675 snnt3

161 3708 244 3753 quare
261 3706 295 3740 ea
310 3694 418 3739 tantum
435 3688 560 3749 afferam,
582 3703 652 3752 quae
671 3689 705 3738 ad

161 3762 231 3811 Susa
242 3759 383 3826 pertinent
396 3762 424 3809 et
433 3758 600 3808 Herodotum
611 3757 704 3821 aliquo

161 3832 242 3881 ruodo
265 3830 406 3880 illustrare
430 3833 555 3892 possunt.
595 3827 704 3877 Etenim

161 3896 479 3962 SusaaMcmnone(vid
497 3898 703 3961 Stephanssys.

160 3985 181 4020 s.
191 3987 218 4021 v.
234 3967 346 4033 Σοῦσα)
357 3966 403 4017 vel
413 3983 430 4016 ιι
443 3967 571 4025 Tithono,
585 3969 705 4017 Memno-

161 4043 204 4090 nis
216 4045 297 4103 patre
313 4037 381 4103 (vid.
397 4037 486 4087 Strsh.
501 4037 519 4087 l.
534 4036 576 4101 l.),
592 4037 703 4086 condita

150 4125 223 4165 ,esse
240 4109 383 4169 serebant,
404 4107 533 4170 ipsosque
547 4106 641 4157 Susios
658 4106 705 4155 ho-

163 4180 246 4228 mines
257 4178 389 4229 dicebant
398 4177 491 4228 Cissios
500 4192 517 4225 a
527 4176 625 4237 Cissis,
635 4191 705 4239 quae

163 4249 314 4299 Memnonis
334 4250 423 4296 mater
444 4245 637 4311 perhibebatur
656 4244 705 4307 (cf.

164 4318 253 4369 Strab.
269 4317 287 4367 l
299 4316 318 4366 l.
332 4316 499 4379 etheschyl
513 4317 587 4366 Pers.
602 4315 642 4363 17.
656 4315 706 4364 ihi·

164 4401 212 4451 qne
229 4383 417 4465 interpretem
435 4388 507 4436 unde
520 4385 651 4435 Susorum
664 4399 707 4433 ar-

164 4472 218 4508 cem
239 4448 399 4523 Μεμνόνια
422 4471 445 4506 ι.
466 4447 633 4520 Μεμνόνεια
653 4452 708 4503 dici

748 1689 752 1696 ·
765 1680 810 1715 σαι
825 1662 857 1716 dl
869 1662 917 1714 sal
930 1661 979 1716 διὰ
991 1669 1042 1731 τῆς
1054 1661 1147 1733 χόρος
1161 1663 1308 1735 λεωφόρον

763 1726 848 1816 ὁδόν,
869 1728 923 1801 τὴν
938 1734 1017 1815 μέχρι
1035 1737 1087 1789 τοῦ
1105 1739 1159 1789 νῦν
1175 1735 1308 1806 ὀνομαζο-

764 1798 853 1889 ps'qu
865 1799 1056 1862 Μεμνόνειον
1086 1811 1128 1860 De
1144 1827 1199 1876 qna
1213 1812 1308 1862 eadem

763 1892 793 1925 re
805 1875 844 1925 sic
858 1876 944 1925 tradrt
953 1879 1108 1929 Pausanias
1125 1879 1184 1961 (qui
1199 1882 1248 1942 IV,
1263 1881 1306 1933 31.

764 1949 788 2009 ς.
803 1948 819 1996 4
835 1947 916 1995 etiam
931 1954 1125 1998 commemorat
1142 1943 1177 1998 τὰ
1191 1918 1307 2014 Μεμνό-

763 2029 826 2064 νεια
845 2031 879 2062 ιιι
871 2006 928 2062 ἐν
948 2012 1008 2063 Σοι
1002 2028 1072 2074 σοις
1091 2015 1181 2102 sequ)
1203 2021 1241 2079 X,
1261 2018 1304 2071 31.

761 2088 812 2204 ἲ.
806 2088 836 2134 2:
860 2077 979 2165 ἄφίκετο
998 2079 1094 2170 μέντοι
1119 2082 1146 2152 (ὁ
1165 2082 1304 2173 Μέμνων)

778 2170 791 2210 ς
799 2143 887 2202 Ilion
897 2168 949 2202 ουκ
959 2171 999 2202 απ
999 2146 1188 2220 Ἀἰθιοπίας,
1198 2152 1261 2205 ‘tlt’
1274 2150 1304 2206 ἒιι

763 2215 886 2272 Σούσων
900 2220 957 2272 τῶν
968 2222 1116 2284 Περσικῶν
1126 2222 1173 2276 καὶ
1186 2217 1305 2276 ἀπὸτοῦ

761 2287 902 2342 Χοόσιιον
915 2295 1058 2374 ποταμοῦ,
1072 2291 1107 2345 τὰ
1122 2291 1196 2361 ἔθνη
1209 2290 1305 2346 πάντα

761 2352 849 2413 ὅσα
824 2377 891 2429 (psas
904 2356 1035 2424 petnfiri‘
1020 2365 1172 2445 ναοχιίρια
1184 2380 1304 2448 πεποιη-

759 2430 852 2512 μένος,
881 2427 989 2497 Φρύγες
1003 2426 1035 2482 dl
1046 2432 1093 2485 sul
1111 2428 1163 2514 τήν
1178 2427 1248 2485 ὁδὸν
1263 2429 1302 2485 ἔτι

758 2493 968 2586 ἀποφαίνουσι,
990 2491 1068 2552 δι’
1049 2521 1084 2566 ης
1100 2498 1153 2582 τὴν
1170 2497 1303 2583 στρατιὰν

759 2563 862 2652 ἤγαγε,
878 2588 913 2621 ια
901 2564 1046 2651 ἐπιτομα
1059 2566 1237 2637 ἐκλεγόμενος
1252 2571 1303 2638 τῆς

760 2636 870 2722 χώρας·
875 2635 1029 2757 ὁτέτμηται
1052 2638 1083 2693 dl
1105 2638 1154 2692 διὰ
1174 2641 1232 2693 τόν
1254 2658 1302 2707 μο-

761 2703 893 2774 νῶνὴὁδ
894 2703 933 2766 ός.
952 2713 1030 2778 Quae
1040 2714 1301 2764 omniaGraecorum

759 2781 897 2845 figmentis
907 2764 1087 2833 adscribenda
1097 2800 1156 2835 esse
1166 2788 1301 2847 putamus,

759 2852 859 2902 famam
874 2849 1021 2914 deceptis,
1036 2868 1107 2916 quse
1120 2871 1152 2903 ex
1163 2853 1301 2902 interioris

758 2921 841 2971 Asiae
855 2918 944 2984 plagis
957 2921 1086 2971 Troianis
1099 2920 1204 2971 auxilio
1220 2937 1301 2970 vene·

759 2991 829 3050 rint,
855 2987 943 3051 deque
966 2989 1034 3039 duce
1055 3006 1147 3041 esrum
1167 3005 1301 3040 exornan-

758 3059 840 3115 tinm,
864 3057 955 3107 aliena
967 3057 1014 3109 illa
1026 3060 1134 3125 quidem
1150 3076 1166 3108 a
1181 3075 1246 3109 vers
1259 3076 1300 3109 re·

758 3143 816 3177 rum
840 3127 1019 3179 Susianorum
1045 3131 1105 3180 sive
1128 3131 1299 3179 Persicarum

756 3197 887 3258 historia3
899 3197 1044 3265 eodemque
1055 3202 1136 3250 etiam
1148 3200 1301 3261 referimus,

756 3284 826 3331 qnae
845 3267 917 3331 apud
929 3268 1079 3320 Diodorum
1093 3275 1120 3320 et
1133 3270 1300 3320 Pausaniam

756 3337 790 3387 de
801 3338 848 3387 vis
860 3342 949 3387 strata
961 3337 1089 3399 leguntur
1102 3340 1137 3390 ab
1151 3339 1235 3390 hocce
1244 3340 1299 3388 Mo·

756 3422 854 3457 maone
870 3408 961 3457 iacta:
986 3410 1030 3459 his
1046 3410 1116 3460 enirn
1133 3411 1201 3473 ipsis
1217 3408 1300 3473 origi·

756 3493 817 3526 nem
836 3476 942 3528 dedisse
956 3485 1083 3543 putamus
1094 3482 1167 3531 riam
1183 3480 1297 3543 regiam,

757 3547 792 3596 ah
804 3548 944 3598 Herodoto
956 3550 1137 3615 descriptum,
1153 3552 1299 3600 Persarum

756 3632 850 3679 regum
862 3620 928 3667 curt
942 3619 970 3668 iu
984 3636 1062 3670 nsum
1076 3621 1178 3685 regium
1193 3623 1300 3669 exstru-

756 3693 844 3749 ctam,
857 3702 946 3752 neque
960 3706 1025 3739 sane
1038 3691 1073 3739 ah
1087 3690 1208 3753 Assyriis
1221 3703 1297 3750 repe-

754 3757 877 3819 tendam,
907 3762 938 3807 ut
963 3760 1016 3809 iam
1041 3760 1194 3809 monuimus
1216 3772 1299 3820 supra

756 3826 836 3877 initio
861 3842 921 3891 cap.
940 3828 983 3881 52.
1027 3828 1171 3879 Caeternm
1196 3828 1229 3877 de
1255 3826 1298 3876 his

756 3895 921 3947 Graecorum
946 3897 1047 3950 fabulis
1069 3899 1104 3948 sd
1128 3901 1298 3949 Memnonem

756 3968 947 4030 spectantibus
962 3969 1082 4018 conferri
1102 3983 1211 4033 quoqne
1222 3971 1299 4028 pote·

755 4042 819 4085 runt
835 4040 942 4100 praeter
953 4039 1061 4091 Iacobs.
1075 4037 1093 4087 l.
1107 4037 1127 4088 l.
1140 4054 1165 4099 p.
1180 4036 1211 4086 10
1221 4049 1296 4100 seqq.

756 4108 784 4154 et
807 4106 945 4154 Iret-ronne
969 4106 988 4157 l.
1013 4106 1030 4160 1.
1053 4122 1115 4170 pap.
1139 4105 1190 4157 318
1210 4119 1297 4167 seqq,

755 4173 890 4225 Uschold:
913 4175 1010 4226 Gesch.
1031 4175 1056 4226 d.
1074 4175 1186 4226 Troian.
1198 4174 1297 4235 Kriegs

757 4259 783 4305 p.
794 4244 843 4294 153
853 4259 921 4308 seq
932 4246 1018 4296 Veter
1027 4247 1069 4296 in·
1084 4245 1199 4298 Jahrbb.
1207 4242 1226 4293 i
1235 4243 1298 4294 Phi-

755 4312 803 4362 lol.
823 4331 848 4364 n.
861 4313 980 4381 Paedsg
998 4315 1090 4379 Suppl.
1111 4316 1183 4366 XIV.
1203 4330 1230 4379 p
1224 4315 1296 4364 442

758 4397 815 4447 seq
848 4384 891 4434 De
909 4384 1072 4438 Memnoniis
1090 4385 1214 4437 Susianis
1237 4382 1295 4434 vid.

757 4454 995 4520 quoqneHeeren:
1008 4458 1126 4522 IdeenI,
1140 4459 1163 4509 l
1180 4471 1206 4521 p
1220 4452 1280 4504 302·
