3100 5175
263 423 324 492 210

700 425 968 491 HERODOTI

264 609 475 692 πορευθῆναι
495 605 528 683 ἐς
542 599 689 691 Ἰωνίην,
711 608 767 673 ἵνα
787 631 839 673 τοι
859 602 971 673 ἐκεῖνά
991 630 1027 671 τε
1043 602 1152 673 πάντα
1166 611 1353 693 καταρτίσω
1369 607 1402 685 ἐς

263 705 389 792 τώυτὸ,
412 705 547 776 καὶτὸν
561 706 717 795 Μιλήτου
737 711 918 794 ἐπίτροπον
941 711 1076 793 τοῦτον,
1097 706 1156 777 τὸν
1176 713 1280 776 ταῦτα
1293 735 1399 796 μηχα-

263 812 470 899 νησάμενον,
498 812 727 897 ἐγχειρίθετον
752 816 905 897 παραδῶ.
947 816 1051 881 ταῦτα
1073 811 1109 879 δὲ
1137 809 1221 879 κατὰ
1240 809 1321 881 νόον
1341 810 1402 879 τὸν

264 913 326 984 σὸν
345 914 486 1002 ποιήσας
499 912 602 992 θεοὺς
618 913 784 1003 ἐπόμνυμι
799 912 878 994 τούς
895 921 1119 1002 βασιληίους,
1133 913 1178 1003 μή
1199 914 1261 1002 μὲν
1280 914 1400 1001 πρότε-

265 1044 326 1106 ρον
353 1017 562 1086 ἐκδύσασθαι
588 1014 648 1086 τὸν
675 1024 761 1104 ἔχων
787 1022 920 1086 κιθῶνα
947 1017 1175 1105 καταβήσομαι
1205 1021 1238 1097 ἐς
1259 1015 1401 1106 Ἰωνίην,

266 1123 347 1209 πρὶν
360 1118 403 1189 ἄν
415 1148 465 1190 τοι
480 1120 624 1208 Σαρδώ,
643 1125 748 1209 νήσον
763 1118 825 1209 τήν
837 1127 1016 1209 μεγίστην,
1032 1120 1247 1208 δασμοφόρον
1261 1121 1400 1210 ποιήσω.

202 1220 412 1304 illitteratos
431 1224 493 1311 ple
512 1222 554 1313 δή
572 1227 680 1311 λέγων
699 1228 803 1292 ταῦτα
823 1228 994 1312 διέβαλλε,
1021 1233 1166 1310 Δαρεῖος
1187 1225 1224 1292 δὲ
1239 1227 1454 1295 ἐπείθετο432

267 1334 327 1396 καί
345 1356 404 1414 μιν
425 1324 517 1396 ιἰπίει
543 1327 789 1416 ἐντειλάμενος,
817 1327 920 1397 ἐπεὰν
946 1324 981 1395 δ’
1009 1322 1171 1415 ὑπέσχετό
1196 1323 1230 1396 oi
1250 1331 1401 1398 ἐπιτελέα

266 1430 405 1519 ποιήσῃ,
426 1437 678 1520 παραγίνεσθαί
693 1435 727 1500 ol
739 1428 846 1500 ὀπίσω
862 1435 896 1511 ἐς
908 1429 949 1499 τοὶ
963 1436 1088 1500 Σοῦσα.

302 1626 473 1695 καταρτίσω]
489 1630 508 1681 i.
520 1644 543 1678 e.
557 1629 635 1679 atille
646 1629 727 1681 omnia
739 1632 764 1680 in
774 1630 812 1678 in-

268 1709 363 1764 ίιγνιαιι
381 1703 511 1750 restituam
530 1715 553 1754 s.
574 1699 732 1749 ineundam
753 1704 811 1749 ste·

269 1776 325 1819 tum
337 1769 403 1835 (quo
416 1774 498 1819 autea
507 1770 597 1832 erent)
611 1769 752 1828 reducam;
771 1767 812 1817 inl

268 1840 302 1890 de
316 1830 344 1896 ἐς
361 1829 452 1889 raineri
471 1839 541 1890 idern
557 1838 649 1888 valere
669 1842 753 1903 atque
770 1831 811 1894 είς

266 1901 321 1972 τήν
337 1901 428 1971 αὐτὴν
442 1903 516 1970 ἕξιν,
528 1914 559 1958 ut
573 1909 710 1958 Isocrates
723 1907 811 1972 loqui-

269 1984 323 2042 tur,
336 1978 395 2029 vult
405 1978 521 2043 Strange
532 1978 574 2027 iu:
594 1977 708 2030 Jahrbb.
721 1977 740 2029 1.
747 1977 811 2027 Phi-

267 2047 314 2100 lol.
326 2064 353 2101 u.
364 2047 485 2112 Paedag.
499 2048 595 2113 Suppl.
608 2048 668 2098 Vol.
679 2048 731 2098 Ill.
743 2062 808 2112 pag.

268 2119 329 2168 446.
361 2117 402 2167 Ad
420 2118 507 2181 ipsum
523 2117 636 2168 verbum
652 2116 810 2181 καταρτίσω

268 2187 304 2238 cf.
316 2191 386 2236 nott.
402 2187 437 2236 ad
449 2188 481 2250 V,
492 2185 535 2238 28.
557 2188 590 2237 In
600 2189 721 2251 proxime
733 2201 809 2251 seqq.

266 2257 359 2311 serbis
369 2272 421 2306 vox
432 2249 633 2320 ἐγχειρίθετον,
641 2257 673 2307 de
687 2271 741 2323 qua
753 2257 809 2307 vid.

268 2315 338 2367 Poll·
351 2321 389 2376 Π,
402 2328 538 2390 Imaum
546 2326 575 2374 ri
587 2326 704 2390 quadem
714 2327 810 2376 addita

269 2385 403 2437 estverbo
418 2383 540 2446 παραδοῖ
545 2402 552 2435 ι
574 2389 599 2436 in
608 2403 695 2438 mmm
704 2395 748 2439 tibi
756 2405 811 2445 tra.

268 2456 334 2506 dam.
366 2455 408 2504 sd
421 2456 519 2506 rerba:
539 2448 628 2513 θεοὺς
646 2450 714 2514 τούς
731 2454 811 2523 βασι-

268 2521 368 2589 λήϊονς
378 2525 415 2575 cf.
430 2530 499 2575 nott.
514 2525 549 2573 ad
565 2526 623 2585 111,
635 2527 680 2579 db.
709 2527 751 2576 Ad
771 2519 810 2592 μή

267 2589 319 2656 μὲν
333 2592 393 2658 (pro
405 2592 473 2661 μὴν)
490 2594 568 2660 plura
580 2597 760 2648 excitavimus
773 2597 810 2646 ad

267 2665 295 2727 1,
314 2665 372 2715 118.
387 2665 443 2723 111,
458 2663 501 2716 60.
514 2666 557 2716 99.
571 2667 619 2727 IV,
637 2668 693 2717 lot.
718 2668 810 2729 Quare

267 2733 341 2784 baud
355 2734 455 2798 probo,
478 2736 549 2800 quod
565 2735 655 2786 Naber
674 2736 811 2798 (Mnemo-

267 2819 327 2868 syn.
341 2803 396 2855 111.
411 2820 436 2869 p.
450 2804 518 2868 487)
537 2804 564 2854 h.
578 2804 596 2854 l.
609 2807 723 2856 rescribi
734 2806 808 2857 vult:

265 2869 304 2937 μή
331 2865 398 2937 μήν
423 2865 631 2936 indicendae,
655 2875 726 2926 idem
746 2892 809 2926 mox

265 2959 373 3009 qnoque
383 2940 473 3007 νήιον
483 2948 591 2994 mutans
600 2945 628 2993 in
639 2939 744 3009 νήσων,
756 2960 810 3010 quo

267 3029 321 3063 uon
332 3015 418 3078 magis
430 3029 498 3079 opus
508 3030 567 3064 esse
576 3015 692 3064 videtur.
707 3016 810 3066 Vocem

266 3081 382 3131 κιθῶνα
395 3083 546 3147 Schweigb.
567 3082 613 3148 (in
625 3084 690 3138 Lex.
705 3085 808 3137 Herod.

267 3152 304 3202 11.
319 3167 345 3217 p.
359 3154 404 3216 45)
417 3154 518 3204 rectius
532 3154 635 3204 loricam
650 3170 731 3220 quam
745 3158 810 3205 tuni·

267 3238 320 3271 cnm
342 3221 458 3287 intelligi
477 3223 616 3273 observat.
641 3224 709 3273 Mihi
729 3240 809 3277 secus

267 3291 384 3340 videtur.
412 3291 557 3341 Caeterum
570 3293 643 3343 conf.
659 3294 721 3355 VII,
734 3294 766 3346 61
782 3299 810 3344 et

266 3361 322 3413 vid.
333 3361 446 3415 Homer.
458 3361 501 3410 lli.
515 3362 553 3422 11,
563 3363 623 3415 416,
638 3363 671 3425 V,
685 3364 732 3414 113
744 3363 808 3428 (ibi-

267 3443 318 3492 que
338 3430 515 3495 interprete).
541 3431 626 3495 Xlll,
648 3431 709 3486 4139.
734 3434 809 3497 XVI,

302 3562 372 3627 πρὶν
382 3560 419 3616 ἄν
431 3581 475 3616 τοι
485 3558 589 3628 Σαρδοὶ
604 3566 734 3633 νήσον-
743 3585 807 3620 ποι-

265 3627 336 3701 ήσω]
358 3636 465 3688 Similia
477 3638 510 3688 de
522 3637 643 3688 Sardinia
656 3639 808 3692 insularum

268 3707 385 3756 maxima
399 3707 452 3767 v1,
469 3707 559 3757 2coll.
572 3708 609 3772 V,
626 3710 684 3760 124.
703 3709 730 3773 1,
749 3709 805 3774 170,

268 3777 316 3827 nbi
331 3777 386 3826 vid.
407 3782 475 3827 nott.
498 3779 522 3829 N
526 3794 556 3828 ec
572 3776 652 3828 aliter
665 3779 722 3832 fere
736 3782 807 3832 Pau·

266 3862 325 3898 san.
342 3846 395 3910 iv,
407 3844 449 3898 23.
466 3847 503 3907 X,
521 3848 561 3898 17.
578 3851 602 3910 §.
617 3848 706 3900 2coll.
724 3850 806 3900 Diod.

266 3918 321 3966 Sic.
337 3918 374 3979 V,
396 3916 437 3968 15.
466 3917 543 3978 Quae
563 3917 658 3970 attulit
672 3918 803 3970 Valcken.

266 3988 382 4051 indeque
395 3987 507 4051 repetiit
516 3988 724 4039 Weissenborn:
743 3989 807 4040 Hel-

267 4056 308 4106 las
319 4073 345 4122 p.
358 4058 416 4107 122.
441 4057 522 4107 Hand
532 4059 631 4107 iniuria
642 4060 713 4108 enim
719 4075 806 4127 ⁸quae-

265 4142 325 4188 ras,
342 4142 390 4176 cur
411 4125 491 4177 buius
511 4129 679 4192 potissimum
699 4129 805 4181 insulae

266 4197 365 4246 mentio
373 4195 457 4246 lintiu
468 4198 719 4248 rebusGraecornm
727 4201 806 4249 Asia·

265 4265 380 4315 tinorum
391 4266 560 4329 nivolonum,
568 4270 667 4333 quibua
677 4274 731 4319 iam
737 4271 805 4319 Bias

265 4335 426 4398 persuadere
447 4335 568 4399 studuit,
591 4343 623 4387 ut
637 4340 728 4403 patrii
744 4338 807 4389 reli·

265 4404 311 4452 ott
322 4404 349 4451 in
361 4403 433 4452 benc
444 4404 561 4455 insulam
572 4408 717 4457 maximnm
730 4424 804 4459 sece-

265 4471 369 4535 derent,
380 4488 461 4539 quam
467 4474 609 4525 Persarum
621 4492 704 4541 regno
716 4492 745 4526 se
758 4477 804 4528 ad-

862 1628 982 1679 diturum
995 1643 1056 1680 esse
1067 1628 1119 1680 boc
1131 1629 1193 1681 loco
1210 1630 1402 1695 promittitHi·

862 1700 975 1748 stiaeas.
995 1700 1035 1750 Ac
1044 1699 1173 1750 videntur
1183 1715 1249 1750 eane
1261 1716 1308 1765 per
1316 1699 1402 1749 Phoe-

862 1770 945 1833 nices,
960 1770 1006 1833 qai
1017 1769 1097 1833 primi
1107 1769 1230 1820 coloniae
1242 1772 1270 1820 in
1281 1769 1351 1819 hanc
1362 1769 1403 1818 in·

862 1838 949 1889 sulam
966 1839 1147 1901 deduxerunt,
1171 1840 1257 1890 multa
1280 1839 1403 1905 adeoque

861 1909 945 1957 nimia
965 1907 998 1958 de
1023 1907 1104 1958 huius
1126 1908 1232 1960 insulae
1250 1910 1355 1959 ambitu
1376 1914 1404 1959 et

860 1978 1033 2043 praestantia
1046 1994 1142 2042 sparsa
1153 1980 1188 2029 ad
1199 1979 1279 2031 Iones
1295 1993 1404 2043 quoque

861 2049 1020 2112 pervenisse
1039 2052 1121 2113 atque
1142 2051 1171 2098 in
1189 2049 1224 2099 iis
1239 2049 1403 2099 desiderium

862 2118 999 2167 excitasse
1011 2117 1091 2168 huius
1101 2118 1207 2168 insulae
1217 2118 1402 2184 occupandae,

861 2202 931 2251 quae
944 2185 1087 2237 multarum
1100 2204 1189 2239 rerum
1207 2189 1314 2255 copiam
1326 2201 1403 2251 prae-

860 2257 946 2310 beret.
963 2257 1023 2306 Vid.
1034 2257 1244 2309 modoMovers:
1258 2259 1309 2307 Die
1317 2259 1403 2307 Pboo-

861 2327 947 2376 uisier
964 2327 1007 2388 11,
1020 2328 1045 2376 2.
1065 2343 1128 2392 pag.
1148 2327 1200 2378 556
1218 2343 1295 2393 seqq.
1322 2326 1404 2377 Unde

860 2396 1006 2446 Messeniis
1023 2412 1145 2462 quoque,
1167 2399 1241 2447 terrb
1257 2397 1402 2462 Spartanis

861 2466 1000 2524 subiecti,
1021 2467 1119 2517 suadet
1135 2467 1301 2529 Manticlus,
1319 2472 1351 2516 nt
1374 2467 1402 2514 in

861 2529 1016 2579 Sardiniam
1033 2548 1062 2582 se
1080 2537 1246 2601 reciperent,
1269 2535 1404 2601 μεγίστην

860 2613 889 2648 τε
909 2596 999 2663 νήεον
1016 2597 1065 2649 καὶ
1083 2593 1254 2673 εὐδαιμονίᾳ
1274 2601 1402 2670 πρωτην,

861 2673 891 2718 nt
908 2670 1004 2719 scribit
1015 2672 1170 2723 Pausaniae
1184 2673 1203 2725 l.
1214 2689 1301 2740 supra
1313 2675 1331 2726 1.

1042 2841 1109 2892 One.
1130 2842 1213 2896 cvll.

895 2941 1032 3010 tiridatis]
1045 2945 1087 2996 lta
1096 2948 1276 3000 eFlorentino
1283 2948 1402 3016 aliisque

860 3013 922 3065 dedi
931 3031 980 3080 pro
988 3012 1107 3081 διέβαλε,
1118 3018 1188 3082 quod
1195 3019 1295 3071 Matth.
1303 3022 1402 3080 tenuit,

858 3085 978 3149 itemque
998 3085 1120 3137 exhibuit
1134 3088 1257 3139 Dietscb.
1291 3090 1402 3156 Reliqui

859 3155 920 3205 edd.
935 3150 1069 3219 διέβαλλε,
1087 3157 1160 3222 quod
1176 3173 1243 3209 sane
1254 3160 1348 3223 aptius
1360 3162 1403 3211 vi-

859 3225 939 3274 detur
953 3224 989 3274 ad
1004 3228 1178 3279 sententiam.
1207 3230 1250 3279 De
1266 3230 1327 3294 ipso
1341 3245 1402 3280 ver·

857 3295 892 3344 bo
907 3294 942 3344 ei.
960 3298 1029 3346 nott.
1049 3297 1084 3346 ad
1097 3298 1135 3360 V,
1150 3297 1193 3349 50.
1226 3298 1267 3349 Ad
1284 3301 1401 3350 locutio·

858 3379 920 3413 uem
932 3355 1059 3413 ἐπιτελέα
1070 3362 1178 3430 ποιήσῃ
1188 3367 1226 3419 ci.
1238 3369 1261 3432 Ι,
1274 3371 1332 3420 117.
1347 3371 1400 3432 111,

860 3434 892 3484 16
906 3433 999 3499 ibique
1017 3440 1089 3485 nott.
1108 3463 1143 3473 —-
1160 3437 1243 3488 Initio
1264 3441 1365 3504 capitis
1387 3456 1402 3490 e

858 3502 998 3554 Sancrosti
1004 3504 1075 3555 libro
1089 3505 1231 3588 alteroque
1244 3511 1336 3574 recepi
1348 3501 1401 3574 pla

858 3566 909 3636 δή,
923 3574 971 3624 ubi
983 3575 1065 3639 vulgo
1076 3576 1155 3627 abest
1167 3574 1219 3641 δή,
1238 3580 1310 3643 quod
1324 3580 1402 3629 uncia

858 3643 992 3694 inclusum
1015 3644 1138 3695 exhibuit
1155 3647 1279 3700 Dietacb.
1321 3648 1400 3710 Quod

857 3711 892 3762 ad
911 3717 1018 3778 tempus
1033 3717 1149 3778 attinet,
1171 3732 1224 3782 quo
1242 3718 1400 3769 Histiaeum

856 3782 957 3833 Sardes
968 3800 1120 3849 regressum
1130 3802 1190 3837 ease
1203 3786 1335 3839 credibile
1348 3794 1400 3851 est,

857 3852 948 3902 malim
977 3854 1103 3918 equidem
1131 3858 1209 3921 sequi
1229 3858 1399 3922 Kruegerum

856 3922 1168 3991 (Historiaeb-pbilolog.
1177 3926 1291 3978 Studien
1302 3929 1323 3977 l.
1335 3944 1398 3993 pag.

859 3991 907 4040 147
922 3992 1003 4057 seq),
1017 3994 1063 4059 qni
1074 3995 1228 4046 Histiaeum
1240 3996 1341 4047 Sardes
1353 4015 1399 4049 ve-

855 4062 930 4111 nisse
946 4063 1006 4112 vnlt
1025 4069 1142 4116 exeunte
1159 4067 1279 4117 secundo
1295 4072 1345 4117 ant
1359 4069 1400 4116 in·

855 4136 937 4182 eunte
951 4135 1032 4183 tertio
1043 4149 1115 4184 anno
1126 4135 1232 4201 Olymp.
1243 4136 1326 4198 Lxx,
1341 4138 1360 4187 i.
1374 4154 1398 4188 e.

854 4201 929 4251 circa
939 4204 991 4255 499
1001 4208 1066 4254 ante
1080 4204 1142 4258 Chr.
1156 4221 1195 4263 n.‚
1209 4222 1262 4272 qno
1275 4211 1399 4272 tempore

853 4270 1028 4337 Aristagoras
1046 4275 1076 4323 in
1089 4274 1234 4325 Thraciam
1250 4276 1303 4325 iarn
1319 4277 1399 4327 ansu-

853 4347 940 4405 gerat,
950 4342 979 4390 in
988 4349 1123 4407 quaterna
1136 4345 1206 4395 obiit
1218 4345 1260 4396 vel
1273 4345 1326 4396 hoc
1336 4346 1397 4411 ipso

854 4425 942 4474 anno,
954 4411 998 4462 vel
1007 4415 1133 4479 sequenti
1145 4414 1212 4476 4983
1229 4414 1287 4468 vid.
1298 4418 1333 4480 V,
1348 4416 1398 4467 126

854 4480 946 4548 ibique
957 4486 1024 4533 nott.
