3100 5175
564 381 743 445 ERATO.
768 381 824 445 VI.
846 391 891 449 et.

1234 387 1294 452 301

159 554 305 623 ἱκνέεται
322 559 428 641 ἔχειν,
452 549 495 644 ἦν
514 554 561 645 μή
575 582 639 646 περ
658 553 798 647 inuade
817 555 925 647 αὐτὴν
944 557 1108 650 ἐγγυήσῃ·
1136 563 1193 630 καὶ
1206 558 1297 632 «ideis

159 661 350 745 δημοσιέων
363 662 455 748 πέρι·
483 662 540 730 ναὶ
553 659 597 749 ἦν
610 687 659 740 τις
672 659 776 731 θετδν
789 669 894 732 παῖδα
909 667 1084 733 ποιέεσθαι
1098 667 1217 754 ἐθέλῃ,
1232 673 1295 754 βα-

157 765 281 831 σιλέων
299 765 454 832 ἐναντίον
468 767 652 835 ποιέεσθαι.
681 766 737 833 καὶ
751 774 903 854 παρίζειν
916 766 1119 855 βουλεύουσι
1139 784 1225 839 τοῖσι
1239 773 1293 856 γε’-

158 887 273 953 ρουσι,
297 868 389 936 ἐοῦσι
410 872 505 938 δυῶν
523 872 638 939 δέουσι
650 868 847 958 τριήκοντα·
876 865 919 958 ἦν
934 871 972 940 δὲ
988 870 1034 960 μὴ
1052 879 1196 961 ἔλθωσι,
1218 875 1297 955 τοὺς

157 1100 361 1151 matrimonium
371 1102 465 1153 vocari
476 1104 643 1167 invenimus,
655 1104 702 1171 qui

158 1173 325 1234 cognatione
343 1171 416 1222 hunc
436 1175 559 1238 proxime
584 1175 702 1238 attinge-

157 1249 214 1290 ret:
234 1256 305 1305 quae
317 1257 361 1292 res
372 1243 467 1307 quanti
479 1243 562 1293 fuerit
573 1246 702 1294 momenti

157 1309 193 1360 ad
209 1310 379 1375 singularum
401 1312 566 1364 familiarum
585 1315 701 1379 indeque

158 1381 243 1431 etiam
264 1381 350 1431 totius
366 1382 493 1434 civitatis
512 1383 701 1450 integritatem

156 1452 384 1514 conservandam,
396 1452 477 1501 facile
487 1455 652 1518 perspicitur
661 1454 702 1503 iu·

157 1519 246 1585 deque
257 1521 340 1571 etiam
353 1521 523 1586 intelligitur,
535 1538 582 1572 cur
592 1528 701 1574 contro·

155 1591 281 1652 versiae,
296 1591 320 1638 si
336 1606 407 1655 quac
420 1591 504 1642 dehis
516 1593 587 1643 inter
600 1609 700 1658 cogua-

157 1664 199 1710 tos
222 1666 302 1709 ortae
324 1668 430 1722 essent,
454 1662 488 1712 ab
505 1663 573 1726 ipsis
591 1665 699 1728 regibus

156 1729 362 1780 dirimerentur.
392 1731 453 1781 Vid.
475 1733 504 1781 C.
524 1733 557 1782 0.
576 1733 698 1783 Mueller.

155 1798 173 1847 l.
188 1799 206 1848 l.
226 1799 264 1849 11.
278 1814 304 1863 p.
320 1799 378 1858 lus,
396 1799 427 1850 C.
439 1802 471 1852 F.
483 1801 639 1852 Hermann:
657 1804 699 1853 De

155 1869 249 1919 causis
268 1870 372 1920 turbat.
391 1870 461 1934 apud
480 1872 598 1922 Lacedd.
620 1888 698 1936 agro-

154 1954 214 1988 rum
234 1939 414 2004 aequalitatis
432 1955 494 2005 pag.
515 1943 545 1991 41
573 1942 697 2007 (Antiqq.

157 2010 279 2059 Lacoun.
298 2025 325 2074 p.
349 2009 398 2060 192
415 2009 485 2074 seq.)
509 2010 570 2061 coll.
591 2009 698 2061 Griech.

155 2078 391 2141 Staatsaltertlr.§.
403 2078 449 2128 121
459 2084 486 2129 et
494 2080 699 2131 Privataltcrth.

155 2148 232 2210 §.63.
240 2152 299 2201 not.
308 2149 610 2213 loseqq.,Lachmann:
621 2151 702 2214 Spar-

61 2239 67 2251 ·
157 2225 212 2269 tan.
239 2218 451 2267 Staatsveriass.
479 2235 506 2283 p.
531 2219 590 2271 lid.
628 2221 699 2270 Hinc

156 2289 240 2337 verba
256 2278 285 2343 ἐς
301 2281 353 2338 τὸν
372 2281 494 2335 ἱκνέεται
507 2281 581 2352 ἔχειν
593 2289 699 2339 valent:

154 2361 251 2408 cuinam
259 2360 389 2407 conueniat
400 2362 467 2408 illam
476 2358 572 2408 lohere
581 2377 603 2408 s.
614 2361 639 2408 iu
648 2377 701 2409 rna·

155 2429 294 2478 trimonium
314 2427 422 2478 ducere:
445 2427 611 2491 viu.11,35
633 2430 699 2495 ibiq.

155 2496 371 2577 οοξλλλΙΙᾹδὸ.Ι
453 2555 460 2572 ⁸
527 2554 535 2574 ‚
562 2557 568 2575 ,
607 2556 614 2578 ‚
678 2556 685 2575 Ι

189 2582 228 2631 ην
239 2580 279 2631 μη
294 2579 345 2631 περ
359 2582 374 2615 ο
389 2580 482 2630 uerno
499 2580 590 2631 αντην
601 2581 699 2630 appar]-

156 2636 202 2703 σῃ]
219 2637 251 2686 In
263 2652 318 2687 uno
330 2635 392 2687 cod.
404 2640 509 2686 exstat:
529 2624 567 2700 ἦν
579 2630 594 2701 ἡ
606 2632 698 2700 μήτηρ

153 2697 197 2771 ἢὸ
211 2699 306 2771 πατὴρ
319 2697 409 2769 αὐτὴν
419 2697 485 2769 lym,
497 2704 578 2771 idque
588 2715 698 2757 secutus

155 2783 196 2828 est
209 2776 300 2827 Valla.
328 2778 508 2841 Nequaquam
523 2781 614 2837 recte,
627 2791 698 2838 eum,

154 2852 184 2896 ut
208 2846 279 2896 beue
303 2852 463 2896 monuerunt
485 2844 646 2910 Wesseling.
671 2852 698 2895 et

155 2915 303 2979 valensa,
329 2915 424 2965 matris
442 2915 517 2964 nulla
538 2918 698 2978 auctoritas,

155 2985 257 3036 nullum
275 2988 318 3035 ius
337 2986 364 3034 iu
384 2983 499 3034 filiarum
512 2984 696 3050 sponsalibus.

154 3055 279 3106 afferunt
290 3053 457 3118 Euripidem,
468 3057 495 3103 in
506 3057 584 3105 cuius
594 3055 699 3105 Andro-

154 3126 233 3176 meda
245 3125 344 3175 vs.987
357 3125 503 3174 Hermione
514 3124 650 3189 Spartana
660 3125 699 3174 sic

155 3196 307 3258 eloquitur:
334 3187 543 3258 νυμφευμάτων
562 3187 615 3256 γὰρ
640 3190 698 3242 τοῖν

154 3255 230 3329 ἐμῶν
258 3255 352 3328 πατὴρ
379 3256 444 3325 ἐμὸς
472 3260 611 3327 μέριμναν
641 3257 697 3324 ἕξει

154 3324 225 3384 κούκ
244 3323 314 3397 ἐμὸν
331 3331 440 3396 κρίνειν
454 3327 528 3382 τόδε.
564 3334 594 3383 ln
612 3333 696 3382 Hero-

155 3404 213 3453 doti
227 3403 321 3453 verbis
332 3403 430 3452 vocula
441 3416 493 3464 περ
509 3403 578 3453 male
589 3419 695 3468 quoquc

154 3476 234 3524 abest
246 3489 263 3522 a
274 3472 413 3523 Saucroiti
424 3472 507 3522 libro:
528 3475 654 3536 exposuit
664 3473 697 3523 dc

153 3544 233 3594 liuius
255 3542 370 3593 voculae
391 3542 420 3592 vi
437 3550 464 3592 et
484 3557 535 3592 usu
554 3543 694 3605 Hartung:

154 3613 242 3664 Lehre
256 3612 281 3661 d.
299 3612 402 3677 griech.
415 3612 520 3663 Partik.
537 3614 558 3661 1.
575 3628 600 3677 p.
618 3611 678 3662 343.

188 3677 236 3731 καὶ
248 3673 327 3731 dcirca
339 3675 499 3746 δημοσιέων
515 3675 591 3746 πέρι]
611 3680 698 3732 llucl·

155 3751 203 3803 leri
216 3752 381 3803 senteutiam
392 3752 426 3801 de
440 3751 482 3801 his
493 3766 577 3815 supra
591 3751 643 3800 iam
655 3757 696 3801 at·

154 3822 283 3881 tulimus;
297 3821 434 3887 approbat
444 3837 503 3872 earn
515 3820 641 3871 Gabriel:
656 3823 696 3872 De

156 3893 278 3957 magistr.
292 3892 509 3944 Lacedaemonn.
522 3906 585 3956 pag.
598 3891 622 3940 7.
655 3890 697 3941 Ad

156 3978 241 4012 rerum
251 3961 409 4012 militarium
419 3977 512 4011 euram
522 3961 630 4026 regibus
639 3976 698 4026 per-

156 4032 267 4082 missam
279 4047 373 4081 curam
385 4046 492 4097 quoque
504 4031 624 4092 viarum,
640 4030 698 4095 qni-

155 4102 205 4151 bna
228 4101 328 4153 milites
350 4106 505 4163 uterentur,
533 4101 698 4165 pertinuisse

157 4187 289 4223 unacum
307 4172 498 4222 iurisdictione
516 4170 552 4219 ad
570 4170 629 4219 rias
648 4169 698 4219 lias

157 4246 300 4305 spectante
310 4240 559 4305 controversiisque
571 4240 700 4290 dirimun-

157 4311 198 4360 dis
213 4313 315 4361 statuit
328 4311 511 4362 Sehocmanu:
531 4309 639 4359 Griech.
655 4307 699 4358 Al-

159 4381 285 4432 terthiim.
297 4382 319 4430 1.
330 4397 356 4445 p.
369 4380 430 4444 230,
445 4395 533 4444 neque
546 4379 626 4429 aliter
642 4380 699 4428 lere

159 4449 263 4503 iudicat
276 4450 388 4501 Curtius
413 4450 492 4517 (Vom
507 4449 630 4515 Wegbau
646 4453 699 4500 ete.

753 1103 794 1155 in:
804 1104 993 1156 Denkschrift.
1001 1104 1027 1159 d.
1035 1104 1108 1158 Berl.
1118 1102 1206 1158 Akad.
1219 1104 1292 1155 1854.

753 1191 780 1239 p.
797 1173 869 1240 246).
895 1177 960 1224 Cum
974 1191 1038 1225 vero
1051 1174 1077 1223 h.
1092 1174 1109 1228 l.
1125 1190 1179 1224 non
1191 1175 1225 1224 ds
1238 1175 1296 1224 via-

752 1260 811 1293 rum
828 1244 997 1311 publicarum
1015 1260 1081 1295 cura
1095 1247 1122 1294 in
1139 1247 1294 1294 universum

753 1329 841 1364 sermo
852 1314 899 1377 sit,
911 1315 960 1364 sed
974 1319 1079 1364 tantum
1094 1314 1127 1365 de
1137 1320 1296 1364 controver-

752 1384 812 1448 siis,
821 1385 844 1435 si
853 1399 923 1449 quae
934 1384 967 1433 de
978 1385 1030 1436 viis
1039 1384 1155 1449 publicis
1165 1390 1242 1434 ortae
1253 1400 1295 1434 es·

752 1460 828 1517 seut,
841 1453 1013 1517 dirimendis,
1026 1453 1078 1504 hoe
1088 1459 1228 1519 spectasse
1238 1469 1295 1503 cre-

751 1522 813 1573 dam
822 1524 876 1588 ,‚ad
888 1525 1010 1588 privatas
1021 1525 1208 1587 possessiones
1221 1538 1238 1571 a
1246 1538 1294 1589 pu-

750 1592 830 1643 blicis
853 1593 1036 1658 segregandas
1060 1592 1234 1657 locorumque
1257 1591 1293 1641 ad

750 1678 918 1714 communem
930 1665 1019 1712 totius
1034 1663 1127 1727 populi
1140 1677 1218 1712 usum
1231 1677 1294 1727 pro-

750 1733 914 1782 miscuorum
933 1732 999 1781 fines
1016 1733 1168 1791 tuendos,“
1187 1737 1217 1781 ut
1232 1746 1294 1796 pro·

750 1803 859 1851 nuntiat
869 1801 899 1852 C.
908 1802 939 1851 F.
949 1802 1088 1851 Hermann
1100 1802 1140 1849 iu:
1154 1801 1294 1850 Commen-

751 1876 802 1921 tat.
817 1870 850 1922 de
861 1870 982 1920 terminis
993 1870 1127 1935 (Gotting.
1141 1871 1218 1934 1846)
1228 1886 1293 1936 pag.

750 1944 784 1990 24
797 1957 853 2006 aeq.
877 1941 938 1991 coll.
957 1939 1066 1991 Griech.
1084 1940 1291 1990 Staatsaltertls.

749 2010 774 2072 ξ.
785 2012 827 2060 24,
839 2015 896 2060 not.
908 2010 949 2059 12.
977 2010 1047 2059 Viae
1059 2015 1151 2059 sutem
1167 2009 1293 2073 publicae

750 2080 848 2144 quanti
866 2080 994 2128 momenti
1014 2079 1115 2129 luerint
1131 2081 1158 2129 in
1174 2081 1293 2130 Graeco·

749 2164 809 2198 rum
824 2149 918 2211 rebus,
939 2150 1008 2199 satis
1027 2147 1121 2199 docuit
1140 2149 1212 2199 idem
1225 2148 1292 2200 Cur·

751 2219 805 2267 tius
826 2219 843 2268 l.
865 2219 883 2268 l.
901 2234 964 2284 pag.
980 2220 1031 2267 227
1051 2234 1125 2285 seqq.
1146 2219 1197 2269 243
1213 2234 1288 2284 seqq.

750 2289 888 2354 Quidquid
903 2289 987 2353 igitur
1005 2288 1038 2337 dc
1058 2289 1099 2337 his
1114 2285 1229 2350 statuis,
1249 2304 1291 2338 re-

749 2359 897 2408 iicieudum
907 2362 990 2418 certe,
999 2358 1072 2422 quod
1083 2358 1111 2407 in
1119 2364 1234 2408 mentem
1245 2373 1291 2408 ve·

750 2427 907 2477 nitNabero
915 2429 955 2492 (in
965 2427 1133 2490 Mnemosyn.
1143 2428 1224 2492 IV.p.
1235 2428 1291 2492 25),

751 2498 798 2561 qui
815 2499 844 2546 in
863 2496 914 2546 hoo
926 2497 1060 2546 Herodoti
1079 2497 1138 2547 loco
1151 2487 1291 2561 prociduis

748 2567 844 2632 reponi
855 2566 915 2618 vult
927 2563 1109 2630 προοοδών,
1132 2567 1189 2618 Nec
1203 2567 1291 2631 magis

748 2637 853 2701 placet,
870 2637 943 2701 quod
955 2637 1025 2685 idem
1039 2637 1081 2685 vir
1096 2636 1192 2686 doetus
1211 2635 1290 2700 (ibid.

749 2707 801 2756 111.
816 2722 841 2769 p.
854 2706 916 2769 480)
929 2708 1068 2770 proponit,
1081 2707 1109 2754 iu
1122 2707 1212 2756 verbis
1228 2705 1291 2755 sub-

748 2776 924 2840 sequentibus
940 2772 989 2822 noi
999 2765 1036 2836 ἤν
1050 2789 1091 2831 τις
1104 2766 1213 2824 θετὸν
1228 2776 1292 2823 παῖ-

749 2842 785 2893 δα
796 2837 946 2893 ποιέεσθαι
961 2836 1046 2909 ἐθέλῃ
1061 2845 1180 2895 abiicere
1195 2860 1291 2894 vocem

748 2907 853 2976 θετὸν,
877 2914 993 2979 quaein
1012 2914 1137 2964 omuibus
1157 2916 1290 2978 reperitur

748 2984 826 3035 codd.
847 2991 952 3033 etcum
977 2984 1005 3032 vi
1024 2983 1143 3047 quadam
1164 2983 1289 3033 consulto

750 3054 846 3103 addita
869 3052 986 3102 videtur.
1031 3052 1097 3116 Ipsa
1124 3068 1183 3117 res,
1208 3068 1290 3116 quam

747 3127 940 3174 commemorat
950 3121 1114 3186 Herodotus,
1128 3123 1162 3172 ad
1173 3121 1292 3172 semilia-

749 3209 807 3243 rum
821 3194 1006 3256 iutegritatem
1019 3192 1181 3242 servandam
1194 3190 1290 3255 procul

749 3263 831 3312 dubio
854 3260 987 3326 pertinuit
1004 3261 1121 3326 indeque
1139 3264 1221 3312 etiam
1245 3276 1290 3312 su·

747 3334 871 3397 spicatur
889 3331 1060 3381 Schoernaun
1083 3329 1137 3397 (Dc
1158 3332 1289 3382 Homoeis

746 3418 808 3468 pag.
823 3401 876 3466 17),
893 3401 935 3451 vel
946 3417 992 3451 eas
1006 3401 1177 3465 adoptiones,
1191 3402 1290 3467 quibus

747 3472 886 3522 ruothaces
900 3471 945 3536 qui
958 3472 1085 3521 dicuntur
1099 3469 1129 3536 (i.
1144 3488 1168 3524 e.
1185 3478 1289 3536 epatre

747 3544 886 3606 Spartano
899 3547 927 3592 et
947 3547 1033 3591 matre
1049 3541 1149 3591 ancilla
1168 3541 1239 3606 uati)
1261 3542 1290 3590 in

747 3613 888 3662 civitatem
903 3612 1009 3677 recepti
1024 3611 1095 3673 sint,
1118 3611 1227 3676 publica
1242 3626 1289 3660 au-

747 3682 876 3732 ctoritate
888 3668 981 3739 doram
995 3681 1104 3745 regibus
1118 3697 1178 3732 csse
1188 3680 1288 3731 iactas.

795 3748 922 3812 παρίζειν
951 3744 1119 3818 βουλεύουσι
1148 3752 1221 3799 τοῖσι
1248 3744 1290 3813 γε’-

748 3818 841 3884 ρονσι]
863 3820 881 3870 i.
902 3836 925 3873 e.
951 3821 1063 3871 assident
1082 3838 1166 3870 aenum
1187 3822 1290 3871 οοιιοιλὶο

747 3893 780 3940 de
803 3890 878 3939 rebus
897 3890 1004 3953 prrhlicis
1024 3890 1182 3940 deliberanti.
1219 3890 1290 3940 Nam

748 3952 894 4025 βουλεύειν
907 3975 997 4009 corum
1013 3964 1069 4020 est,
1091 3959 1136 4024 qui
1149 3957 1183 4008 ad
1199 3960 1289 4008 conei-

748 4029 814 4078 lium
830 4026 896 4076 illud
908 4030 966 4078 slve
979 4022 1099 4091 βουλὴν,
1113 4029 1157 4077 cui
1167 4027 1289 4091 publica·

749 4112 808 4148 rum
826 4113 914 4148 rerum
927 4112 994 4147 cura
1007 4098 1140 4162 permissa
1154 4103 1210 4156 est,
1228 4113 1289 4161 per-

750 4168 851 4228 tiuent3
879 4167 950 4217 uude
973 4181 1027 4215 non
1048 4168 1159 4229 mirum,
1184 4164 1290 4233 βουλῆς

750 4238 858 4287 nomine
878 4238 906 4285 in
929 4235 1090 4287 civitatibus
1107 4235 1200 4286 liberis
1218 4251 1291 4285 surn-

751 4324 794 4357 mo
809 4305 869 4356 loeo
883 4306 1075 4366 coustitutum,
1093 4306 1290 4371 Spartanorum

751 4392 858 4443 quoqne
882 4374 948 4426 illud
969 4375 1128 4438 concilium,
1155 4376 1227 4441 quod
1246 4391 1290 4441 γε·

750 4444 868 4512 ρουσίας
881 4443 1065 4514 appellatione
1083 4446 1164 4512 vulgo
1185 4450 1227 4498 est
1242 4462 1291 4500 no·
